2158 3848
195 185 320 247 570
636 163 653 197 Φ
727 201 964 247 mmm
1007 203 1446 248 SECUNDUS.

191 349 313 412 qua
353 332 710 397 narratione
749 329 1009 410 figurata
1052 352 1150 393 res
1195 343 1399 413 gestae
1459 353 1611 397 cum
1639 339 1828 412 fictis,
1881 341 1979 399 -fa-

192 432 339 492 buia
383 433 656 510 vulgaris
701 448 839 492 cum
885 432 1155 512 Orphica
1210 437 1483 494 oratorio
1539 439 1796 498 artificio
1841 457 1982 500 con-

191 542 360 592 texta
415 542 526 591 est.
611 530 777 590 Hinc
835 531 914 590 ad
968 532 1310 593 Firmicum
1366 538 1818 615 transgredior,
1875 543 1981 620 qui

188 634 304 692 hoc
346 631 815 708 mythologema
864 629 946 690 ad
998 631 1352 693 historicam
1405 632 1979 717 interpretationem

189 750 497 794 revocans
536 732 714 810 quasi
759 729 995 790 cladem
1041 731 1353 810 quandam
1396 729 1672 798 famuliae
1713 741 1982 819 impera-

189 834 386 892 toriae
441 833 510 891 in
551 831 757 891 insula
802 830 987 892 Creta
1031 829 1415 892 dominantis
1454 850 1714 898 enarrat.
1804 841 1983 912 „Li-

190 934 323 993 ber
382 931 608 995 Jovis
671 933 836 992 fuit.
888 930 1123 991 filius
1179 935 1389 1011 regis
1448 933 1771 1013 Cretici3
1858 940 1982 999 hic

189 1053 413 1113 quum
458 1034 748 1093 fuisset
791 1032 1159 1093 adultera
1203 1045 1446 1094 matre
1489 1040 1981 1118 progenitus,

187 1135 697 1194 nutriebatur
796 1133 996 1215 apud
1094 1143 1400 1214 patrem
1503 1138 1982 1211 studiosiuS,

189 1254 411 1316 quam
474 1235 819 1294 decebat.
925 1233 1129 1295 Uxor
1189 1234 1445 1311 Jovis,
1509 1241 1630 1298 cui
1690 1235 1981 1298 Junoni

184 1337 345 1396 fuit
430 1355 738 1407 nomen,
851 1336 1298 1397 novercali-s
1387 1340 1633 1417 animi·
1714 1340 1980 1400 furore

185 1443 572 1495 commota
628 1434 723 1494 ad
767 1454 1026 1494 necem
1088 1435 1427 1496 infantis
1474 1439 1978 1499 omnifariam

182 1534 538 1617 parabat*
587 1534 947 1594 insidias.
1052 1534 1583 1599 Proficiscens
1650 1558 1980 1619 peregre

181 1647 446 1717 pater,
490 1636 676 1716 quia
719 1635 1315 1714 indignationes
1362 1641 1654 1699 tacitas
1699 1640 1976 1699 sentie-

183 1738 316 1797 bat
378 1738 680 1810 uxoris‚
743 1736 1061 1796 idoneis
1128 1736 1592 1812 custodibus
1648 1726 1978 1800 tutelam

185 1837 536 1898 credidit
602 1837 790 1896 filii.
897 1837 1104 1897 Tunc
1168 1836 1367 1897 Juno
1445 1851 1977 1920 opportunum

182 1938 656 1998 insidiarum
715 1948 1020 2018 tempus
1072 1946 1299 1997 nacta
1361 1949 1434 1998 et
1490 1961 1580 1999 ex
1632 1942 1771 2002 hoc
1813 1942 1979 2001 for-

184 2041 346 2098 tius
389 2038 921 2110 inflammata,
966 2040 1148 2118 quia
1189 2040 1716 2118 proficiscen-s
1750 2050 1978 2123 pater

191 2149 268 2198 et
311 2139 598 2198 solium
644 2139 860 2215 regni
902 2157 1151 2218 puero
1203 2139 1638 2201 tradiderat
1691 2152 1766 2201 et
1818 2162 1981 2202 sce-

182 2250 477 2319 ptrum,
525 2238 892 2299 custodes
936 2241 1273 2320 primum
1317 2243 1770 2321 muneribus
1814 2263 1978 2316 cor,-

124 2328 432 2419 'rupit‚
495 2339 780 2401 deinde
837 2341 1246 2400 satellite-s
1302 2332 1512 2419 suos,
1581 2346 1713 2423 qui
1758 2344 1977 2405 Tita-

183 2459 314 2499 nes
375 2441 900 2513 vocabantur,
989 2442 1067 2499 in
1125 2443 1658 2504 interioribus
1717 2447 1977 2524 regiae

183 2542 391 2600 locat
446 2541 805 2620 partibus
866 2551 939 2600 et
996 2541 1456 2619 crepundiis
1515 2563 1601 2603 ac
1653 2525 1974 2625 speculo

184 2641 496 2700 affabre
557 2640 770 2699 facto
831 2642 1134 2699 animos
1196 2642 1312 2700 ita
1370 2643 1718 2721 pueriles
1781 2645 1974 2703 alle-

184 2744 333 2815 xit,
397 2752 477 2800 ut
538 2741 878 2800 desertis
939 2741 1183 2818 regiis
1245 2741 1714 2821 sedibuslad
1773 2746 1971 2804 insi-

187 2842 491 2902 diarum
549 2841 801 2899 locum
865 2840 1296 2900 duceretur.
1413 2843 1564 2902 Hic
1635 2846 1973 2904 interce-

186 2953 366 3023 ptus
414 2940 865 3001 trucidatur
907 2980 991 2987 —
1033 2978 1118 2986 ——-
1177 2943 1514 3003 membra
1571 2947 1975 3006 conscissa

188 3043 627 3103 satellitum
689 3042 844 3102 sibi
908 3041 1509 3126 dividitlturba.
1616 3045 1827 3106 Tunc
1873 3081 2022 3105 ·—-v

190 3143 515 3203 decocta
577 3145 808 3223 pueri
868 3130 1755 3221 inembra‘eons-umunt3
1844 3166 1969 3207 cor

188 3246 442 3305 visum
492 3244 626 3322 (leg.
674 3244 974 3322 divisum)
1021 3244 1174 3304 sibi
1219 3264 1441 3306 soror
1485 3255 1788 3320 servat,
1843 3248 1969 3306 cui

186 3346 538 3406 Minerva
586 3345 738 3405 fuit
781 3365 1177 3406 nomen—
1224 3346 1432 3407 Haec
1475 3366 1795 3409 reverso
1840 3344 1970 3406 Jo-
