2158 3848
234 210 355 270 732
507 211 510 217 '
755 226 992 270 mmm
1035 227 1464 273 sucuNous

369 350 500 404 ἀλλὰ
529 349 715 424 χρόνος
750 350 889 424 λήθῃ
925 352 1315 457 κατεχρήσατο.
1310 359 1393 408 καὶ
1430 358 1732 428 κατέκρυψε.

366 442 455 490 νῦν
487 459 539 490 τε
573 439 740 505 τέχναι
777 460 829 491 τε
865 438 1003 510 λόγοι
1030 461 1082 492 τε
1116 436 1262 506 νόμοι
1260 425 1366 505 θ’,
1405 439 1504 493 ὅσα
1532 440 1573 493 τ’
1604 441 1725 512 ἔργα
1750 444 1996 510 τέτυκται,

365 519 532 574 πάντα
567 523 650 574 διὰ
684 522 891 592 μνήμην
924 520 1223 587 διασώζεται
1259 523 1638 596 οἰνθρώποισι[θ
1645 531 1680 593 ].

226 623 399 683 Prior
453 643 628 703 pam,
698 626 870 702 cujus
926 625 1126 683 exitus
1181 624 1330 685 alibi
1390 630 1675 702 recurrit,
1734 630 2002 709 explica-

224 726 393 786 tione
445 724 598 782 nihil
644 733 806 802 eget3
861 734 1240 804 postremam
1285 726 1602 788 clariorem
1644 729 1780 806 fore
1821 739 2001 809 puta-

222 827 472 898 bamus,
527 825 579 882 si
635 842 852 884 versus
909 825 1144 904 aliquot
1196 834 1444 886 nostrae
1485 838 1771 890 monetae
1813 832 2000 892 inter-

213 928 601 1004 jecissemus:

352 1038 432 1092 ‘H
458 1039 515 1092 δὲ
549 1039 630 1090 καὶ
666 1035 914 1108 ἁρμονίην
949 1037 1210 1090 Μουσέων
1245 1037 1310 1090 τά
1342 1059 1394 1090 τε
1433 1036 1628 1109 ὄργανα
1661 1037 1828 1093 πάντα

358 1123 662 1194 μνημοσύνη
698 1120 903 1175 πάντων
936 1127 1141 1193 πρῶτον
1172 1112 1353 1192 πόρεν,
1391 1114 1452 1190 ἧς
1486 1121 1775 1194 ἀπάτερθεν

358 1210 473 1263 οὔτε
509 1231 557 1262 τι
595 1205 803 1275 ὃήναιον
838 1204 1132 1273 διεσώζετο,
1174 1206 1276 1259 οὔτ’
1315 1207 1378 1259 ἂν
1411 1206 1634 1278 ἐφάνθη,

360 1295 491 1347 ἄλλα
513 1292 704 1363 χρόνος
736 1291 875 1362 ληθῃ
911 1324 983 1333 —
1022 1325 1085 1331 —-

218 1397 436 1477 quibus
492 1376 861 1454 sententiam
928 1402 1184 1472 poetae,
1252 1413 1376 1453 non
1446 1395 1668 1470 verba,
1734 1395 1993 1463 reddere

213 1498 405 1558 volui.
449 1496 627 1554 Patet
671 1505 877 1552 autem
921 1493 1071 1552 haec
1115 1513 1149 1551 e
1178 1492 1588 1571 Pythagorae
1603 1506 1811 1567 mente
1835 1496 1995 1568 dici,

213 1599 383 1676 cujus
438 1606 833 1677 praeceptum
892 1602 1026 1652 erat
1080 1594 1196 1672 τὴν
1251 1593 1504 1674 μνήμην
1558 1598 1770 1661 ἀσκεῖν
1812 1596 1993 1675 Diog.

212 1699 319 1758 La.
380 1697 542 1756 'VII-I.
585 1696 643 1755 6.
676 1693 1010 1754 Jamblich.
1055 1693 1127 1752 V.
1172 1712 1234 1773 p.
1278 1693 1511 1754 XXIX.
1563 1696 1699 1756 166.
1745 1715 1996 1757 consen-

212 1801 369 1857 tiens
413 1796 565 1856 illud
585 1812 603 1870 ,’
647 1804 718 1854 ut
759 1796 1055 1875 pleraque
1099 1795 1504 1872 Pythagorea,
1547 1792 1995 1878 Aegyptiorum

211 1900 413 1971 scitis,
471 1896 607 1977 qui,
668 1906 739 1956 ut
779 1895 1140 1956 Herodotus
1185 1897 1274 1954 ait
1317 1897 1393 1955 II.
1437 1898 1538 1956 77.
1581 1896 1835 1978 μνήμην
1879 1901 1993 1962 οἷν-

210 1996 494 2080 θρώπων
536 1996 796 2061 πάντων
838 1997 1203 2058 ἐπασκέουσι
1245 1994 1550 2077 μάλιστα,
1610 2006 1672 2058 et
1714 1997 1991 2057 Platonis

210 2099 551 2158 sententiae
593 2098 751 2157 hanc
794 2095 975 2154 deam
1020 2113 1170 2174 prae
1214 2098 1429 2155 ceteris
1474 2096 1884 2176 praedicantis
1925 2100 1994 2157 in

213 2197 359 2259 Crit.
401 2217 461 2277 p.
514 2198 650 2256 108.
695 2197 775 2256 D.
820 2194 1033 2274 Neque
1074 2193 1141 2253 id
1184 2194 1588 2276 Apollonium
1631 2197 1794 2276 fugit
1828 2197 1991 2276 Tya-

208 2318 421 2372 neum,
466 2299 570 2378 qui
613 2307 684 2356 ut
726 2296 1111 2373 Pythagorae
1154 2296 1419 2355 similior
1460 2296 1807 2371 videretur,
1860 2297 1991 2357 Me-

208 2401 442 2459 moriae
515 2397 728 2457 laudes
796 2397 1029 2474 hymno
1064 2395 1451 2470 ·celebravit,
1517 2398 1689 2476 cujus
1746 2416 1990 2460 summa

209 2509 340 2558 erat
393 2497 601 2561 πάντα
655 2497 775 2559 ὑπὸ
834 2505 947 2583 τοῦ
985 2495 1223 2578 χρόνοι·
1267 2497 1726 2580 μαραίνεσθαι,
1788 2497 1986 2563 αὐτόν

207 2625 276 2684 γε
335 2599 461 2680 μὴν
525 2593 638 2660 τὸν
698 2595 936 2679 χρόνον
1004 2596 1216 2679 ἀγήρω
1283 2598 1390 2659 καὶ
1443 2595 1775 2662 ἀθάνατον
1828 2601 1986 2662 εἶναι

207 2700 377 2782 παρὰ
418 2695 820 2779 μνημοσύνης
862 2694 1148 2754 Philostr.
1193 2694 1265 2753 V.
1308 2694 1514 2776 Apoll.
1558 2698 1603 2754 I.
1654 2696 1748 2755 14.
1793 2717 1982 2776 quan-

206 2818 388 2878 quam
432 2797 500 2856 id
542 2797 852 2858 nonnullis
897 2796 1075 2855 aliter
1116 2796 1338 2856 visum.
1395 2791 1758 2856 Aristoteles
1801 2797 1982 2874 Phys,

206 2899 386 2959 Auso.
442 2897 544 2958 IV.
606 2895 701 2955 13.
757 2896 859 2955 90.
921 2898 980 2958 οἱ
1032 2894 1149 2977 μὲν
1207 2894 1576 2978 σοφώτατον
1619 2900 1825 2982 ἔλεγον
1868 2901 1980 2962 τὸν

199 2998 467 3081 χρόνον,
529 2999 560 3060 ὃ
606 2996 675 3059 δὲ
722 2993 1163 3080 Πυθαγόρειος
1208 2995 1451 3079 Πάριον
1484 2994 1559 3077 [⁶]
1615 2998 1978 3079 ἀμαθέστα-

205 3122 350 3172 τον,
407 3099 502 3161 ὅτι
559 3095 1086 3160 ἐπιλανθάνονται
1143 3101 1210 3159 ἐν
1265 3095 1485 3178 τούτῳ.
1584 3097 1682 3156 De
1726 3097 1976 3179 Orpheo
2062 3119 2064 3122 ’

324 3240 340 3295 [
352 3240 389 3295 ⁶]
423 3240 471 3284 In
501 3240 635 3296 primo
666 3253 792 3282 versu
823 3239 1091 3282 Hermannus
1121 3238 1257 3281 edidit
1285 3240 1423 3281 ταῦτα
1452 3240 1541 3281 καὶ.

325 3309 389 3368 [ἃ]
422 3313 668 3383 Simplicius
698 3313 753 3355 ad
785 3304 1317 3360 11.1.178.1).οὗτος
1346 3311 1387 3354 δ’
1418 3313 1564 3355 ἔοικεν
1593 3308 1708 3356 εἶναι
1738 3305 1793 3357 οὗ
1822 3309 1973 3368 Εύδη-

206 3389 290 3430 μσς
321 3367 566 3429 ἀνωνιίιως
596 3372 681 3429 ἰμι
687 3367 825 3427 ήσΊη,
870 3373 1013 3429 λεγων
1056 3370 1105 3414 ἓν
1142 3369 1363 3428 Ὀλυμπία
1394 3370 1654 3429 Σιμωνίδου
1685 3372 1975 3422 ἐπαινοῦντος
