2158 3848
202 207 325 266 772
729 214 1436 285 LIBERSECUND-US.

205 347 280 408 ab
336 348 460 408 alio
503 355 678 428 patre
721 350 785 406 iu
829 348 1017 408 simili
1061 366 1199 407 casu
1247 347 1575 406 constituto
1619 343 1974 423 pronuntia·-

204 460 301 519 tus
343 442 605 534 videtur.
709 447 820 517 Sic>
854 447 1223 527 Amphitruo
1268 445 1593 506 Herculem
1640 442 1978 502 obtestatur

204 538 346 629 per*
395 554 660 606 sancta
714 548 1044 622 generis,
1080 564 1298 613 sacra
1356 540 1562 604 Senec.
1607 542 1786 603 Herc.
1831 543 1975 602 Fur.

164 645 389 722 ‘'1244.
414 654 498 704 et
541 662 722 717 versa
765 646 902 706 vice
945 644 1133 722 Argia
1175 643 1534 716 Adrastum·
1555 652 1815 724 patrem,
1858 640 1894 700 J
1910 659 1989 708 u-¹

204 765 283 805 ra
364 744 582 803 deum
654 745 1042 822 genitalia
1111 753 1360 803 testor
1426 750 1660 821 teque
1727 743 1977 821 pater!

205 846 356 904 Stat.
403 844 591 903 Theb.
634 845 739 905 111.
785 844 927 918 690.
971 843 1264 904 Libanius
1308 842 1490 922 Apol.
1537 837 1718 903 Caeci
1745 859 1819 920 p..
1837 837 1980 900 751.

205 945 273 1004 T.
343 944 444 1003 lv.
517 943 636 1029 ἐγώ
706 946 860 1027 πρὸς
927 942 1220 1028 πατρῴου
1289 942 1389 1005 καὶ
1441 939 1800 1027 γενεθλίου,
1867 940 1978 1004 τὸν
2039 1023 2044 1026 ¹

204 1045 355 1127 ἐμὸν
398 1045 634 1127 πατέρα
677 1043 1131 1127 ὃιεχρησάμηνς
1175 1043 1416 1104 Arrian.
1463 1041 1660 1120 Epict.
1694 1040 1899 1104 11132.
1923 1038 1981 1108 6.

159 1210 162 1212 ‚
204 1143 346 1204 403.
391 1147 466 1217 οὔ
509 1169 618 1225 μοι
663 1145 844 1225 θέμις
886 1147 1092 1227 πατέρ’
1140 1146 1463 1225 ἀτιμῆσαι·
1510 1141 1664 1222 πρὸς
1685 1141 1807 1226 γὰρ
1837 1137 1983 1208 Διός

205 1243 671 1312 εἶσινᾶπαντες
714 1250 846 1318 τοῦΙ
873 1242 1393 1327 πατρῴου-καὶ
1437 1243 1495 1303 οἱ
1537 1240 1798 1322 ἀδελφοὶ
1831 1240 1984 1322 πρὸς

204 1339 353 1410 Διός
397 1346 513 1402 εἰσι
555 1349 677 1414 τοῦ,
715 1329 1034 1427 ὅμογνίοὺ.
1083 1342 1498 1420 Similiterque
1543 1340 1683 1402 θεοὶ
1706 1346 1986 1421 πατρῷοι

201 1441 376 1502 varie
418 1439 870 1518 intelliguntur3
914 1442 1188 1521 primum
1233 1441 1318 1514 hi,
1366 1458 1518 1519 quos
1567 1455 1778 1497 omnes
1825 1438 1985 1515 ejus-

205 1538 349 1599 dem
405 1539 573 1600 urbis
643 1542 807 1602 cives
865 1550 1258 1601 venerantur·
1288 1542 1422 1602 sive
1478 1548 1548 1598 ut
1601 1538 1836 1615 generis
1866 1537 1988 1596 ..sui

210 1647 491 1699 auctores
563 1641 696 1701 sive
762 1650 831 1700 ut
889 1642 1183 1705 civitatis
1214 1649 1676 1701 conservatores
1705 1638 1795 1717 [W]
1854 1646 1988 1696 tum

207 1741 371 1817 genii
425 1750 752 1820 parentum
810 1742 1203 1820 omniumque
1246 1751 1410 1800 retro
1456 1740 1795 1816 majorum,
1856 1746 1988 1796 tum

206 1837 448 1918 Jupiter
490 1839 698 1919 diique
742 1857 954 1899 omnes
998 1850 1294 1920 paternae
1338 1839 1990 1899 auctoritatistutores

209 1946 272 1996 et
315 1938 590 1999 vindices
609 1941 717 2019 [¹]‚
762 1949 1079 2019 postremo
1106 1941 1308 2018 hujus
1352 1941 1550 2018 ipsius
1593 1938 1836 2016 paterni
1879 1955 1999 1996 no-.

327 2109 394 2165 [w]
428 2110 482 2150 v.
512 2110 562 2151 P.
594 2109 677 2152 111.
709 2125 745 2152 c.
776 2110 855 2154 111.
888 2113 927 2164 §—
959 2109 1000 2153 3.

330 2187 391 2244 [1]
424 2188 617 2230 Justinus
646 2188 702 2232 X.
745 2189 787 2232 2.
832 2183 955 2232 dum
999 2190 1154 2247 patri
1196 2189 1450 2232 insidias
1478 2191 1644 2246 parat
1673 2187 1986 2244 deprensus

212 2259 431 2302 poenas
472 2247 787 2303 parricidii
829 2248 946 2290 diis
990 2253 1275 2305 paternae
1317 2247 1649 2304 majestatis
1693 2245 1988 2288 ultoribus

215 2303 326 2345 dat.
366 2304 517 2347 Livius
557 2306 594 2348 I.
635 2305 705 2347 59.
742 2306 1019 2350 invocati
1048 2307 1275 2350 ultores
1304 2310 1606 2364 parentum
1636 2304 1725 2348 dii.
1755 2303 1820 2346 Et
1845 2303 1898 2346 L.
1928 2304 1989 2346 H.

215 2361 256 2402 6.
287 2361 372 2404 dii
400 2377 591 2418 regum
619 2364 845 2407 ultores
876 2366 1102 2418 adeste,
1146 2366 1221 2421 qui
1261 2381 1287 2408 a
1318 2365 1501 2408 Graecis
1531 2369 1742 2407 vocantur
1770 2364 1873 2406 θεοὶ
1900 2367 1989 2418 βα-

216 2421 388 2463 σίλειοι.
447 2422 541 2464 Hos
584 2422 823 2477 Cambyses
865 2424 1040 2467 invocat
1078 2424 1271 2467 Herodo.
1306 2425 1387 2467 III.
1427 2423 1498 2466 66.
1529 2427 1572 2465 et
1601 2422 1761 2464 Darius
1789 2421 1904 2464 Plut.
1935 2421 1990 2463 de

217 2475 339 2519 Fort.
380 2478 500 2520 Alex.
540 2480 599 2524 II.
631 2480 671 2522 6.
702 2481 772 2524 65.
814 2496 892 2538 per
931 2483 1009 2524 hos
1040 2483 1247 2525 Seleucus
1272 2483 1393 2538 jurat
1423 2483 1606 2539 Appian.
1636 2482 1736 2535 Syr.
1766 2479 1860 2522 LX.
1890 2478 1989 2522 628.

218 2539 262 2577 et
289 2535 514 2578 Histiaeus
556 2551 650 2579 cum
679 2538 815 2580 Dario
859 2540 1105 2596 colloquens
1133 2541 1324 2584 Herodo.
1355 2542 1409 2583 V.
1444 2541 1541 2583 106.
1586 2544 1631 2581 et
1669 2553 1746 2580 rex
1785 2538 1880 2594 ipse
1919 2552 1987 2594 ap.

217 2592 530 2650 Dion'Chrys.
570 2596 647 2637 Or.
689 2595 877 2640 LXXIV
919 2597 1019 2640 399.
1062 2600 1233 2654 regales
1278 2601 1381 2642 deos
1419 2605 1549 2642 vocat
1589 2598 1781 2641 Justinus
1809 2594 1886 2638 XI.
1919 2595 1988 2637 15.

216 2651 381 2694 Eodem
420 2652 643 2696 intellectu
682 2651 799 2703 Ζεὺς
835 2658 1058 2710 βασίλειος
1095 2657 1274 2699 Lucian.
1314 2658 1477 2712 Navig.
1521 2660 1562 2709 §.-
1605 2655 1676 2698 32.
1714 2669 1756 2709 p.
1799 2652 1896 2696 183.
1928 2653 1987 2699 T.

218 2710 339 2753 VIII.
380 2725 502 2766 quem
545 2711 706 2754 Darius
746 2713 989 2756 obtestatur
1029 2710 1098 2770 ap.
1129 2714 1298 2756 Arrian.
1329 2714 1453 2756 Alex.
1482 2708 1560 2756 IV.
1591 2713 1664 2756 20.
1704 2710 1796 2754 ἀλλ’
1831 2704 1865 2755 ὦ
1896 2714 1990 2756 Ζεῦ

219 2770 404 2824 βασιλεῦ
445 2767 531 2826 ὅτῳ
561 2771 889 2839 »ἐπιτέτραπται
928 2774 1083 2830 νέμειν
1123 2769 1177 2814 τὰ
1215 2773 1437 2828 βασιλέων
1473 2767 1733 2831 πράγματα.
1764 2770 1894 2827 idque
1922 2771 1990 2812 in-

215 2827 332 2882 juste
360 2828 636 2884 reprehendit
665 2829 938 2872 Samtecroix
967 2830 1011 2872 in
1038 2830 1191 2872 Exam.
1222 2845 1263 2888 p.
1293 2831 1393 2873 427.
1441 2843 1520 2886 pro
1549 2831 1658 2873 Jove
1689 2828 1895 2871 Mithram
1923 2829 1991 2871 in-

221 2885 458 2928 vocandum
486 2887 619 2937 fuisse
649 2888 907 2930 contendens
938 2889 992 2931 cf.
1023 2888 1205 2931 Dorvill.
1237 2889 1291 2931 ad
1323 2888 1490 2931 charit.
1521 2889 1574 2930 V.
1605 2888 1645 2930 7.
1675 2886 1775 2930 491.
1818 2886 1991 2944 Jupiter

222 2944 332 2986 enim
374 2944 535 2999 regalis
573 2946 755 2989 omnium
782 2960 930 3002 regum
961 2947 1188 2989 communis
1217 2952 1333 2990 tutor
1361 2951 1440 2989 est.
1499 2946 1558 2988 Ei
1586 2951 1711 3004 pater
1739 2944 1890 2988 Midae
1918 2959 1990 2988 sa-

222 3001 389 3044 crificat
429 3003 483 3045 ob
525 3004 753 3057 somnium,
794 3005 908 3061 quod
947 3005 1037 3049 filio
1074 3020 1251 3061 regnum
1292 3005 1603 3063 portendebat,
1634 3002 1804 3047 Art-ian.
1834 3004 1916 3046 ΙΙΙ.
1947 3003 1987 3046 5.

222 3058 319 3102 155.
361 3059 606 3104 Alexander
650 3062 843 3119 Memphi
871 3060 974 3107 θύει
1013 3066 1074 3120 τῷ
1104 3066 1188 3107 Διῒ
1210 3066 1270 3121 τῷ
1298 3066 1485 3119 βασιλεῖ,
1517 3063 1591 3121 qui
1618 3062 1727 3104 idem
1760 3066 1826 3104 est
1852 3064 1988 3118 βασί-
2068 3057 2071 3060 ’
2155 3051 2158 3055 ’

221 3118 348 3166 λειος.
379 3117 591 3163 Themist.
632 3120 712 3164 Or.
745 3121 861 3163 XVI.
891 3122 992 3164 201.
1022 3123 1074 3164 A.
1115 3120 1230 3172 Ζεὺς
1268 3125 1491 3178 βασίλειος
1519 3123 1596 3165 καὶ
1623 3118 1738 3179 μετὰ
1766 3123 1846 3163 τοῦ
1875 3117 1986 3168 Διὸς

226 3173 357 3225 αὐτὸς
383 3175 603 3230 βασιλεύς.
636 3179 908 3235 Sophonisba
939 3179 1236 3224 Massinissam
1266 3183 1487 3225 obtestans
1515 3194 1594 3237 per
1622 3179 1887 3234 majestatem
1916 3193 1987 3220 re-

222 3233 335 3305 giam
365 3233 461 3294 Liv.
492 3235 628 3279 XXX.
662 3237 730 3280 12.
760 3239 798 3280 si
827 3250 986 3294 graece
1013 3239 1288 3296 loqueretur,
1321 3239 1400 3284 τὸν
1431 3242 1520 3282 Δία
1550 3237 1629 3283 τὸν
1656 3238 1886 3292 βασίλειον
1914 3236 1983 3279 vel

224 3306 325 3341 τους
362 3295 614 3347 βασιλείους
651 3292 787 3346 θεούς
826 3296 1076 3353 appellaret.
1108 3299 1282 3343 Curtius
1312 3299 1387 3341 IV.
1412 3299 1487 3342 10.
1520 3297 1588 3342 30.
1621 3297 1698 3340 hos
1729 3295 1863 3338 deos
1895 3308 1982 3352 pa-

222 3350 333 3391 trio
351 3365 370 3392 s
398 3351 559 3409 (regis)
591 3354 809 3398 nominare
838 3355 1020 3399 videtur.

2142 3721 2158 3848 unximu-
2142 3648 2158 3707 2.-';
2148 3614 2158 3631 ,Α
2155 3580 2158 3588 -
2155 3533 2158 3545 -
