2158 3848
751 204 1317 251 ..onfrffillcst⁴
1820 196 1948 261 667

172 358 481 415 sacrorum
553 337 984 414 Phrygiarum
1021 333 1361 393 antistites
1395 352 1636 413 venena
1691 356 1950 421 coquens

173 451 355 518 atque
397 439 574 497 alias.
597 447 760 497 artes
802 435 1070 512 magicas
1085 429 1156 515 [ἰ]
1213 452 1508 503 exercerffi
1529 434 1751 495 ¹solitos
1795 458 1948 515 esse,

171 538 346 596 Philo
391 534 1106 612 testatur‚.·L.·‘.fI}.jLegg.‘
1146 533 1322 613 Spec.
1367 553 1429 614 p.
1452 533 1772 594 79242ubi
1813 556 1947 598 ma-

170 639 331 716 giae·
359 637 761 709 theoreticae,
776 653 970 695 swa-eru
978 654 1038 693 m
1098 633 1452 695 divinarum
1505 635 1949 715 specu-latriciS,

167 735 548 820 πᾰρᾶκομμα
604 734 915 818 quoddam
970 742 1283 816 repertum
1339 753 1475 795 esse
1529 734 1724 809 dicit,
1743 785 1745 789 .
1762 761 1950 813 κακο-

167 837 416 918 τεχνίαν
457 838 665 911 illam,
706 838 787 918 ἣν
827 834 1257 922 μητραγύρται
1299 836 1406 898 καὶ
1446 835 1807 918 βωῑιιολόχοιΤ
1840 865 1951 928 ,ιω-ψ

168 938 335 1002 τίασι
400 940 506 1001 καὶ
557 945 877 1024 γυναικῶν
932 937 1038 1017 καὶ
1093 934 1519 1019 ἀνδραπόδων
1558 942 1652 999 Υτοὶ
1711 937 1950 1020 φαυλὼ

168 1062 358 1112 τατα,
412 1037 820 1122 περιμάττειν·
839 1037 965 1099 Ικαὶ
1015 1036 1348 1118 καθαίρειν.
1389 1037 1950 1122 κατεπαγγελλόμε-

168 1161 272 1211 να,
316 1139 422 1199 καὶ
465 1139 836 1222 στέργοντας
875 1135 994 1217 μὲν
1037 1141 1122 1205 εἰς
1166 1134 1506 1214 ἀνήκεστον
1538 1137 1653 1215 τὴν
1689 1140 1950 1220 ἔχθραν,

166 1245 508 1317 μισοῦντας
549 1236 620 1299 δὲ
665 1242 748 1305 εἷς
791 1237 1043 1299 εὔνοιαν
1087 1237 1257 1305 ἄξειν
1299 1234 1952 1321 ὖπισχνούμενανφίλ-

165 1344 333 1418 τροις
385 1337 491 1399 καὶ
545 1337 840 1417 ἐπῳδαῖς·
897 1354 1054 1415 quae
1113 1335 1329 1394 eadem
1376 1345 1507 1394 erat
1552 1335 1952 1416 Orpheotele-

165 1445 400 1496 starum
446 1435 772 1516 professio,
834 1480 838 1483 ψ

335 1536 405 1596 Si
460 1556 608 1597 vero
664 1556 699 1594 e
754 1536 1173 1595 Demosthene
1216 1555 1342 1596 non
1385 1546 1676 1618 apparet,
1721 1538 1950 1600 Ninum

168 1647 422 1716 propter
474 1647 866 1696 externorum
920 1655 1233 1697 sacrorum
1280 1639 1511 1698 cultum
1554 1650 1755 1700 morte
1796 1643 1951 1702 mul-

169 1748 359 1798 tatam
405 1757 569 1809 esse,
613 1756 739 1796 non
782 1738 925 1796 licet
969 1737 1109 1796 hinc
1153 1738 1542 1812 concludere,
1587 1760 1707 1820 qua
1751 1752 1952 1803 aetate

168 1837 431 1898 Sabazia
497 1839 762 1909 occulte,
797 1855 950 1916 qua
1015 1837 1224 1917 palam
1292 1849 1354 1897 et
1422 1843 1769 1919 promiscue
1820 1843 1950 1901 coli

166 1948 383 2018 coepta
414 1940 577 1998 sint.
677 1935 974 2014 Quinimo‘
1028 1956 1104 1996 an
1161 1938 1357 1997 ullum
1403 1959 1713 2000 sacrorum
1758 1962 1949 2021 genus

165 2038 428 2118 publicis
482 2038 953 2098 Atheniensium
1011 2038 1245 2115 legibus
1307 2041 1689 2119 prohibitum
1746 2043 1950 2118 fuerit,

164 2140 560 2199 vehementer
605 2137 853 2211 dubito,
912 2150 977 2197 et
1019 2137 1301 2217 quidem,
1360 2159 1479 2219 quo
1527 2141 1760 2203 diutius
1807 2163 1951 2203 con·

165 2239 392 2314 sidero,
435 2258 591 2319 quae
632 2240 700 2296 in
744 2257 877 2297 eam
923 2258 1058 2297 rem
1100 2239 1302 2297 afferri
1346 2240 1565 2314 solent,
1611 2250 1786 2302 tanto
1822 2262 1952 2303 ma-

166 2342 277 2418 gis,
374 2339 881 2400 Hemsterhusius
939 2338 1020 2398 ad
1076 2339 1345 2416 Hesych.
1404 2355 1476 2398 ss
1507 2342 1651 2404 Θεοὶ
1706 2345 1950 2418 ξεγιχοί,

166 2459 353 2520 quum
411 2439 720 2500 docuisset
761 2439 1239 2517 Genetyllidem,
1287 2438 1771 2518 Corythalliam,·-
1799 2444 1954 2504 Phe-

164 2560 409 2614 raeam,
464 2538 850 2612 Isodaetam‚
906 2540 1176 2618 Hyem,
1207 2561 1245 2600 a
1302 2542 1734 2603 Grammaticis
1778 2565 1952 2625 pere-

164 2643 372 2720 grinos
415 2642 723 2700 nominari
765 2640 950 2715 deos,
992 2641 1178 2715 hos,
1203 2641 1408 2715 addit,
1453 2662 1600 2702 non
1643 2646 1794 2704 nis'i
1828 2664 1952 2726 pu-

167 2740 375 2801 blico
444 2741 785 2803 consilio
853 2744 1240 2803 conscisci
1311 2745 1569 2817 licum
1659 2746 1724 2804 si
1780 2731 1950 2825 qui-s

169 2856 382 2902 secus
469 2841 836 2914 fecisset,
942 2845 1312 2923 capitalis
1400 2854 1571 2903 erat
1655 2863 1952 2925 poenae

173 2959 347 3000 reus
402 2961 463 3003 v.
525 2938 829 3021 Ioseph.
889 2965 936 3003 c.
979 2942 1099 3026 Ap.
1144 2945 1368 3005 IL37.
1412 2946 1556 3005 493.
1600 2948 1950 3027 receptis

172 3040 527 3104 ἐπίθετοι
608 3043 876 3125 ἑορταί
957 3045 1404 3106 celebratae
1471 3057 1648 3106 sunt
1719 3048 1948 3116 Isocr.

172 3140 446 3221 Areop.
503 3162 550 3202 c.
608 3142 715 3202 XI.
803 3144 1081 3205 Primum
1132 3156 1341 3205 contra
1385 3147 1535 3206 haec
1576 3148 1950 3208 monendum

291 3307 357 3366 [ἱ]
393 3311 628 3369 conjungit
658 3315 763 3357 haec
795 3315 921 3358 etiam
956 3317 1208 3361 Plutarchus
1240 3318 1292 3359 (le
1322 3318 1513 3374 Superst,
1549 3302 1620 3361 vl}
1653 3320 1720 3363 79.
1753 3327 1947 3379 γοητεῖαι

173 3371 248 3412 καὶ
276 3374 463 3427 μαγεῖαι.
495 3376 570 3415 καὶ
600 3372 869 3431 περιδρομαὶ
905 3378 978 3418 καὶ
1009 3378 1318 3433 τυμπανισμοὶ
1350 3379 1422 3423 καὶ
1453 3382 1697 3436 καθαρμοί.
