2158 3848
185 203 267 263 56
350 202 367 216 ”
776 212 1011 255 LIBER
1052 212 1363 256 PRIMUS.

180 348 313 405 trix
354 344 435 407 τὰ
472 345 652 429 ὄργια
686 352 791 424 τῆς
827 349 983 409 θεοῦ
1025 347 1364 408 κατέπαυσε
1401 345 1505 407 καὶ
1548 341 1954 426 συνεκάλυψε,

182 446 353 522 cujus
395 446 764 504 contrarium
802 444 911 505 sed
947 447 1241 505 translate
1266 445 1431 503 dixit
1451 444 1792 520 Dionysius
1817 442 1961 504 Hal.

184 544 299 624 Ep.
359 542 436 603 de
490 545 723 604 Praecc.
781 545 944 604 Hist.
1002 566 1048 604 c.
1106 546 1209 605 vl.
1250 543 1395 605 785.
1441 543 1510 603 T.
1554 543 1657 602 VI.
1718 544 1798 605 τὰ
1839 569 1960 626 μυ-

183 641 400 726 στήρια
434 647 567 727 (τῆς
601 643 843 725 κακίας)
887 644 1303 708 ἐκκαλύπτειν.
1347 645 1621 723 Propert.
1646 642 1749 702 IV.
1776 643 1836 701 9.
1861 642 1961 702 26.

183 762 400 803 sacra
452 753 825 821 retegere.
913 744 1040 804 Nec
1097 743 1339 804 difficile
1384 743 1462 803 ad
1507 741 1964 823 suspicandum,

185 842 352 922 quod
416 862 602 921 genus
671 863 877 902 rerum
947 844 1177 903 fuerint
1239 844 1350 902 illa
1418 845 1602 920 orgia.
1688 842 1966 922 Namque

185 941 543 1001 Theocritus
598 942 824 1003 XXVI.
869 945 928 1002 7.
972 942 1355 1007 Maenadum.
1389 941 1761 1002 Sacrificium·
1794 961 1966 1002 enar-

181 1058 341 1100 rans.
369 1050 430 1099 et
472 1053 542 1101 ut
583 1042 796 1122 Agave
839 1053 1163 1124 conspecto
1209 1044 1479 1103 Pentheo
1521 1042 1875 1122 prosiluerit

395 1152 502 1207 Σὺν
523 1155 567 1207 δ’
593 1153 802 1227 ἐτάραξε
830 1146 981 1210 ποσὶν
1001 1155 1284 1224 μανιώὸεος
1304 1155 1450 1227 ὄργια
1479 1153 1690 1222 Βάκχου
1744 1173 1750 1178 ’
1790 1141 1794 1144 γ

397 1239 638 1303 ἐξαπίνας
662 1242 890 1296 ἐπιοῦσα·
912 1242 989 1296 ’τὰ
1013 1242 1060 1294 ‹5'
1091 1242 1184 1310 οὐχ
1206 1239 1395 1314 ὃρόωσι
1417 1237 1630 1309 βέβαλοι

185 1339 300 1398 hoc
355 1344 605 1401 nomine
662 1344 771 1403 illa
826 1343 959 1427 ἱερὰ
1018 1345 1318 1423 significat
1359 1343 1775 1425 πεποναμένα,
1813 1358 1971 1420 quae

185 1441 631 1502 sacrificaturae
686 1445 898 1523 paullo
939 1455 1086 1504 ante
1131 1443 1210 1503 de
1254 1445 1406 1503 cista
1447 1445 1515 1501 in
1557 1461 1729 1502 aram
1773 1450 1968 1500 trans·

186 1539 488 1613 tulerant,
559 1541 775 1619 Agaue
838 1553 1045 1603 autem
1102 1542 1554 1603 exsultabunda
1606 1543 1858 1623 projicit
1911 1550 1973 1600 et

186 1636 520 1714 disturbat3
564 1640 832 1717 liborum
876 1663 1098 1720 genera
1139 1644 1336 1716 varia,
1380 1640 1865 1722 quae‘clemens
1907 1642 1975 1699 in

186 1737 352 1796 cistis
410 1741 690 1814 mysticis
745 1740 998 1801 recondi
1055 1741 1261 1801 tradit.
1288 1761 1411 1802 una
1455 1760 1594 1801 cum
1630 1742 1818 1802 'malis
1861 1738 1976 1821 pn-

183 1837 370 1906 niciS‚
441 1838 774 1919 ferulisque
829 1852 891 1900 et
932 1842 1366 1922 papaveribus.
1467 1838 1647 1901 Haecv
1680 1843 1866 1919 igitur
1910 1849 1974 1899 et

187 1936 338 1996 talia
380 1947 586 2015 scruta
630 1959 819 2019 quum
862 1943 1096 2020 passim
1143 1940 1491 2023 ἅπόρῥητα,
1537 1939 1692 2025 ἱεροί,
1735 1939 1975 2024 μυστή-

187 2061 289 2117 ρια
304 2038 378 2116 [(1]
427 2047 490 2096 et
531 2049 765 2100 secreta
807 2042 1122 2100 sacrorum
1168 2041 1478 2115 dicantur,
1521 2060 1830 2122 quumque
1876 2059 1976 2100 ea-

188 2134 337 2194 dem
373 2138 531 2197 velis
574 2141 1030 2222 involucrisque
1073 2159 1151 2201 ne
1197 2162 1318 2222 qua
1352 2140 1631 2222 profanis
1667 2142 1976 2222 paterent,

188 2236 567 2298 circumdata
585 2243 686 2318 [']‚
743 2259 948 2301 coram
1005 2244 1292 2302 sacratis·
1313 2261 1466 2303 vero
1509 2250 1743 2302 retecta
1785 2241 1976 2300 fuisse

189 2346 454 2410 constet,
500 2340 616 2400 vix
660 2349 868 2420 potest
911 2340 1168 2401 dubium
1211 2341 1458 2412 haberi,
1495 2342 1650 2422 'quin
1691 2343 1759 2401 in
1792 2341 1977 2400 Eleu-³.

311 2505 374 2561 [q]
407 2506 457 2549 In
476 2508 623 2553 *Statii
652 2509 806 2553 Achill.
847 2511 905 2567 II.
938 2511 1035 2555 138.
1077 2518 1176 2555 sunt
1205 2511 1397 2568 virgines
1427 2511 1687 2555 Bacchea
1715 2511 1976 2562 ferentes

191 2564 373 2631 orgia.
416 2566 573 2609 Pollux
611 2568 664 2609 X.
707 2568 782 2611 ult.
821 2569 948 2624 ἑλένη
976 2568 1184 2614 ’πλεκτὸν
1214 2569 1425 2627 ἀγγεῖον,
1479 2570 1531 2614 ἐν
1561 2562 1596 2626 ᾧ
1627 2567 1975 2629 φέρουσι.ν“ἷερὰ

190 2623 360 2681 αῤῥητα
389 2628 484 2673 τοῖς
506 2623 854 2685 Ἐλενηφοριόις.
918 2628 1106 2670 Suidas:
1133 2625 1407 2689 Ἀῤ“ηφόροι
1437 2629 1486 2671 αἱ
1514 2625 1567 2670 τὰ
1599 2623 1768 2687 ι’ἱρῤητα
1799 2630 1972 2684 φέρου-

190 2691 268 2748 σαι
293 2678 536 2742 μυστήρια,
570 2684 808 2743 Gentilium
839 2686 1053 2729 asinorum
1083 2686 1178 2728 sine
1208 2646 1339 2730 dubio
1371 2686 1642 2742 coryphaeus
1673 2692 1740 2727 est
1767 2685 1841 2727 ille
1874 2681 1977 2734 ὄνος

190 2752 320 2794 αγων
344 2737 595 2801 μυστήρια,
641 2743 761 2798 cujus
803 2744 1006 2800 dignitati
1047 2745 1223 2801 egregie
1267 2744 1574 2799 consuluerunt
1600 2743 1665 2787 illi
1695 2742 1767 2799 qui
1795 2743 1972 2801 partici-

192 2796 310 2852 pium
351 2793 478 2855 ἄγων
504 2814 588 2843 non
618 2815 697 2858 pro
729 2805 885 2862 φέρων
912 2803 989 2845 sed
1020 2817 1099 2859 pro
1133 2799 1282 2846 ἀπιών
1310 2803 1390 2858 (ad
1418 2802 1598 2844 visenda
1627 2802 1831 2859 mysteria
1859 2801 1976 2844 scili-

193 2856 286 2910 cet)
317 2866 589 2914 acceperunt,
621 2860 757 2902 Orion
786 2862 831 2904 in
860 2862 1022 2904 Anecd.
1053 2861 1192 2903 Bekk.
1225 2861 1281 2903 T.
1313 2862 1348 2903 I.
1378 2859 1478 2903 332.
1510 2866 1554 2903 et
1582 2859 1785 2902 Eustath.
1809 2875 1852 2916 p.
1875 2857 1975 2901 640.

194 2913 283 2954 Sed
321 2914 450 2972 longe
490 2918 629 2974 magis
659 2916 762 2961 huic'
785 2920 967 2975 mystico
998 2919 1131 2962 asello
1160 2920 1457 2975 patrocinatur
1487 2918 1748 2963 Sancrucius
1777 2918 1834 2960 T.
1865 2918 1900 2960 I.
1931 2933 1974 2975 p.

193 2970 292 3012 283.
325 2973 554 3030 Typhonis
582 2976 628 3018 id
658 2978 893 3032 symbolum
921 2978 1054 3021 fuisse
1085 2978 1358 3020 contendens.
1399 2978 1629 3033 Equidem,
1659 2976 1733 3033 qui
1762 2991 1975 3033 nunquam

194 3029 238 3070 in
266 3029 436 3087 bicipiti
467 3035 675 3078 somniavi
704 3037 935 3090 Parnasso,
966 3035 1247 3078 Athenienses
1276 3037 1484 3094 putabam
1514 3050 1599 3078 non
1629 3036 1757 3077 aliam
1786 3036 1841 3077 ob
1873 3049 1975 3077 cau—

198 3100 288 3130 sam
333 3103 480 3133 sacras
522 3094 761 3138 sarcinulas
801 3093 919 3140 asino
951 3094 1178 3138 clitellario
1208 3095 1486 3153 imposuisse,
1525 3109 1653 3151 quam
1683 3092 1785 3150 quia
1814 3093 1975 3137 nollent

197 3145 394 3209 bajulare
423 3149 521 3205 ipsi.
1882 3162 1886 3165 ’

312 3220 379 3277 [r]
412 3222 656 3280 Simplicius
697 3226 741 3268 in
784 3227 938 3283 Categ.
977 3228 1030 3270 A.
1073 3223 1117 3268 4.
1161 3240 1201 3268 a.
1241 3227 1332 3269 τῶν
1368 3221 1880 3283 παλαιῶννομιζόντων
1906 3222 1970 3282 μὴ

195 3277 294 3320 δεῖν
322 3282 399 3322 καὶ
426 3286 519 3331 τοῖς
548 3281 840 3342 σκυτοτόμοις
866 3283 948 3338 τὴν
976 3285 1148 3330 ἑαυτῶν
1176 3287 1350 3343 σοφίαν
1377 3286 1657 3342 προτιθέναι,
1689 3284 1734 3326 οἱ
1760 3283 1849 3341 μὲν
1874 3279 1968 3341 μύ-

195 3340 321 3391 θοις,
366 3339 410 3381 οἱ
447 3339 500 3386 δὲ
530 3337 771 3398 συμβόλοις
801 3341 939 3396 αὐτὴν
969 3342 1263 3402 ἀπέκρυψαν,
1307 3339 1367 3391 ὥς
1395 3341 1446 3386 ἐν
1472 3345 1566 3390 τοῖς
1593 3336 1969 3400 παραπετάσμασι
