2158 3848
263 185 390 248 224
854 195 1086 240 Lmen
1131 193 1440 239 ramus,

263 329 540 413 quidem,
595 346 782 409 quum
838 327 915 388 ab
971 327 1194 387 infesto
1238 324 1534 387 Hecubae
1577 334 1815 407 spectro
1861 343 2032 403 urge-

261 440 460 507 retur,
502 428 775 491 Hecatae
801 438 1067 488 statuam
1094 429 1472 489 consecravit
1508 426 1800 489 Ἐπωπίὸι
1834 425 2033 485 Schol.

263 531 409 610 Lyc.
459 529 639 590 1176.
691 528 871 588 1184.
931 527 1010 587 ab
1066 530 1470 588 assectatione
1524 527 1611 585 sic
1667 524 1899 599 dictae,
1967 534 2035 584 ut

256 630 580 698 Ἐνωπίὸες
641 630 706 689 αἱ
748 625 1130 710 θεράπαιναι
1184 628 1353 710 παρὰ
1396 628 1467 690 τὸ
1515 629 1775 689 ἔπεσθαι
1819 626 2034 685 Zonar.

262 751 323 812 p.
347 731 491 789 732.
536 735 599 786 et
635 724 1006 809 Ὀπηὸητήρ,
1054 723 1338 800 σύνοδος,
1384 723 1734 796 ἇκολουθός
1769 724 2036 802 Hesych.

265 829 561 888 Similiter
603 827 810 905 Etym.
852 826 937 885 M.
987 824 1331 898 Ἐπωπίὸα,
1402 831 1454 887 εὶ
1507 825 1625 907 μὲν
1679 824 2037 897 δασύνεται,

264 927 547 1010 σημαίνει
589 926 705 1007 τὴν
749 924 1129 998 ἀκόλουθον,
1176 930 1230 986 εὶ
1272 924 1340 988 δὲ
1384 933 1696 1009 ψιλοῢται,
1736 926 1851 1006 τὴν
1911 925 2039 988 ἐπί-

263 1049 527 1102 σκοπον,
588 1026 753 1087 unde
798 1027 1137 1105 Ἐπωπέτης
1193 1022 1351 1095 Ζεύς
1401 1025 1440 1083 i.
1486 1045 1541 1106 q.
1599 1027 1820 1108 ἔφορος
1874 1025 2041 1106 apud

261 1128 674 1206 Hesychium,
736 1146 774 1187 a
829 1146 948 1207 quo
1008 1127 1196 1185 etiam
1233 1125 1493 1195 Ἐπωπὶς
1535 1124 1828 1209 Δημήτηρ
1871 1126 2042 1208 παρὰ

263 1227 638 1299 Σικυωνίοις
683 1227 790 1290 καὶ
839 1226 1089 1298 Ἐπωτίς
1135 1234 1683 1300 commemoratur,
1740 1227 2041 1286 incertum

263 1346 383 1410 qua
423 1329 880 1406 significatione.

435 1425 800 1508 Quanquam
857 1436 1065 1487 autem
1133 1429 1198 1487 in
1266 1427 1527 1486 oraculis
1581 1424 1927 1487 Chaldaicis
1983 1435 2045 1484 et
2131 1458 2135 1473 «

265 1528 515 1587 Graecis
558 1530 794 1609 passim
838 1527 1180 1608 Apollinis,
1224 1527 1545 1600 Mercurii,
1588 1525 1945 1606 Aesculapii
1984 1534 2046 1584 et

260 1628 584 1690 Minervae
612 1624 686 1707 [¹²]
757 1632 1012 1688 numina
1081 1627 1562 1708 compellantur,
1630 1635 1836 1686 tamen
1897 1645 2046 1707 prae

263 1730 478 1788 ceteris
542 1726 821 1788 Hecaten
884 1727 1307 1806 Theurgorum
1373 1725 1659 1807 precibus
1725 1725 2046 1802 fatigatam

263 1846 398 1888 esse
441 1837 575 1887 tum
619 1847 731 1908 per
773 1847 840 1888 se
885 1827 1176 1887 credibile
1221 1836 1345 1901 est,
1391 1837 1527 1887 tum
1571 1828 1759 1887 etiam
1793 1835 2048 1907 propter

264 1927 538 1987 crebram
600 1936 663 1986 et
717 1930 1103 2006 magnificam
1160 1929 1342 2007 hujus
1399 1926 1552 1987 deae
1609 1944 2050 1987 commemora-

262 2029 515 2087 tionem.
604 2027 805 2088 Schol.
865 2027 1034 2092 brev.
1093 2028 1208 2088 Od.
1266 2027 1404 2088 XII.
1455 2026 1595 2089 124.
1651 2027 1950 2109 Κραταιὶς
2007 2026 2046 2106 ἦ

261 2127 464 2211 μήτηρ
507 2136 615 2207 τῆς
659 2127 974 2208 Σκύλλης·
1022 2128 1246 2215 Μάγοι
1292 2128 1361 2191 δὲ
1397 2126 1655 2207 Ἑκάτην
1697 2126 1894 2206 αὐτὴν
1935 2152 2047 2190 κα-

264 2235 457 2291 λοῦσι.
545 2227 1129 2288 Luculentissimum
1173 2247 1323 2290 vero
1369 2227 1732 2308 exemplum
1773 2226 2050 2307 Porphy-

261 2328 391 2387 rius
433 2346 533 2408 ap.
578 2328 725 2388 EuS.
772 2328 843 2388 V.
888 2329 947 2388 7.
999 2326 1136 2389 195.
1182 2329 1301 2388 hoc
1346 2328 1549 2388 affert:

476 2441 669 2514 Δεσμῷ
707 2438 751 2493 ‹5‘
792 2433 881 2493 οὖν
915 2438 1103 2509 κλῆιζε·
1142 2440 1272 2509 θεὴν
1306 2440 1402 2510 γὰρ
1442 2439 1576 2510 ἄγεις
1608 2460 1672 2508 με
1709 2435 1922 2508 τοσήνδε

478 2523 610 2593 ὅσση
647 2519 890 2592 ψυχῶσαι
924 2524 1312 2596 πανυπέρτατον
1347 2523 1537 2596 ἤρκεσα
1573 2522 1768 2592 κόσμον
1788 2521 1870 2593 [¹].

433 2622 561 2686 Nec
613 2627 817 2685 minus
861 2627 1192 2686 honorifice
1238 2623 1536 2685 Chaldaei
1576 2627 1863 2687 vivificae
1905 2627 2050 2686 tria-

266 2725 395 2800 dis,
463 2727 561 2786 cui
617 2724 917 2786 secundus
974 2725 1051 2786 ab
1107 2727 1419 2786 intellectu
1462 2726 1634 2786 locus
1690 2727 2049 2804 assignatur,

385 2909 449 2967 [h]
494 2910 621 2953 Hanc
662 2911 786 2954 deam
823 2910 866 2952 in
908 2910 1144 2954 chaldaico
1186 2913 1358 2955 oraculo
1403 2926 1471 2969 ap.
1513 2912 1655 2955 Procl.
1697 2911 1850 2955 Theol.
1893 2912 1947 2955 V.
1977 2909 2049 2955 35.
2137 2878 2140 2882 ι

265 2966 365 3011 824.
404 2972 497 3013 Καὶ
570 2967 626 3028 ἀρ
673 2967 741 3039 δὴ.
767 2965 1017 3027 πάντευχος
1057 2965 1264 3019 ἐνόπλιος
1302 2966 1399 3014 εἴκοι
1428 2967 1539 3026 θεή,
1582 2970 1792 3014 nominari
1822 2970 2049 3014 ostendunt
2136 2998 2142 3002 «

266 3028 472 3084 epitheta.
569 3033 687 3071 ortus
728 3042 992 3085 improspere
1033 3024 1123 3071 εἷκε
1162 3032 1300 3088 θεῇφι
1318 3063 1330 3085 ,
1373 3030 1497 3086 quasi
1527 3029 1751 3072 homericis
1780 3029 1927 3072 formis
1957 3024 2048 3074 εἶκε

267 3086 369 3142 (pro
401 3082 550 3142 ἐῴκει)
592 3092 636 3128 et
675 3088 817 3147 θεῇφι
855 3087 900 3129 in
930 3087 996 3130 his
1026 3087 1282 3130 carminibus
1312 3088 1483 3145 vulgari
1513 3088 1696 3131 dialecto
1726 3088 1901 3145 scriptis
1930 3087 2048 3130 locus

267 3158 362 3187 esse
391 3145 539 3203 possit.
598 3145 803 3187 Fortasse
834 3145 1100 3188 scribendum
1131 3144 1222 3201 ἥκω
1247 3143 1427 3203 Ἀθήνη,
1459 3151 1506 3190 ut
1535 3147 1577 3189 in
1608 3146 1854 3204 Aesculapii
1883 3145 2045 3189 Euseb.
2132 3172 2134 3176 f

268 3201 320 3244 11.
354 3203 422 3245 14.
465 3200 561 3245 124.
607 3207 797 3261 Τρίκκης
826 3204 873 3254 ἐξ
901 3205 1022 3264 ἱερῆς
1057 3202 1150 3260 ἥκω
1180 3202 1299 3254 θεός·
1331 3210 1377 3249 et
1403 3206 1599 3249 Hecatae
1629 3206 1681 3249 V.
1712 3205 1754 3249 8.
1786 3199 2046 3249 193.’'mv-

269 3264 359 3305 θον
388 3259 613 3311 erfastum
642 3264 740 3317 τεῆς
768 3261 1154 3322 πολυφράδμονος
1183 3262 1326 3321 εὐχῆς.

389 3345 454 3405 [ἰ]
487 3348 659 3393 Initium
689 3349 930 3405 hujusmodi
960 3354 1028 3394 est
1056 3350 1101 3393 in
1134 3350 1255 3395 codd.
