2158 3848
681 198 1252 252 ELEUSINIA.
1734 195 1856 256 187

84 344 198 403 bus
242 341 513 422 sequitur
558 347 970 400 commentum
999 334 1076 395 de
1119 344 1479 414 mystagogo
1523 339 1856 403 initiandos

85 443 166 502 ad
200 440 632 521 jusjurandum
674 438 956 515 adigente
978 434 1072 517 [¹],
1114 438 1180 495 in
1223 454 1342 516 quo
1387 437 1582 496 utitur
1605 438 1859 501 Firmici

85 543 471 603 auctoritate:
517 538 751 612 Quum
797 537 1149 618 Orpheus
1193 536 1493 612 ignotis
1536 537 1858 600 homini-

83 645 220 703 bus
264 658 652 701 sacrorum
679 638 1148 698 cerimonias
1194 637 1575 715 aperiret,
1620 638 1860 713 abiis,

82 760 271 822 quos
326 738 743 810 initiabat,
794 738 1002 816 juris
1048 733 1373 814 jurandi
1425 740 1860 799 necessita-

82 855 235 902 tem
280 841 570 917 exegit,
630 858 719 898 ne
762 837 1124 920 profanis
1169 834 1490 896 auribus
1535 874 1619 883 -
1673 840 1862 910 reli..

82 942 341 1021 gionis
400 948 706 998 secreta
769 936 1293 1018 proderentur
1349 934 1418 993 L.
1462 934 1595 998 VII.
1662 939 1862 1000 Praef.

83 1063 143 1124 p.
187 1041 333 1100 493.
418 1040 658 1116 Mystas
688 1038 1037 1098 Eleusinios
1074 1037 1213 1114 jure
1248 1033 1516 1111 jurando
1544 1035 1865 1100 devinctos

85 1161 218 1201 esse
264 1159 453 1220 quum
494 1140 700 1198 nullus
725 1148 1003 1199 veterum
1033 1134 1407 1216 prodiderit,
1448 1136 1746 1213 Firmico,
1775 1159 1867 1199 ‘ne

71 1244 136 1301 *si
181 1241 409 1299 diceret
445 1239 724 1318 quidem,
768 1235 1169 1296 crederemus
1256 1234 1382 1295 Sed
1417 1255 1573 1317 quae
1615 1238 1870 1301 tandem

80 1343 239 1401 ratio
285 1349 378 1399 est
420 1339 503 1398 ad
545 1339 898 1398 Eleusinios
941 1336 1269 1396 transferre
1312 1354 1468 1416 quae
1513 1337 1591 1396 de
1619 1339 1869 1420 Orpheo

2 1482 5 1485 ,
83 1442 250 1501 dicta
293 1448 466 1515 sunt,
512 1448 603 1512 et,
650 1457 841 1517 quum
875 1438 1179 1498 Firmicus
1221 1436 1458 1499 nullum
1502 1458 1692 1516 genus
1734 1460 1870 1518 my-

83 1543 409 1602 steriorum
435 1540 811 1618 nominatim,
827 1537 1262 1616 designaverit,
1291 1531 1660 1600 veteratorie
1684 1541 1870 1602 Eleu-

83 1644 242 1702 sinia
273 1636 679 1713 substituere,
725 1658 879 1718 quae
910 1639 1016 1698 ille
1050 1638 1388 1699 multorum
1416 1643 1870 1716 mysteriorum

86 1741 368 1802 eonditor
410 1759 535 1800 non
580 1738 891 1810 condidit,
947 1740 1002 1797 si
1044 1748 1325 1800 veterum
1369 1739 1619 1817 quidem
1663 1737 1872 1811 aucto-

86 1845 268 1902 ritate
310 1851 547 1901 stamus
592 1838 850 1914 etfama
889 1839 1197 1895 communi
1213 1836 1320 1916 [ἦ.
1396 1836 1580 1909 Quod
1599 1843 1873 1919 septim-0

86 1944 220 2001 loco
255 1941 549 2010 affertur,
611 1954 801 1995 unum
861 1954 895 1992 e
940 1936 1247 1993 'ministris
1303 1953 1534 1996 nomen
1586 1939 1876 2002 habuisse

86 2038 544 2119 mystagogi-[gg]
592 2046 655 2095 et
678 2036 839 2095 hunc
864 2043 1104 2111 mystas
1137 2033 1534 2097 admonuisse
1569 2050 1641 2098 ut
1663 2041 1877 2119 graece

87 2143 479 2222 loquerentur
513 2157 675 2216 neve
696 2136 1013 2197 hominem
1041 2134 1417 2210 occiderent,
1463 2148 1524 2197 et
1547 2139 1664 2200 hoc
1685 2143 1878 2203 fuisse

88 2244 155 2302 in
208 2239 566 2300 minusculis
621 2237 935 2314 mysteriis
989 2238 1460 2316 pronuntiatum
1513 2248 1575 2298 et
1627 2241 1893 2321 quidem‘

91 2344 159 2401 in
199 2343 319 2400 fine
365 2338 692 2411 orationiS‚
748 2356 823 2396 ea
865 2336 1076 2396 omnia
1119 2336 1483 2398 Sancrucius
1527 2341 1699 2421 apud
1741 2345 1878 2404 nul—

90 2442 221 2502 lum
281 2449 564 2503 veterum
620 2438 767 2516 legit
820 2434 933 2496 sed
986 2456 1102 2517 pro
1173 2456 1241 2496 se
1295 2439 1432 2518 ipse
1493 2455 1879 2505 commentus

94 2552 204 2601 est.
290 2540 374 2600 Et
424 2549 495 2598 ut
536 2547 819 2598 extrema
858 2538 1053 2597 initiis
1095 2537 1574 2618 responderent,
1633 2543 1882 2615 Libanii

93 2643 328 2715 locum,
373 2658 553 2720 quem
596 2639 882 2719 proximo
926 2638 1065 2697 loco
1111 2639 1567 2716 enarrabimus,
1611 2646 1699 2704 sic
1743 2666 1882 2727 per-

93 2743 315 2814 vertit,
359 2750 431 2800 ut
470 2758 668 2819 neque
711 2758 822 2820 pes
865 2758 1061 2819 neque
1103 2740 1254 2801 vola
1297 2754 1666 2823 compareat.

216 2909 278 2968 [f]
322 2910 601 2954 Sancrucium
646 2922 830 2966 sequens
856 2910 1139 2966 Boettigerus
1182 2911 1265 2954 Ku
1276 2926 1303 2954 n
1316 2926 1336 2954 s
1350 2918 1416 2955 tm
1430 2927 1460 2967 y
1473 2913 1530 2955 th
1544 2913 1596 2955 ol
1611 2928 1635 2955 ο
1649 2929 1678 2970 g
1691 2914 1707 2956 i
1719 2929 1744 2956 e
1785 2915 1812 2957 d
1826 2931 1851 2958 e
1863 2932 1883 2958 s

105 2968 141 3011 Z
154 2982 179 3010 e
188 2981 219 3010 n
231 2982 252 3010 ι
286 2984 327 3026 p.
357 2966 428 3011 44.
465 2969 773 3025 „Ohnstreitig
812 2969 990 3012 wurden
1027 2969 1098 3011 die
1136 2970 1181 3012 in
1220 2971 1291 3012 die
1320 2971 1646 3014 Eleusinischen
1678 2973 1876 3017 Geheim-

104 3026 248 3128 Ntitisse
296 3027 674 3071 einzuweihenden
726 3027 860 3071 durch
907 3028 979 3071 die
1027 3029 1408 3072 fiirchterlichsten
1459 3030 1572 3073 Eide
1609 3032 1851 3105 gebunden.
1855 3038 1884 3059 “

158 3098 297 3128 nume.

224 3170 896 3229 [ε]ν..ι.11...ῑ>1.οι..5

227 3257 322 3315 [ες]
351 3257 563 3303 Baehrius
593 3260 648 3302 ad
671 3259 787 3303 Plut.
810 3259 947 3304 Alcib.
971 3277 1013 3319 p.
1038 3261 1140 3306 248.
1164 3260 1510 3335 Μυσταγωγός,
1514 3269 1617 3315 ,est
1645 3265 1700 3307 in
1722 3265 1884 3309 Eleu—

107 3317 315 3372 „ainiio
345 3330 575 3362 summus
606 3317 899 3371 sacerdos,
928 3322 1025 3377 qui
1053 3322 1379 3378 plerumque
1404 3319 1807 3381 Ἰεροφάντου
1804 3326 1883 3368 vel

111 3382 288 3434 ,,ΙῙρο
277 3372 465 3433 ρήτου
509 3378 727 3422 nomine
757 3379 1134 3435 consignatur
1164 3382 1307 3424 bene
1355 3387 1610 3426 monente
1641 3383 1886 3428 Creuze-
