2158 3848
741 211 1192 256 oRPHICA.
1727 203 1854 264 257

82 348 378 426 TroJanos
441 346 760 423 sociosque
815 357 1036 398 eorum
1106 340 1426 421 Dolopion
1458 341 1462 345 ’
1492 343 1853 407 Scamandri

82 446 312 530 ἅρητήρ
354 444 423 503 11.
468 443 540 503 V.
583 444 684 502 77.
738 439 972 499 Onetor
1012 437 1190 501 Jovis
1234 440 1406 499 Idaei
1451 443 1643 525 ἱερεύς
1685 445 1850 506 XVI.

79 547 222 606 604.
286 562 528 603 summo
592 549 846 620 uterque
906 537 1073 619 apud
1127 558 1274 599 suos
1329 540 1591 617 honore3
1651 544 1851 605 Dares

0 707 1 710 ,
80 645 337 703 Vulcani
389 642 461 701 V.
520 642 578 702 9.
633 649 1074 722 praetereaque
1131 636 1396 717 Chryses
1454 651 1516 701 et
1576 640 1851 724 Theano,

0 751 1 804 1
75 746 181 804 ille
216 742 522 823 Apollinis
563 741 874 815 Sminthii,
916 741 1067 800 haec
1099 739 1419 802 Minervae
1463 760 1633 802 sacro
1676 762 1853 823 prae-

0 834 1 840 *
75 846 250 904 fecta.
335 843 501 901 Inter
557 842 826 902 Graecos
885 851 1091 913 autem
1145 841 1373 901 nullius
1429 841 1532 901 dei
1574 844 1879 904 sacerdo--

75 954 200 1003 tem
255 943 621 1002 nominatim
665 940 980 1023 proditum
1023 941 1319 1017 legimus3
1375 942 1486 1001 sed
1530 943 1720 1003 fuisse
1764 954 1854 1004 ta-

0 1086 3 1091 ·
72 1063 218 1104 men
260 1043 496 1122 aliquos
540 1052 602 1101 et
642 1044 707 1101 in
749 1041 1058 1100 nonnullis
1101 1039 1355 1100 urbibus
1401 1042 1746 1121 complures
1773 1063 1856 1102 ex

74 1145 143 1203 Il.
187 1143 295 1203 IX.
342 1140 483 1202 575.
540 1142 819 1218 cognosci
871 1148 1110 1219 potest,
1171 1139 1278 1197 ubi
1333 1138 1543 1200 Aetoli
1600 1141 1681 1201 ad
1723 1143 1854 1201 Me-

74 1244 346 1321 leagrum
410 1240 781 1322 placandum
847 1244 1023 1303 θεῶν
1083 1241 1286 1321 ἱερῆας
1341 1240 1634 1323 ἀρίστους
1693 1242 1855 1302 able-

75 1352 236 1423 gant.
282 1342 508 1402 Mimus
554 1359 770 1400 eorum
815 1339 1297 1418 conjectantibus
1340 1341 1495 1400 nihil
1540 1343 1710 1421 prius
1758 1362 1855 1402 oc-

75 1445 280 1517 currit,
325 1461 518 1522 quam·
549 1450 621 1500 ut
663 1441 1037 1520 templorum
1079 1458 1287 1499 curam
1321 1459 1509 1518 penes
1536 1461 1642 1501 eos
1666 1443 1857 1503 fuisse

76 1542 369 1604 dicamus,
468 1540 657 1619 Cujus
700 1542 937 1618 generis
980 1548 1226 1620 praeter
1267 1539 1456 1613 illud,
1511 1541 1620 1600 ubi
1665 1540 1858 1620 Chry-

76 1660 173 1703 ses
218 1643 499 1715 curabat,
545 1641 857 1700 duntaxat
900 1639 1024 1699 duo
1069 1642 1493 1714 nominantur,
1548 1643 1670 1700 nisi
1711 1642 1860 1723 quid

77 1743 156 1802 de
199 1742 472 1823 Neptuni
526 1741 679 1801 aede
736 1739 905 1820 apud
946 1740 1209 1799 Helicen
1254 1737 1400 1799 c'ulti
1445 1743 1745 1820 suspicari
1786 1744 1860 1801 li-

76 1844 184 1903 bet
239 1844 306 1902 Il.
364 1842 524 1900 VIII.
583 1842 725 1900 203.
783 1859 977 1898 unum
1031 1839 1351 1900 Minervae
1406 1841 1732 1900 Erechthei
1783 1843 1858 1901 II.

3 2004 5 2006 ,
77 1942 221 2003 546.
266 1943 525 2002 alterum
570 1940 878 2019 Apollinis
922 1939 1132 2016 Pythii
1176 1938 1285 1998 IX.
1341 1939 1486 1999 405.
1533 1939 1648 2000 od.
1697 1941 1859 2001 VIII.

76 2044 177 2104 80.
260 2042 472 2122 Neque
537 2042 692 2102 mihi
758 2038 985 2099 fiducia
1053 2049 1175 2114 est,
1229 2050 1299 2099 ut
1353 2059 1427 2100 ea
1481 2042 1616 2101 sola
1671 2042 1862 2102 fuisse

0 2219 3 2226 .
79 2140 472 2216 contendam3
541 2160 687 2201 nam
753 2149 816 2199 et
880 2140 1260 2220 templorum
1318 2143 1646 2200 exstructio
1702 2145 1864 2202 inter

77 2243 282 2321 prima
324 2240 680 2300 condendae
723 2239 892 2299 urbis
938 2259 1129 2319 opera
1171 2240 1433 2299 refertur
1477 2240 1592 2299 Od.
1631 2240 1732 2300 VI.
1767 2243 1861 2302 lo.

0 2318 3 2342 ⁵
83 2349 147 2399 et
197 2339 397 2400 Ulixis
452 2342 636 2413 socii,
690 2338 1018 2398 mediocris
1072 2341 1357 2399 fortunae
1411 2341 1726 2414 homineS,
1772 2351 1861 2401 ta-

83 2460 226 2500 men
282 2440 631 2519 Hyperioni
685 2458 799 2518 pro
864 2439 1148 2498 delibatis
1193 2440 1471 2518 gregibus
1517 2442 1751 2520 templo
1798 2460 1865 2501 se

6 2523 7 2526 Ἴ
83 2541 234 2606 satis
292 2540 559 2599 facturos
615 2537 925 2618 spondent
976 2538 1113 2598 XII.
1159 2540 1301 2599 347.
1358 2540 1443 2600 At
1485 2542 1540 2599 si
1584 2541 1718 2621 quis
1762 2543 1865 2604 vel

82 2640 400 2701 Minervae
423 2638 881 2699 Alalcomeniae
924 2639 1027 2699 vel
1054 2637 1314 2700 Junonis
1347 2639 1616 2718 Argivae
1658 2661 1867 2721 quam-

86 2741 182 2801 vis
226 2760 263 2800 a
305 2738 692 2799 Proetidibus
737 2738 816 2798 ob
860 2757 1199 2819 pauperem
1246 2740 1476 2799 cultum
1523 2749 1867 2801 contemtae

21 2879 24 2883 ψ
92 2837 288 2898 Schol.
334 2839 448 2899 od.
492 2839 637 2899 XV.
682 2837 825 2899 225.
871 2848 1178 2900 exstructa
1221 2859 1370 2901 saxo
1417 2839 1733 2899 domicilia
1775 2845 1867 2900 in-

0 2947 13 2987 ¹
93 2936 358 3017 dulgere
388 2939 572 3012 velit,
629 2958 667 2997 a
718 2938 900 3000 nobis
926 2940 1212 3019 ‘quidem
1268 2940 1448 3000 facile
1490 2941 1865 3019 impetrabit.

95 3035 220 3096 Sed
282 3047 486 3101 tamen
551 3039 858 3119 plerisque
925 3040 990 3098 in
1043 3039 1193 3098 locis
1251 3056 1560 3099 sacrarum
1618 3041 1868 3102 aedium

20 3122 27 3197 ἶ
93 3138 231 3196 vice
294 3156 429 3199 aras
497 3137 809 3198 subdiales
865 3138 1157 3220 lucosque
1214 3150 1596 3200 consecratos
1652 3141 1864 3211 fuisse,

97 3235 363 3295 crebrior
413 3239 643 3299 mentio
699 3236 943 3298 indicat.
1045 3239 1354 3319 Apollinis
1411 3254 1517 3299 ara
1560 3241 1705 3299 Deli
1751 3240 1866 3299 Od.

96 3333 197 3393 v1.
238 3332 379 3394 125.
424 3334 615 3410 lovis,
657 3347 727 3397 ut
759 3335 1020 3411 videtur,
1065 3337 1291 3400 Aulide
1324 3337 1491 3401 ΙΙ.Π.
1517 3338 1658 3401 305.
1704 3341 1869 3419 ejus-

1456 3435 1535 3499 17
