2158 3848
809 223 1261 269 oanch.
1805 206 1927 268 345

150 365 308 422 riani
375 356 832 442 commentariis
868 350 1224 425 ‚adnotaret
1303 351 1797 436 (παραγράφειν
1854 353 1933 429 τὰ

151 464 491 543 άρέσκοντα
547 465 676 528 τοῖς
731 444 849 517 vo&
902 449 1286 515 διδασκάλου
1329 450 1623 532 βιβλίοις)
1679 450 1746 509 id
1790 471 1828 511 a
1870 471 1937 512 se

148 560 471 638 impetrari
524 574 748 638 passus
802 563 924 627 est,
990 561 1146 612 teste
1189 550 1462 625 Auctore
1503 549 1685 609 Vitae
1743 570 1793 609 c.
1835 553 1936 626 27,-

147 679 208 740 p.
239 660 338 718 21.
381 654 921 742 παραγράψαντος
966 650 1082 716 οὖν
1118 659 1251 723 ’τοῖς
1294 649 1601 735 μετώποις
1624 658 1758 714 τῶν
1776 651 1938 713 -ὗπο-

147 758 497 840 μνημάτων
553 760 812 839 ἔσχομεν
870 754 1249 839 συναγωγὴν-
1305 757 1390 822 εἰς
1443 751 1681 815 ταύτὸν
1736 749 1939 825 ἁπάν-

148 885 279 923 των
320 859 427 921 καὶ
466 859 704 944 ἐγένετο
750 862 836 925 εἰς
871 855 1118 936 Ὀρφέα
1164 855 1338 937 αὐτῷ
1383 851 1598 932 σχόλια
1635 852 1742 914 καὶ
1783 852 1940 915 ὑπο-

147 957 445 1039 μνήματα
490 958 721 1038 στίχων
781 957 899 1020 οῦκ
941 954 1174 1040 ὀλίγων
1228 959 1282 1015 εἰ
1322 954 1428 1015 καὶ
1469 952 1555 1032 μὴ
1599 957 1692 1020 εἷς.
1726 959 1940 1023 πᾶσαν

148 1060 261 1138 τὴν
307 1059 674 1142 θεομυθίαν
725 1057 767 1136 ’ἢ
824 1053 1029 1124 πάσας
1081 1052 1219 1122 τὰς’
1250 1051 1578 1135 ῥαψῳδίας
1635 1052 1935 1135 ἐξεγένετο

152 1162 326 1242 αὐτῷ
367 1169 553 1222 τοῦτο
597 1165 867 1237 ποιῆσαι.
952 1155 1025 1213 In
1080 1151 1303 1212 eodem
1347 1150 1550 1211 stadio
1599 1149 1943 1216 decucurrit

149 1259 505 1332 Hierocles,
571 1260 678 1337 qui
722 1257 790 1315 in
846 1249 1088 1334 quarto⁸
1123 1252 1202 1312 de
1245 1250 1650 1312 Providentia
1692 1253 1942 1313 annisus

150 1367 246 1417 est
296 1359 380 1422 τοὶ
434 1356 738 1445 λεγόμενα
791 1354 1001 1442 Λόγια
1056 1355 1163 1416 καὶ
1221 1353 1369 1424 τοὺς
1429 1352 1771 1436 ἱερατικούς
1826 1357 1942 1415 θε-

151 1460 347 1540 σμοὺς
391 1465 476 1530 εἷς
532 1457 915 1541 συμφωνίαν
971 1458 1148 1542 ἄγειν
1190 1454 1296 1525 ,οἷς
1340 1452 1619 1517 Πλάτων
1673 1452 1944 1540 ἐδογμά-

152 1581 351 1624 τισεν·
411 1561 445 1623 ὅ
491 1559 561 1624 δὲ
605 1560 878 1641 πέμπτος
921 1552 1004 1627 εἷς
1042 1557 1288 1639 Ὂρφέα
1344 1555 1452 1617 καὶ
1490 1555 1805 1638 Ἵ)μηρον”Ι
1839 1555 1946 1617 καὶ

152 1662 288 1723 ὅσοι
333 1663 506 1723 ἄλλοι
562 1661 850 1740 πρὸτῆς
894 1655 1241 1726 Πλάτωνος
1285 1654 1643 1738 ἐπιφανείας
1687 1655 1943 1740 symm&

152 1762 369 1835 ζοντο,
420 1760 541 1840 τὴν
594 1759 1014 1838 Πλατωνικὴν
1066 1758 1206 1837 περὶ
1258 1754 1504 1819 τούτων
1562 1756 1943 1838 φιλοσοφίαν

154 1859 416 1925 ἀνάπτει
458 1860 635 1918 Phot.
677 1859 837 1919 Bibl.
883 1856 1216 1918 CCXXIV.
1260 1875 1320 1935 p.
1359 1853 1503 1915 285.
1556 1863 1613 1917 Τ
1604 1856 1684 1934 ὴν
1720 1859 1941 1939 Ὀρφι-

151 1962 267 2040 κὴν
309 1960 416 2023 καὶ
456 1959 829 2039 Χαλδαϊκὴν
872 1957 1106 2042 σοφίαν
1160 1958 1297 2018 Sive
1339 1956 1708 2042 θεολογίαν3
1768 1958 1944 2036 quasi

151 2061 372 2121 eodem
415 2069 758 2139 vergentes,
799 2060 1154 2119 consociant
1178 2057 1458 2117 Marinus
1495 2077 1542 2116 c.
1568 2057 1670 2117 26.
1696 2065 1761 2115 et
1785 2056 1945 2117 Scri-

150 2173 295 2243 ptor
350 2161 535 2220 Vitae
589 2160 817 2221 Isidori
887 2161 1064 2220 Phot.
1123 2156 1417 2219 CCXLII.
1473 2156 1616 2218 560.
1664 2176 1944 2239 >quarum

151 2273 479 2341 utramque
538 2262 643 2323 vel
709 2272 871 2341 certe
933 2262 1211 2341 priorem
1274 2259 1630 2338 complexus
1694 2257 1945 2319 videtur

152 2360 553 2442 Asclepiades
609 2360 998 2434 MendesiUS‚
1068 2361 1241 2438 cujus
1272 2359 1690 2444 ,πραγματεία
1747 2358 1945 2444 περιεέ*

143 2486 353 2544 χουσα
401 2470 534 2526 τῶν
574 2466 924 2549 θεολογιῶν
981 2461 1245 2523 ἁπασῶν
1297 2459 1412 2538 τὴν
1469 2460 1849 2543 συμφωνίαν
1903 2479 1944 2522 a

153 2563 351 2624 Suida
401 2558 752 2623 recensetur
793 2581 842 2622 s,
891 2562 1220 2646 Ἡραΐσκος
1237 2579 1250 2591 ·
1295 2559 1439 2619 libri
1485 2563 1708 2639 egregii
1752 2565 1943 2642 speci-

150 2683 294 2724 men
337 2663 603 2745 praebet¹
637 2663 972 2724 Suetonius
1015 2664 1083 2722 in
1110 2661 1266 2740 Aug.
1313 2681 1361 2719 c.
1408 2659 1508 2720 94.
1551 2662 1637 2721 In
1678 2661 1778 2722 As
1794 2663 1944 2722 cle-

153 2764 413 2844 piadis
470 2762 859 2825 Mendetis
909 2763 1424 2850 Θεολογουμὲνων
1478 2761 1711 2822 libris
1766 2764 1941 2841 ¹lego

158 2863 445 2940 Atiam,
511 2884 742 2946 quum
802 2863 896 2925 ad
955 2866 1300 2925 solemne
1353 2861 1761 2942 Apollinis
1821 2881 1944 2923 sa-

160 2983 360 3026 crum
413 2964 667 3026 media
723 2974 953 3025 nocte
1010 2966 1401 3037 venisset,
1447 2961 1944 3049 obdormisse

160 3063 727 3145 draconemque
779 3073 1106 3145 repente
1165 3065 1600 3144 irrepsisse
1644 3063 1736 3123 ad
1779 3083 1943 3137 eam

159 3202 242 3210 —
284 3163 704 3242 Augustum
759 3175 1023 3225 natum
1076 3185 1334 3225 mense
1391 3163 1763 3224 decimo.“
1819 3181 1940 3247 quo

159 3264 453 3344 exemplo
494 3266 684 3326 homo
729 3266 1148 3326 sanctissimus
1177 3264 1577 3325 sodomiticas
1601 3265 1942 3346 Aegyptio-

158 3384 296 3426 rum
348 3363 636 3427 libidines
691 3368 1024 3429 excusavit.
1110 3366 1281 3428 Haec
1335 3383 1486 3427 vero
1547 3384 1777 3430 vesana
1834 3385 1941 3427 cu·-
