2158 3848
253 204 378 266 266
782 217 1020 260 LIBER
1064 218 1492 263 SECUNDUS.

251 349 517 407 obtineri
571 356 807 426 potest,
885 345 1052 427 quod
1106 348 1286 407 multi
1346 362 1731 425 asseverant,
1808 353 2022 412 vatici-

249 447 438 508 nandi
480 447 833 506 facultatem
878 447 1246 526 quibusdam
1289 449 1540 508 familiis
1597 452 1703 510 ita‘
1728 470 1767 510 a
1807 461 2026 510 natura

246 550 495 608 insitam
540 556 602 605 et
643 549 896 625 infixam
940 547 1128 605 fuisse
1171 556 1240 605 ut
1282 549 1359 607 ad
1391 560 1673 629 posteros
1699 552 1872 630 quasi
1913 569 2026 629 per

238 651 341 728 jus
386 650 786 708 successionis
831 647 1199 725 perveniret.
1285 647 1443 707 Nam
1487 660 1788 729 quotquot
1829 651 2025 708 nomi-

244 758 465 809 nantur
489 745 883 805 fatidicorum
919 745 1062 818 filii,
1107 746 1171 804 hi
1217 757 1323 805 aut
1364 750 1679 825 ignorant,
1724 748 1872 830 quid
1906 748 2026 808 sibi

245 857 608 910 eventurum
653 847 763 919 sit,
833 855 941 903 aut
998 863 1036 903 a
1089 846 1369 923 patribus
1425 861 1787 928 acceperunt
1838 850 1908 908 Il.
1951 848 2023 906 V.

247 947 383 1008 150.
438 948 513 1007 ΙΙ.
556 947 700 1005 832.
738 945 926 1003 XIII.
972 944 1115 1003 663.
1174 955 1236 1003 et
1278 947 1342 1004 in
1383 964 1714 1007 numeroso
1757 950 2022 1008 Melam-

240 1046 616 1129 podidarum
682 1065 899 1125 genere
973 1046 1229 1104 minime
1309 1064 1521 1105 omnes
1591 1049 1699 1106 illa
1767 1051 2025 1107 scientia

239 1147 511 1229 praediti
566 1156 736 1220 sunt,
801 1164 927 1204 non
969 1144 1370 1226 Antiphates,
1435 1165 1560 1206 non
1607 1147 1841 1222 Oicles‚
1898 1157 2026 1207 non

239 1248 539 1322 Mantius3
607 1249 711 1328 qui
753 1265 904 1308 vero
951 1264 1088 1304 eam
1130 1248 1296 1305 nacti
1338 1257 1510 1321 sunt,
1555 1248 1934 1328 Poly-phides
1949 1246 2023 1328 [¹¹]

244 1359 307 1408 et
347 1348 798 1428 Amphiaraus,
841 1347 937 1405 his
980 1345 1291 1425 Apollinis
1337 1347 1501 1406 dono
1548 1367 1834 1408 concessa
1877 1347 2021 1406 dici-

243 1459 359 1508 tur.
407 1447 521 1507 Od.
566 1447 701 1507 XV.
745 1444 888 1506 245.
979 1444 1340 1505 Sacerdotia
1384 1467 1463 1506 an
1509 1449 1813 1527 quaedam
1855 1449 2028 1507 here-

239 1548 464 1607 ditaria
507 1548 767 1622 fuerint,
826 1545 992 1626 quod
1023 1545 1305 1621 affirmat
1347 1545 1549 1624 Zoega
1591 1550 1658 1606 in
1701 1546 2026 1608 Commen-

238 1658 372 1708 tatt.
417 1647 738 1727 Antiquar.
783 1666 844 1726 p.
890 1646 1036 1705 303.
1081 1646 1327 1720 dubit03
1382 1665 1509 1705 non
1566 1649 1709 1726 quia
1760 1666 1860 1706 res
1914 1666 2027 1727 per

237 1768 304 1808 se
346 1750 483 1809 veri
526 1747 861 1820 absimilis,
922 1746 1032 1804 sed
1093 1748 1236 1825 quia
1288 1748 1461 1805 nullo
1525 1747 1828 1828 exemplo·
1860 1764 2027 1807 com-

237 1844 524 1929 pr‘obata3
583 1847 838 1906 Theano
885 1845 1134 1924 quidem
1177 1852 1304 1904 non
1358 1846 1702 1906 hereditate
1761 1847 1871 1906 sed
1913 1866 2027 1928 po-

235 1948 371 2028 puli
437 1947 770 2024 suffragiis·
807 1944 1220 2005 sacerdotium
1288 1949 1630 2024 accepisse,
1699 1950 2024 2028 perspicue

237 2048 415 2107 docet
465 2047 806 2120 Homerus3
881 2065 1039 2126 quae
1095 2055 1303 2104 autem
1358 2046 1693 2106 Muellerus
1760 2049 1936 2107 affert
1951 2050 2021 2128 [¹]

234 2147 716 2208 Panthoidarum
733 2190 749 2220 ,
819 2145 1251 2205 Aeneadarum
1311 2156 1372 2206 et
1428 2147 1789 2207 Nelidarum
1850 2165 2024 2207 sacra

238 2258 299 2308 et
342 2246 687 2308 sacerdotia
730 2247 1070 2325 gentilicia,
1135 2246 1305 2305 nullo
1360 2245 1587 2306 idoneo
1633 2255 1880 2307 auctore
1932 2248 2024 2305 ni-

235 2359 462 2408 tuntur.
547 2348 893 2407 Pantheum
939 2347 1230 2425 Virgilius
1275 2345 1585 2427 Apollinis
1637 2346 2024 2408 sacerdotem

234 2450 410 2523 facit3
481 2450 547 2507 in
613 2467 735 2528 quo
805 2467 945 2507 eum
1014 2450 1331 2527 antiquam
1388 2446 1620 2510 famam
1686 2438 2022 2559 sequutum

353 2617 415 2676 [k]
449 2617 706 2661 Welckerus
748 2617 792 2658 in
834 2617 944 2660 libro
990 2617 1044 2659 de
1087 2617 1287 2673 Trilogia
1315 2619 1523 2673 Aeschyli
1552 2633 1596 2675 p.
1626 2620 1727 2661 211.
1757 2634 1909 2662 nomen
1939 2620 2021 2662 hoc

236 2677 583 2722 multiscium
622 2676 955 2732 interpretatur
998 2675 1122 2731 quasi
1165 2690 1190 2717 a
1230 2678 1364 2719 verbo
1406 2677 1575 2721 εἰδέναι
1605 2676 1872 2729 derivatum,
1905 2677 2021 2732 quod

234 2730 397 2780 refellit
424 2735 683 2778 Eustathius
722 2749 765 2805 p.
810 2734 936 2777 1623.
967 2734 1038 2776 60.
1079 2733 1310 2804 Εὐπείθης
1350 2732 1605 2792 βαρυτόνως
1642 2733 1759 2794 πρὸς
1787 2733 2021 2794 διαφορὰν

234 2798 314 2839 τοῦ
337 2793 449 2854 ἀνὴρ
482 2791 707 2849 εὐπειθης,
741 2790 909 2851 ὁμοίως
938 2795 1014 2836 καὶ
1043 2789 1263 2864 Εὐαάθης
1293 2797 1369 2837 καὶ
1393 2797 1685 2848 Πολυπείθης
1715 2794 1823 2851 (leg.
1855 2797 2015 2838 Πολυ-

239 2853 434 2924 φείδης).
495 2853 615 2895 Idem
644 2867 687 2909 p.
720 2851 846 2894 1967.
875 2853 947 2894 20.
977 2849 1216 2912 βαρύνεται
1247 2851 1270 2897 ὁ
1302 2859 1340 2896 J
1335 2852 1555 2910 ὐπείθης,
1590 2850 1736 2911 ὥςπερ
1767 2856 1844 2896 καὶ
1871 2855 2019 2898 πολυ-

241 2910 401 2971 φειὸής
430 2913 517 2970 μὲν
548 2912 836 2967 ἓπιθετικως,
877 2868 1170 2968 Πολυφείδης
1197 2912 1247 2956 δὲ
1279 2909 1459 2972 κύριον,
1500 2911 1559 2962 ὠς
1589 2913 1639 2956 ἐν
1668 2917 1761 2962 τοῖς
1789 2910 1879 2972 πρὸ
1911 2909 2019 2956 τού-

237 2986 326 3015 των
355 2975 544 3030 εἶ’·ρηται
589 2975 633 3012 et
672 2971 784 3013 ratio
824 2971 941 3026 ipsa,
980 2984 1095 3026 quae
1137 2972 1192 3013 ab
1225 2971 1390 3015 εἰδέναι
1421 2946 1660 3020 πολύειδος
1689 2970 1786 3013 duci
1818 2971 2018 3023 ostendit,

238 3045 322 3074 non
350 3025 614 3084 πολυειδης,
648 3030 763 3085 quod
791 3029 1087 3072 multiformem
1117 3030 1358 3085 significat,
1390 3031 1544 3073 nedum
1574 3027 1832 3088 πολυφειδή
1836 3048 1869 3086 ς,
1903 3030 2018 3087 quod

238 3089 562 3146 parcipromum.
636 3084 900 3145 Polyphides
937 3101 1014 3130 rex
1055 3088 1255 3143 Sicyonis
1296 3089 1449 3131 Tzetz.
1493 3089 1678 3131 Chil.1.
1721 3087 1823 3133 458.
1893 3089 2017 3132 Haec

238 3162 387 3190 moneo
431 3151 608 3203 propter
638 3162 731 3199 eos,
777 3147 851 3203 qui
879 3147 1122 3202 ignotorum
1152 3149 1274 3190 nobis
1305 3149 1514 3190 hominum
1543 3163 1717 3190 munera
1745 3163 1798 3190 ex
1829 3148 2015 3197 nomini-

240 3210 318 3250 bus
348 3219 493 3248 eorum
524 3205 770 3259 conjectare
799 3205 961 3258 solent,
992 3220 1045 3247 ne
1077 3207 1199 3262 quis»,
1237 3207 1479 3264 ubicunque
1509 3207 1795 3261 Thumantis,
1826 3207 2014 3249 Euman-

238 3267 321 3318 tis,
364 3265 633 3308 Mantitheus
672 3270 747 3306 aut
791 3264 1020 3307 Manticlus
1061 3265 1217 3322 aliquis
1246 3272 1527 3319 memoratur,
1569 3267 1770 3309 continuo
1800 3270 1945 3309 vatem
1971 3270 2014 3306 et

241 3323 464 3367 fatidicum
493 3323 628 3365 fuisse
659 3324 870 3380 opinetur.

358 3380 424 3437 [¹]
459 3381 767 3438 Prolegomena
798 3397 834 3424 Ζ.
866 3381 1049 3439 Mythol.
1081 3397 1121 3439 p.
1152 3382 1250 3426 352.

2154 1625 2158 1770 ⁴

2141 2233 2158 2572 1
