2158 3848
251 169 377 232 250
787 179 1027 224 LIBER
1071 179 1497 223 SECUNDUS.

250 318 369 375 tria
412 312 632 373 attinet
675 308 947 369 dextra
990 311 1070 370 in
1112 309 1412 389 templa
1455 311 2030 388 ingrediuntor,

250 415 587 475 sinistra
632 405 1264 491 egrediuntor[¹¹]‚
1324 409 1442 469 dis
1487 411 1768 472 inferis
1812 414 2034 492 paria

250 516 690 585 offerunto‚
744 511 1081 590 imparia
1125 510 1605 571 coelestibus
1650 512 1807 572 Plut.
1849 512 2032 573 Num.

247 616 411 678 XIV.
459 611 598 673 171.
683 608 1006 669 Jamblich.
1051 609 1089 665 l.
1136 629 1184 667 c.
1230 630 1277 668 c.
1327 608 1468 671 156.
1515 611 1688 673 Serv.
1731 614 1886 675 Aen.
1927 614 2031 673 IV.

248 714 390 778 305.
450 714 601 771 haec
666 709 883 768 dubito
950 725 1031 766 an
1097 707 1266 786 apud
1324 711 1518 770 ullam
1584 714 1902 775 civitatem
1967 715 2034 772 in

247 830 571 876 commune
631 817 878 888 recepta
941 807 1203 879 fuerint,
1290 828 1640 891 quanquam
1699 815 1767 873 in
1829 823 2032 874 cetero

245 916 502 975 deorum
563 926 931 990 superorum
995 917 1058 967 et
1118 907 1463 973 inferorum
1519 913 1688 972 cultu
1741 914 2035 992 pleraque

247 1015 510 1079 diversis
575 1021 760 1091 atque
825 1008 981 1069 adeo
1051 1011 1373 1070 contrariis
1442 1013 1790 1071 cerimoniis
1845 1031 2035 1090 agun-

246 1127 347 1176 tur
369 1110 487 1195 [¹²¹¹].
577 1112 738 1172 Sunt
779 1129 931 1172 vero
977 1111 1167 1170 etiam
1212 1129 1398 1190 quae,
1441 1122 1630 1191 prout
1671 1114 2034 1192 interprete-

243 1219 328 1277 ris
345 1260 364 1291 ,
408 1223 541 1273 tam
583 1211 804 1292 populi
848 1210 1103 1271 arbitrio
1149 1214 1486 1273 constituta
1529 1232 1715 1292 quam
1760 1215 2035 1294 philoso-

241 1318 510 1400 phorum
554 1312 815 1372 decretis
858 1322 1011 1391 apta
1053 1320 1116 1371 et
1160 1331 1435 1372 connexa
1477 1312 1824 1377 videantur.
1914 1311 2035 1373 Cu-

235 1421 338 1497 jus
383 1414 620 1493 generis
678 1420 824 1472 sunt
874 1411 1011 1471 illa:
1068 1411 1315 1491 Apulej.
1357 1412 1506 1473 Met.
1549 1412 1658 1474 XI.
1702 1411 1846 1475 537.
1915 1432 2034 1474 se-

241 1519 452 1599 pties
515 1511 920 1573 submerso
988 1511 1375 1573 fluctibus
1444 1514 1746 1592 capite,
1831 1512 2034 1593 quod

242 1634 412 1677 eum
497 1629 902 1672 numerum
987 1614 1422 1692 praecipue
1506 1613 2033 1691 religionibus

241 1715 744 1799 aptissimum
788 1712 1107 1775 divinus
1150 1712 1297 1772 ille
1331 1712 1824 1791 Pythagoras
1867 1732 2035 1794 pro-

243 1817 468 1877 didit.
526 1813 704 1874 Idem
738 1814 924 1894 Apol.
968 1833 1029 1893 p.
1058 1812 1204 1873 476.
1250 1832 1400 1873 non
1447 1815 1652 1874 enim
1697 1833 1786 1874 ex
1829 1815 2034 1875 omni

240 1920 489 1994 ligno,
533 1924 616 1975 ut
658 1914 1146 1992 Pythagoras
1192 1911 1536 1987 dicebat,
1582 1913 1811 1974 debet
1846 1914 2033 1973 Mer-

243 2019 507 2079 curius
553 2011 1023 2095 exsculpi[i].
1109 2014 1344 2073 Plinius
1369 2013 1536 2074 XVI.
1575 2013 1672 2074 14.
1716 2012 2032 2093 quidam

242 2116 901 2199 superstitiosius
947 2116 1365 2194 exquirunt
1407 2115 1847 2188 materiam,
1900 2132 2033 2175 un-

243 2218 334 2278 de
378 2234 653 2278 numen
698 2214 1197 2295 exsculpant,
1243 2223 1317 2272 et
1360 2232 1791 2294 quanquam
1830 2214 2033 2273 Pria-

240 2337 383 2400 pus
438 2315 646 2376 haud
711 2325 1087 2394 gravatur
1152 2314 1548 2374 ficulneus
1619 2332 1818 2388 esse,
1883 2331 2034 2372 non

242 2428 499 2479 tamen
557 2415 761 2475 idem
803 2417 1049 2475 liceat
1102 2417 1178 2474 in
1220 2415 1644 2476 Mercurio.
1701 2433 1857 2496 quae
1899 2413 2032 2474 Ho-

242 2618 294 2662 ἐν
333 2615 605 2662 τελεστικαῖς
643 2615 827 2662 θυσίαις
862 2612 1102 2666 immolari,
1144 2612 1196 2657 ἓν
1223 2616 1502 2671 τιμητηρίαις
1529 2628 1614 2656 non
1642 2614 1771 2666 item3
1802 2627 1882 2656 nec
1909 2616 2032 2655 vete—

243 2691 314 2718 res
343 2674 510 2717 Ebraei
540 2671 620 2714 deo
651 2672 812 2714 offerre
840 2674 910 2715 fas
939 2673 1166 2714 duxerunt.

364 2759 428 2819 [11]
471 2762 646 2804 Petron.
688 2774 724 2802 c.
766 2758 838 2802 30.
888 2758 1248 2803 exclamavit
1291 2771 1440 2801 unus
1479 2773 1506 2801 e
1545 2758 1771 2816 pueris,
1832 2758 2030 2801 dextro

244 2821 397 2880 pede.
426 2834 470 2864 v.
502 2818 656 2861 Goesii
683 2821 773 2862 not.
1508 2840 1509 2843 η

365 2904 456 2964 [hh]
501 2907 681 2951 Servius
721 2907 828 2949 Aen.
867 2905 989 2948 VIII.
1033 2903 1132 2946 106.
1187 2903 1304 2947 dici
1356 2903 1592 2946 solebat
1638 2904 1693 2946 in
1733 2904 1923 2947 sacris
1963 2905 2032 2948 da

244 2968 392 3024 quod
432 2967 602 3011 debes
647 2965 715 3008 de
757 2978 915 3008 manu
955 2963 1166 3006 dextra
1204 2963 1340 3006 aris.
1399 2963 1634 3020 Septimius
1673 2963 1719 3005 in
1759 2963 2031 3007 Wernsdorf.

245 3028 369 3070 Poet.
410 3025 518 3068 Min.
562 3024 620 3066 T.
659 3024 720 3069 II.
762 3039 805 3081 p.
834 3023 935 3066 288.
975 3022 1190 3065 inferis
1220 3036 1378 3064 manu
1409 3022 1658 3065 sinistra
1686 3022 2028 3066 immolamus

245 3099 311 3153 pp
327 3083 467 3127 cula.
509 3086 565 3126 cf.
597 3082 761 3126 Marini
805 3082 835 3126 l.
879 3097 917 3124 c.
959 3081 1017 3124 T.
1057 3081 1118 3123 II.
1149 3080 1246 3124 592.
1292 3081 1368 3123 Sic
1397 3086 1443 3124 et
1472 3081 1652 3123 Servius
1681 3081 1791 3145 1Aen.
1820 3082 1898 3124 VI.
1927 3077 2029 3123 244.

245 3157 347 3187 vma
377 3142 506 3186 libari
534 3144 580 3185 in
609 3142 747 3185 sacris
777 3139 986 3199 supernis,
1016 3139 1142 3196 vergi
1170 3139 1215 3182 in
1243 3138 1426 3183 infernis
1455 3139 1574 3183 dicit.

363 3227 426 3287 [i]
458 3229 738 3273 Proverbium
765 3229 811 3271 in
839 3228 948 3271 Lex.
978 3226 1061 3270 Ms.
1091 3227 1255 3269 Osann.
1286 3228 1463 3271 Auctar.
1493 3242 1534 3285 p.
1565 3225 1636 3270 73.
1667 3226 1718 3271 ἐκ
1746 3225 1919 3274 παντὸς
1944 3220 2026 3273 ξύ-

248 3291 328 3332 λου
369 3290 509 3346 κλῷος
537 3287 694 3346 γένοιτ’
730 3284 787 3331 ἂν
817 3289 894 3331 καὶ
921 3282 1044 3335 θεός·
1074 3286 1159 3338 vel,
1189 3286 1306 3342 quod
1335 3287 1482 3330 eodem
1513 3285 1640 3339 redit,
1671 3282 1835 3344 κίφων
1862 3282 2020 3342 γένοιτ’

249 3345 330 3391 ἂν.
363 3362 440 3406 pro
470 3361 556 3406 quo
586 3347 785 3391 mendose
812 3347 876 3390 ibi
905 3346 1110 3404 scriptum
1141 3342 1304 3405 κύρων.
