2158 3848
677 208 1236 272 ,onrnlcm
1790 193 1917 256 557

138 366 322 427 quem,
361 343 444 431 ad
487 343 721 402 exitum
777 337 988 399 fabula
1042 335 1255 395 feralis
1298 334 1562 395 fortasse
1607 356 1681 395 eo
1727 339 1918 401 dedu-

137 457 234 506 cta
286 453 380 504 est
438 442 694 503 consilio
707 483 728 514 ,
772 447 869 500 ,ut
920 435 1295 497 Baccharum
1353 445 1565 495 tauros
1620 436 1919 501 dilanian-

136 548 293 606 tium
335 542 508 603 furor
549 539 804 603 haberet
846 557 968 620 quo
1012 536 1230 599 referri
1271 545 1499 617 posset.

907 754 960 836 ξ.
1049 675 1149 815 32.

263 931 541 992 Exemto
586 926 790 1004 corde,
834 927 1002 1010 quod
1039 930 1346 1005 integrum
1388 927 1775 1008 relinquitur,
1820 928 1924 989 Ti-

136 1042 310 1091 tanes
365 1049 588 1112 corpus
631 1031 902 1107 Dionysi
955 1028 1343 1108 discerpunt,
1403 1026 1778 1106 discerptum
1833 1031 1925 1088 in-

136 1142 346 1192 assant
388 1133 491 1192 vel
534 1140 836 1210 coquunt,
890 1137 1208 1210 postremo
1267 1125 1614 1185 comedunt.
1703 1128 1927 1188 Procu-

137 1233 234 1291 lus
277 1234 343 1290 in
387 1229 553 1291 Crat.
596 1248 657 1309 p.
708 1226 847 1288 115.
909 1232 995 1291 ἐν’
1031 1235 1107 1309 τῇ
1163 1225 1573 1307 διασπαράξει
1628 1236 1759 1292 τῶν
1821 1235 1927 1292 Τι-

80 1330 347 1396 ·“τοίνων
401 1329 564 1413 μόνη
620 1331 659 1410 ἡ
715 1328 946 1413 καρδία
1000 1328 1349 1411 ἀδιαίρετος
1408 1334 1617 1410 μεῖναι
1671 1330 1927 1415 λέγεται,

135 1433 458 1495 τουτέστιν
515 1432 554 1512 ἡ
611 1432 940 1515 ἀμέριστος
992 1437 1107 1492 τοῦ
1164 1437 1280 1493 νοῦ
1337 1428 1537 1491 οὐσία.
1626 1427 1801 1488 Idem
1861 1431 1928 1488 in
1988 1500 1998 1511 ς

135 1532 292 1593 Tim.
335 1533 442 1592 III.
496 1552 558 1612 p.
608 1531 747 1592 184.
808 1531 888 1595 τὰ
946 1532 1101 1593 ἄλλα
1156 1527 1679 1614 δημιουργήματα
1730 1531 1928 1594 αὐτοῦ

134 1633 343 1698 πάντα
412 1632 796 1716 μεμερίσθαι
867 1632 1061 1716 φησὶν
1133 1630 1255 1693 ὑπὸ
1330 1637 1461 1692 τῶν
1532 1629 1927 1713 διαιρετικῶν

44 1732 70 1744 “’
135 1740 331 1809 θεῶν,
375 1733 580 1815 μόνην
623 1732 693 1797 δὲ
737 1733 853 1812 τὴν
896 1731 1167 1815 καρδίαν
1213 1731 1549 1821 ἀμέριστον
1576 1732 1734 1794 εἶναι
1773 1756 1928 1815 προ--

134 1835 275 1919 νοίᾳ
317 1842 427 1915 τῆς
462 1837 734 1913 Ἀθηνᾶς

273 1944 499 2016 Μοῦνην
533 1945 631 2016 γὰρ
667 1946 884 2016 κραδίην
919 1918 1099 2015 νοερὴν
1135 1944 1283 1996 λίπον
1788 2012 1797 2014 ἡ

134 2072 304 2134 φησι.
400 2047 485 2112 Τό
538 2073 604 2111 τε
662 2047 880 2112 λοιπὸν
920 2054 1037 2112 τοῦ
1079 2050 1240 2110 θεοῦ
1283 2055 1452 2122 πᾶν,
1495 2047 1610 2129 τὴν
1654 2048 1928 2132 ψυχικὴν

138 2149 443 2216 σύστασιν
485 2148 770 2221 sigim&
812 2148 919 2211 καὶ
959 2155 1146 2212 τοῦτο
1190 2148 1568 2231 διῃρημένον

271 2261 447 2317 ςΕπτοὶ
482 2263 540 2315 δὲ
575 2258 747 2314 πάντα
780 2261 913 2331 με’ρη
950 2257 1138 2330 κοῦρου
1176 2260 1570 2332 διεμοιρήσαντο
1592 2263 1654 2329 [³]

139 2366 332 2450 φησὶν
392 2365 425 2427 ὅ
494 2362 790 2450 Θεολόγος
859 2363 999 2446 περὶ
1067 2369 1199 2426 τῶν
1267 2362 1571 2428 Τιτάνων.
1674 2363 1928 2444 Septem

134 2467 456 2549 portiones
514 2471 832 2543 nuncupat
886 2482 1014 2523 non
1068 2471 1327 2543 propter
1380 2474 1622 2544 septem
1684 2463 1929 2524 animae

137 2567 461 2628 facultates
504 2572 614 2624 aut
654 2572 868 2644 partes
911 2562 1024 2624 sed
1068 2565 1244 2643 quia,
1301 2573 1372 2623 ut
1415 2583 1605 2646 supra
1649 2563 1927 2625 diximus

136 2667 190 2750 ξ.
240 2667 369 2741 11.,
411 2675 508 2726 tot
547 2674 837 2725 numerat
879 2663 1136 2726 Titanes
1156 2660 1264 2746 [¹³]‚
1308 2665 1471 2724 inter
1513 2684 1667 2746 quos
1714 2665 1928 2726 Satur-

136 2787 252 2829 nus
294 2768 668 2828 nominatim
710 2765 897 2844 hujus
952 2765 1244 2825 facinoris
1287 2767 1597 2847 particeps
1652 2766 1928 2847 appella-

140 2878 240 2930 tur
282 2886 381 2950 ap.
426 2867 620 2928 Procl.
664 2868 730 2926 in
774 2864 934 2926 Tim.
979 2865 1052 2926 V.
1097 2865 1242 2927 291.
1298 2863 1541 2949 Κρόνος
1595 2866 1751 2947 μετὰ
1812 2867 1927 2948 τὴν

260 3051 324 3109 [²]
354 3051 482 3095 Hunc
509 3065 682 3096 versum
709 3050 871 3108 repetit
898 3065 940 3109 p.
969 3050 1070 3095 200.

260 3137 324 3196 [b]
357 3138 565 3183 Similiter
607 3138 796 3182 Osiridis
837 3151 996 3196 corpus
1033 3139 1249 3182 occisores
1288 3140 1351 3188 εἷς
1387 3140 1488 3188 ἴσας
1524 3137 1717 3200 μερίδας
1754 3139 1925 3184 διεῖλον

140 3197 269 3240 Diod.
299 3197 376 3240 IV.
405 3197 447 3241 6.
476 3213 518 3241 v.
549 3196 808 3253 wesseling.
838 3197 894 3240 ad
922 3198 960 3241 Ι.
989 3198 1062 3242 21.
1093 3199 1266 3256 Septem
1307 3197 1524 3253 conjurati
1549 3197 1808 3261 in›·hjstoria
1842 3201 1925 3242 Ar—

142 3258 256 3300 sacis
294 3256 468 3312 Eunap.
507 3256 554 3300 in
593 3257 803 3313 Excerpt.
845 3255 957 3312 Maji
987 3257 1045 3300 T.
1077 3257 1137 3300 II.
1167 3255 1266 3299 258.
1297 3262 1343 3299 et
1371 3257 1522 3310 Darii,
1563 3258 1676 3300 unde
1706 3257 1923 3300 Eichhor—

143 3317 238 3358 nius
280 3315 459 3358 Ein'eit.
497 3313 541 3357 in
581 3315 653 3358 die
682 3315 929 3371 Apocryph.
959 3315 1000 3357 d.
1032 3315 1108 3359 alt.
1139 3315 1333 3357 Testem.
1365 3331 1406 3372 p.
1437 3310 1535 3358 407.
1568 3317 1727 3359 cultum
1759 3322 1922 3374 septem

143 3374 390 3429 angelorum
421 3378 559 3416 ortum
589 3375 802 3430 putabat3
832 3372 944 3428 quod
977 3374 1048 3417 vix
1080 3374 1346 3430 probabitur.
