2158 3848
259 182 385 241 220
850 192 1084 238 LIBER
1126 191 1438 239 PRIMUS.

257 331 373 409 τὴν
425 336 539 392 τοῦ
591 326 844 409 ἡνιόχου
898 327 1188 412 κεφαλήν.
1276 326 1516 387 Eodem
1570 335 1846 406 spectant
1888 326 2026 385 Plo-

256 432 372 489 tini
425 427 614 491 verba
666 429 824 489 Enn.
864 430 971 490 IV.
1037 430 1106 488 L.
1149 430 1254 488 III.
1316 429 1412 487 12.
1458 425 1601 486 381.
1646 425 1711 487 C.
1770 425 2027 509 ἀνθρώ-

256 555 392 595 πων
435 530 635 614 ψυχαὶ
688 532 811 590 ἐκεῖ
863 532 1143 615 ἐγένοντο
1201 531 1456 592 ἄνωθεν
1499 529 1873 610 ὅρμηθεῖσαι
1914 529 2029 589 οὐκ

255 634 711 713 ἄποτμηθεῖσαι
771 629 837 690 δ’
885 629 1020 690 οὐδ’
1066 628 1252 690 αὐταὶ
1291 623 1399 708 τῆς
1442 632 1686 691 ἑαυτῶν
1731 629 1920 709 ἀρχῆς
1962 652 2026 687 τε

251 733 356 794 καὶ
397 737 513 793 νοῦ
557 765 641 773 —-
686 728 812 789 ἀλλ’
859 729 1156 809 ἔφθασαν
1183 727 1314 809 ,μὲν
1350 730 1530 810 μέχρι
1570 736 1713 814 γῆς,
1758 725 1920 809 κάρα
1958 724 2027 788 δὲ

252 833 462 898 αὐταῖς
506 827 852 910 ἐστήρικται
906 826 1198 910 ὑπεράνω
1249 835 1363 889 τοῦ
1420 831 1711 911 οὐρανοῦ.
1799 826 2027 903 Taylo-

248 948 383 1003 rus,
439 931 544 1009 qui
587 929 817 988 Plotini
859 947 937 987 ne
982 928 1172 989 verbo
1217 927 1467 1008 quidem
1505 935 1682 986 tenus
1725 928 2027 999 meminit,

246 1031 364 1089 hoc
406 1029 813 1108 fragmentum
861 1026 1292 1102 Chaldaicum,
1353 1030 1661 1105 syringem
1707 1027 2027 1107 Optationi

246 1131 545 1203 referem,
589 1129 850 1210 protulit
893 1128 962 1188 T.
1005 1128 1200 1217 XVII.
1244 1149 1306 1209 p.
1357 1127 1495 1189 151.

364 1298 775 1373 ,Συνυφίσταται
810 1296 906 1367 γὰρ
943 1296 1010 1349 τὰ
1046 1296 1239 1367 φυσικὰ
1273 1295 1395 1368 ἔργα
1431 1302 1503 1369 τῷ
1541 1299 1699 1368 νοερῷ
1736 1293 1903 1364 φέγγει

457 1387 551 1435 τοῦ
586 1379 809 1451 πατρός·
847 1381 992 1451 ψυχὴ
1027 1381 1123 1453 γὰρ
1159 1379 1192 1451 ἦ
1227 1379 1537 1450 κοσμήσασα
1567 1380 1659 1434 τὸν
1693 1379 1851 1448 μέγαν

386 1467 603 1539 οὐρανὸν
639 1468 723 1518 καὶ
759 1471 1025 1534 κοσμοῦσα
1059 1466 1190 1534 μετὰ
1224 1472 1317 1519 τοῦ
1351 1464 1572 1538 πατρός·

454 1553 644 1623 κέρατα
681 1552 738 1603 δὲ
774 1553 857 1603 καὶ
896 1550 1054 1620 αὐτῆς
1091 1548 1381 1623 ἐστήρικται
1419 1551 1542 1605 ἄνω.

242 1736 304 1786 et
357 1727 474 1786 hoc
529 1745 564 1784 e
607 1724 854 1784 Proculi
895 1724 1052 1785 Tim.
1095 1745 1157 1805 p.
1207 1725 1344 1786 106.
1387 1725 1682 1785 sumsisse
1734 1740 1802 1783 se
1855 1721 2024 1796 dicit,

159 1902 162 1905 .
239 1828 347 1887 ubi
405 1824 837 1886 tantummodo
906 1828 1120 1905 priora
1171 1826 1362 1888 verba
1423 1825 1882 1908 συνυφίσταται
1936 1861 2022 1870 -—

238 1925 472 2011 πατρός
527 1925 891 1998 afferuntur,
953 1935 1193 1985 caetera
1249 1927 1356 1986 ubi
1409 1926 1718 2004 legantur,
1777 1925 2021 1983 lectori-

236 2029 350 2088 bus
393 2025 807 2107 quaerendum
850 2026 1142 2106 relinquit
1166 2027 1501 2104 TaylorUS‚
1543 2025 1804 2085 ridiculo
1848 2044 2018 2084 men-

238 2129 318 2188 do
363 2129 591 2210 κέρατα
633 2144 749 2205 pro
792 2134 992 2207 κρᾶτα
1035 2128 1190 2186 nihil
1234 2128 1547 2186 offensus..
1605 2127 1848 2210 Φέγγος
1881 2148 2018 2188 νοε-

236 2227 352 2312 ρόν
396 2227 618 2286 Plotin.
662 2225 764 2284 VI.
819 2225 888 2284 L.
934 2224 1064 2285 VII.
1129 2225 1239 2300 15,
1295 2227 1440 2286 708.
1495 2228 1562 2285 in
1618 2225 1879 2284 oraculis
1934 2225 2016 2283 le-

235 2339 430 2400 ctum,
496 2345 755 2406 quorum
801 2325 1081 2385 diversos
1137 2328 1475 2388 corrivavit
1515 2324 1810 2386 Proculus
1855 2325 2016 2388 Tim.

232 2429 339 2489 ΠΙ.
388 2424 528 2486 155.
582 2425 691 2484 ubi
745 2424 1041 2485 Amorem
1093 2427 1277 2486 rebus
1337 2426 1622 2486 omnibus
1677 2428 2018 2505 ingenitum

237 2529 416 2589 dicit:
447 2530 661 2609 ’Όφρα
702 2525 782 2587 τὰ
826 2524 1034 2587 πάντα
1075 2527 1230 2606 μένῃ
1265 2525 1505 2608 χρόνον
1547 2533 1632 2597 εἷς
1666 2529 2016 2610 ἀπέραντον

237 2627 416 2693 ἰόντα
469 2625 626 2708 μηδὲ
680 2622 845 2703 πάση
866 2626 914 2701 [²
997 2624 1076 2685 τὰ
1121 2625 1354 2707 πατρὸς
1409 2634 1639 2709 νοερῶς
1681 2628 2014 2709 ὑφασμένα

234 2731 474 2815 φέγγει·
509 2725 648 2788 ,διὰ
700 2724 824 2810 γὰρ
879 2732 1106 2788 τοῦτον
1161 2725 1276 2789 τὸν
1329 2728 1528 2809 ἔρωτα
1570 2723 1778 2789 πάντα
1819 2729 2016 2811 ἥρμο-

235 2852 376 2892 σται
437 2825 733 2906 ἀλλήλοις.
813 2825 924 2900 Ὡς
980 2828 1047 2888 ἐν
1103 2826 1283 2908 ἔρωτι
1334 2826 1489 2908 μένῃ
1549 2824 1788 2909 κόσμου
1848 2851 2011 2892 στοι-

355 3000 416 3055 [a]
449 2996 586 3052 Μηδὲ
626 2991 852 3051 παύσηται
890 2994 1099 3038 Proculus
1140 2995 1364 3051 scripsisse
1392 2995 1591 3048 videtui-3
1621 3000 1752 3054 poeta
1779 2998 1897 3056 μηδὲ
1925 2997 2010 3043 κά-

235 3074 312 3117 μῃ.
374 3058 506 3099 Certe
545 3053 715 3116 πατρὸς
752 3056 896 3113 νοερῷ
936 3057 1267 3112 συνυφασμένα
1306 3056 1470 3113 φέγγει
1521 3056 1685 3099 oraculi
1725 3058 1861 3100 verba
1898 3063 2009 3102 sunt.

237 3116 357 3161 Male
398 3114 638 3157 Bullialdus
679 3114 735 3156 ad
779 3113 947 3156 Theon.
992 3112 1134 3154 Math.
1174 3127 1217 3169 p.
1256 3113 1355 3156 212.
1395 3115 1574 3171 corrigit
1601 3111 1664 3173 μὴ
1697 3115 1748 3160 δὲ
1777 3113 1922 3171 πάντη
1950 3142 2009 3150 ..-

237 3171 409 3234 φεύγῃ,
465 3173 628 3215 relictis
680 3172 876 3216 caeteris.
955 3170 1226 3213 Hermannus
1266 3171 1313 3214 in
1351 3173 1526 3230 Fragm.
1570 3173 1706 3230 Orph.
1757 3174 2006 3218 XXXVIII.

234 3232 351 3292 μηδὲ
380 3235 494 3291 πέσῃ
524 3229 579 3274 τὰ
607 3228 788 3291 πατρός.
826 3231 895 3273 De
921 3229 1417 3285 Herrmanni-Heyniani
1445 3232 1810 3276 emendationibus
1838 3239 1884 3276 et
1911 3232 2007 3288 phi—

235 3289 538 3349 losophematis
578 3289 622 3332 in
660 3290 836 3333 Feste
879 3302 986 3331 von
1027 3288 1227 3331 Hellas
1265 3288 1322 3332 Τ.
1363 3292 1398 3334 Ι.
1440 3305 1482 3348 p.
1510 3289 1582 3335 34.
1623 3298 1770 3336 tacere
1798 3294 2006 3349 praestat.

236 3348 424 3394 Primum
454 3362 621 3392 versum
651 3349 780 3393 affert
808 3346 1014 3391 Proculus
1041 3347 1086 3389 in
1116 3346 1256 3390 Alcib.
1286 3362 1328 3406 p.
1357 3351 1429 3400 26.
1460 3352 1533 3396 ubi
1561 3352 1808 3411 πυριβριθῆ
1835 3349 2004 3406 legitur.
