2158 3848
826 176 1281 257 eupales.
1819 168 1939 230 631

163 314 355 371 moris
399 309 813 377 stomachatur
847 323 1102 365 uxorem
1137 304 1434 367 urbanam
1468 310 1722 380 καινοὺς
1756 314 1942 383 ἔπεις-

166 410 340 495 ἄγειν
392 407 583 479 θεούς
624 395 710 453 -’-·
751 404 1079 476 Κωλιᾶὃας
1134 404 1174 485 ἢ
1230 411 1294 467 Γ
1286 405 1671 475 wermudae
1682 452 1702 479 ,
1761 428 1944 489 quam

167 518 486 586 utramque
550 508 742 567 etiam
798 505 1152 583 Misogynes
1206 503 1550 567 Lucianeus
1606 513 1744 568 cum
1804 510 1941 570 aliis

162 604 526 686 quibusdam
598 604 872 682 ejusdem
942 613 1126 665 notae
1195 603 1428 667 deabus
1487 624 1526 666 a
1578 606 1940 668 mulieribus

160 705 451 765 celebrari
492 704 846 784 indignatur
888 704 1130 774 Amorr.
1177 726 1225 764 c.
1268 705 1371 767 42.
1418 705 1561 766 304.
1608 705 1677 766 Τ.
1725 705 1795 765 V.
1840 710 1942 773 εὗ-

157 806 286 885 θύς
344 806 465 869 ἀπὸ
522 814 631 886 τῆς
686 806 882 876 οἰκίας
925 805 1157 878 ἔξοδοι,
1202 806 1308 869 καὶ
1350 813 1472 875 πᾶς
1517 806 1665 876 θεὸς
1709 807 1940 889 ἐπιτρί-

155 910 295 988 βων
347 906 495 976 τοὺς
548 904 1012 991 γεγαμηκότας,
1072 901 1163 968 ὧν
1220 906 1403 969 ἐνίων
1459 907 1518 967 οἱ·
1558 906 1939 989 κακοδαίμο-

156 1003 258 1075 νες
321 1005 546 1089 ἄνδρες
600 1005 747 1069 οὐδὲ
793 1007 954 1068 αὐτὰ
998 1010 1166 1068 ἴσασι
1209 1005 1287 1068 τὰ
1333 1003 1648 1084 ὀνόματα,
1693 1004 1938 1069 Κωλιά-

156 1105 272 1175 ὃας
313 1106 420 1168 καὶ
461 1105 902 1175 Γενετυλλίὸας
924 1104 981 1184 ἢ
1022 1105 1139 1182 τὴν
1179 1103 1474 1188 Φρυγίαν
1517 1103 1791 1185 δαίμονα
1834 1106 1939 1166 καὶ

153 1205 268 1267 τὸν
324 1205 638 1285 ὃυςέρωτα
692 1212 910 1286 κῶμον
964 1204 1063 1266 ἐπὶ
1114 1210 1206 1284 τῷ
1259 1204 1502 1284 ποιμένι
1519 1200 1611 1282 [¹].
1700 1200 1938 1275 Quibus

155 1321 342 1383 quum
404 1302 710 1362 Lucianus
767 1302 1016 1381 longam
1073 1302 1402 1362 Menandri
1454 1308 1630 1384 ῥῆσιν
1683 1303 1937 1383 subjun-

151 1413 285 1481 gat,
340 1403 452 1462 illa
509 1421 752 1482 quoque
807 1403 884 1462 ab
942 1404 1058 1464 hoc
1100 1413 1288 1483 poeta
1331 1405 1624 1465 sumsisse
1666 1403 1933 1477 videtur,
2012 1460 2016 1465 .

152 1505 256 1584 qui
312 1505 602 1562 maritum
657 1502 964 1583 quendam
1007 1490 1351 1563 introduxit
1395 1503 1757 1585 ἀχθόμενον
1798 1511 1933 1574 ταῖς

151 1603 291 1686 περὶ
331 1603 448 1683 τὴν
491 1603 694 1667 οὶκίαν
736 1603 1047 1674 δαπάναις
1067 1601 1145 1685 [¹¹]

829 1745 1173 1815 ἐπιτρίβουσιν
1206 1742 1344 1812 ἡμᾶς
1378 1743 1427 1795 οἷ
1462 1746 1578 1796 θεοὶ

401 1827 629 1896 μάλιστα
663 1828 782 1890 τοὺς
815 1826 1094 1897 γήμαντας·
1134 1828 1210 1882 ἀεὶ
1245 1826 1342 1897 γάρ
1379 1848 1494 1880 τινα

405 1913 542 1985 ἄγειν
577 1910 757 1984 ἑορτήν
792 1912 892 1966 ἔστ’
933 1912 1124 1984 ἀνάγκη
1148 1917 1230 1981 [*],

146 2062 298 2123 Illae
341 2068 548 2120 autem
591 2061 929 2120 matutinae
955 2060 1154 2131 ἔξοδοι
1174 2060 1735 2140 processionesque,
1780 2077 1931 2138 quas

147 2162 455 2222 Lucianus
497 2161 871 2240 insequitur,
910 2170 979 2245 κοε
1022 2169 1426 2222 convotarum
1469 2159 1703 2221 τελεταὶ
1739 2156 1931 2238 ‹iv-1643-

152 2267 323 2343 ρητοι
377 2260 484 2323 καὶ
527 2260 721 2343 χωρὶς
776 2261 1034 2342 ἀνδρῶν
1089 2261 1336 2323 ὕποπτα
1390 2256 1701 2341 μυστήρια
1759 2257 1929 2334 cujus

151 2371 337 2421 notae
395 2370 458 2419 et
511 2359 815 2420 formulae
870 2359 1133 2434 fuerint,
1191 2367 1449 2440 apparet
1503 2379 1539 2425 e
1594 2355 1930 2418 Clementis

150 2461 396 2543 probris
451 2460 519 2518 in
570 2460 860 2519 mulieres
895 2462 1077 2539 jactis
1122 2458 1380 2537 Paedag.
1423 2459 1530 2517 ΠΙ.
1574 2458 1717 2518 269.
1761 2482 1931 2540 περι-

152 2564 478 2646 φέρονται
517 2560 641 2624 οἷνά
706 2561 787 2624 τὰ
841 2562 975 2644 ἱερὰ
1029 2558 1408 2642 ἑκθυόμεναι
1460 2558 1566 2621 καὶ
1622 2555 1929 2639 μαντευό-

272 2743 332 2804 [l]
366 2745 468 2792 Non
498 2745 624 2788 Paria
652 2749 720 2795 est
749 2748 826 2786 aut
853 2744 1125 2800 Endymion,
1155 2747 1205 2787 ut
1232 2743 1489 2815 interpretes
1518 2744 1700 2799 putant,
1742 2739 1817 2782 sed
1847 2740 1930 2782 At-

156 2804 241 2858 tis,
309 2819 404 2849 uem
438 2803 668 2848 bubulcum
697 2806 827 2846 vocat
855 2802 1115 2846 Theocritus
1143 2802 1198 2845 X.
1227 2799 1297 2845 40.
1328 2800 1545 2861 ἄγροικον
1573 2797 1862 2842 Philostratus
1891 2797 1927 2840 I.

156 2861 243 2919 Ep.
310 2863 352 2906 9.
388 2877 432 2920 p.
473 2861 574 2905 930.
614 2866 830 2919 pastorem
868 2861 1091 2905 Paullinus
1132 2860 1327 2904 Nolanus
1367 2861 1483 2915 (sive
1518 2856 1752 2912 Antonius)
1784 2856 1926 2899 Carm.

156 2921 234 2964 IV.
263 2935 306 2964 v.
335 2921 404 2965 79.
442 2921 489 2964 in
518 2919 679 2964 Asiecd.
710 2919 923 2964 Murator.
953 2920 1168 2963 Aruobius
1196 2919 1274 2962 lv.
1305 2917 1374 2962 35.
1416 2916 1680 2959 Saltatur
1720 2914 1928 2971 Magna

157 2983 336 3024 mater
374 2994 489 3024 cum
529 2978 742 3022 infulis
780 3003 837 3012 —
878 2979 930 3022 in
971 2978 1214 3022 bubulci
1253 2977 1525 3033 amplexu.
1571 2973 1830 3018 Tertullian.
1872 2972 1927 3016 ad

157 3037 336 3081 Natiou.
364 3037 400 3080 1.
432 3036 530 3082 149.
564 3036 621 3079 Τ.
654 3036 707 3079 V.
738 3036 867 3081 Seml.
898 3037 1116 3094 Cybele
1146 3041 1434 3095 pastorem
1465 3033 1733 3091 suspirat
1759 3032 1924 3080 fasti-

158 3097 383 3139 diosum.
450 3096 502 3138 In
532 3100 724 3139 veterum
754 3095 964 3139 artificum
995 3095 1261 3140 monimentis
1290 3093 1444 3151 pedum
1475 3097 1520 3137 et
1548 3091 1692 3135 fistula
1721 3092 1763 3134 ei
1791 3105 1919 3149 appo-

159 3161 331 3198 nuntur.
1004 3166 1007 3169 ⁴

276 3239 342 3298 [ll]
376 3255 415 3282 v.
445 3240 652 3298 Epimetr.
684 3239 759 3283 x1.

277 3329 333 3385 [⁶]
365 3343 405 3385 p.
441 3323 536 3370 114.
567 3325 751 3371 Meinek.
