2158 3848
214 186 339 248 544
742 200 982 244 LIBER
1024 199 1454 263 SECUNDUS.

212 348 440 392 nomen
489 329 703 411 Ἑκάτη
760 332 959 390 sorori
1016 329 1326 411 Apollinis
1364 331 1629 403 Ἑκάτου
1686 331 1993 407 tribuisse,

209 429 376 510 quod
436 438 501 491 et
553 429 894 507 Aeschylus
949 431 1096 490 fecit
1151 440 1215 490 et
1268 431 1390 491 alii.
1447 430 1620 493 Idem
1664 453 1725 514 p.
1775 433 1914 494 100.
1939 436 1995 513 Ῑὴ
2056 447 2059 450 ’

207 529 381 615 Κόρη
429 531 590 593 κατὰ
633 529 752 612 μὲν
793 531 909 609 τὴν
953 527 1266 612 ἀκρότητα
1309 535 1530 613 ἑαυτῆς
1558 533 1849 616 Ἄρτεμις.
1880 522 1994 595 κα-

209 638 399 693 λεῖται
473 631 614 711 παρ’
673 631 921 711 Ὀρφεῖ,
998 630 1156 696 κατὰ
1228 630 1324 705 δὲ,
1356 631 1427 694 τὸ
1487 633 1682 714 μέσον
1738 623 1996 717 κέντρον

207 727 622 811 Περσεφόνη,
683 727 843 790 κατὰ
898 726 992 799 δὲ,
1022 728 1093 790 τὸ
1154 731 1342 812 πέρας
1382 738 1490 808 τῆς
1533 730 1995 814 διακοσμήσεως

198 831 462 907 Ἀθηνᾶ·
528 846 605 886 ex
670 846 792 907 quo
835 827 991 887 nihil
1036 826 1306 906 amplius
1351 827 1606 890 efficitur
1645 850 1833 912 quam
1876 831 1994 891 hoc

208 927 662 1007 pervulgatum,
707 926 1056 997 Minervam
1100 946 1247 1000 cum
1282 927 1651 1010 Proserpina
1694 939 1765 1001 οι,
1789 930 1996 999 Diana

206 1046 434 1094 nomen
475 1026 648 1111 Κόρη
694 1047 1016 1088 commune
1060 1026 1309 1088 hahere,
1347 1027 1522 1091 Idem
1560 1019 1713 1099 mox
1750 1048 1815 1110 Ρ.
1855 1030 1992 1091 102.

207 1130 350 1212 παρ’
406 1130 627 1211 Ὀρφεῖ
663 1128 701 1208 ἡ
746 1127 1040 1213 Δημήτηρ
1086 1129 1507 1215 ἐγχειρίζουσα
1547 1138 1623 1212 τῇ
1651 1128 1839 1214 ··Κόρῃ
1879 1131 1994 1209 τὴν

204 1228 529 1311 βασιλείαν
572 1229 765 1313 φησίν

345 1338 532 1411 Αὐτὰρ
555 1339 877 1402 Ἀπόλλωνος
910 1340 1139 1411 θαλερὸν
1173 1341 1318 1407 λέχος
1343 1344 1671 1408 εῗςαναβᾶσαε

343 1426 505 1489 τέξεαι
539 1423 704 1494 ἀγλαὰ
738 1425 886 1477 τέκνα
920 1426 1362 1495 πυριφλεγέθοντα
1395 1424 1680 1496 προςώποις
1699 1425 1761 1494 [¹¹]

201 1527 378 1588 Idem
434 1547 494 1607 p.
544 1526 683 1586 112.
745 1527 782 1606 ἡ
828 1524 998 1609 Κόρη
1043 1527 1202 1589 κατὰ
1246 1525 1364 1609 μὲν
1405 1527 1522 1607 τὴν
1549 1529 1836 1611 Ἄρτεμιν
1876 1530 1990 1608 τὴν

202 1632 270 1692 ἐν
325 1631 512 1708 ἑαυτῇ
571 1627 677 1690 καὶ
730 1627 846 1706 τὴν
881 1628 1180 1706 Ἀθηνᾶν
1235 1629 1553 1706 παρθένος
1608 1628 1842 1713 λέγεται
1883 1630 1991 1710 με’-

202 1753 367 1802 νειν,
412 1729 573 1791 κατὰ
617 1728 686 1791 δὲ
729 1727 845 1807 τὴν
886 1735 993 1808 τῆς
1038 1727 1449 1811 Περσεφόνης
1485 1725 1750 1814 γόνιμον
1794 1726 1992 1792 δύνα-

203 1852 317 1910 μιν
363 1827 797 1893 συνάπτεσθαι
838 1835 929 1910 τῷ
970 1828 1161 1911 τρίτῳ
1205 1829 1571 1914 δημιουργῷ
1604 1829 1711 1892 καὶ
1741 1828 1989 1903 τίκτειν,

202 1929 294 1999 ὥς
338 1950 531 2012 φησιν
567 1926 832 2012 Ὀρφεύς

339 2040 513 2094 Ἐννέα
545 2040 840 2111 θυγατέρας
873 2038 1232 2110 γλαυκώπιδας
1267 2039 1668 2111 ἀνθεσιουργοῦς
1687 2044 1748 2108 [⁶]

205 2161 362 2223 quae
415 2144 556 2223 pari
615 2142 986 2202 obscuritate
1039 2153 1403 2222 premuntur
1432 2139 1504 2224 [ἆ]
1560 2142 1834 2203 Hecatae
1879 2161 1988 2202 no-

200 2263 347 2304 men
389 2242 470 2304 ad
506 2241 744 2304 Cereris
787 2243 978 2303 filiam
1023 2243 1390 2304 translatum
1426 2261 1559 2304 esse
1592 2252 1766 2324 patet
1798 2244 1988 2303 etiam
2083 2272 2095 2281 ·

202 2364 293 2403 ex·
324 2345 447 2404 alio
490 2344 660 2417 loco,
720 2363 901 2424 quem
947 2343 1146 2403 Schol.
1189 2343 1398 2424 Apoll.
1441 2344 1547 2403 ΙΠ.
1584 2336 1737 2404 467.
1779 2362 1987 2407 serva-

202 2446 322 2532 vit?
380 2445 704 2525 Περσηίδα
757 2445 874 2524 τὴν
923 2444 1180 2525 Ἑκάτην
1233 2446 1414 2530 λέγει·
1471 2442 1633 2514 τινὲς
1675 2444 1745 2507 δὲ
1789 2444 1985 2524 αὐτήν

201 2564 358 2627 φασι
412 2545 561 2614 Διὸς
616 2546 773 2607 εἶναι
828 2545 1053 2606 παῖδα·
1111 2550 1179 2608 ἐν
1221 2544 1290 2606 δὲ
1333 2550 1462 2613 τοῖς
1497 2546 1814 2629 Ὀρφικοῖς
1857 2543 1983 2627 Δή-

197 2669 428 2728 μητρος
470 2650 918 2730 γενεαλογεῖται
1653 2648 1655 2650 ’

336 2758 445 2810 Καὶ
477 2754 590 2809 τότε
627 2755 692 2825 δὴ
716 2753 934 2825 Ἑκάτην
965 2754 1096 2824 Δηὼ
1128 2755 1266 2807 τέκεν
1301 2754 1639 2827 εὐπατέρειαν.

198 2879 275 2919 ex
330 2857 507 2920 Jovis
564 2858 919 2931 concubitu,
975 2866 1046 2917 ut
1102 2855 1383 2931 videtur,
1441 2859 1497 2917 si
1550 2858 1650 2917 hic
1695 2853 1978 2939 Orpheus

197 3057 213 3100 l
317 2995 576 3101 [ι’]Ιδῖέξεαι
604 3004 724 3043 recte
752 3001 939 3057 Peyron.
970 2992 1011 3057 Ρ.
1045 2998 1141 3040 170.
1173 3005 1218 3042 et
1247 3000 1434 3042 Werfer.
1463 3015 1506 3058 Ρ.
1533 2998 1631 3043 143.
1660 3001 1829 3050 τέξεται
1853 3001 1976 3059 Tay-

215 3070 264 3100 or
293 3071 321 3114 Ρ

316 3116 331 3171 Ι,
340 3118 378 3172 0]
406 3114 747 3174 Ἀνθεσιεργούς
775 3117 937 3162 mavult
966 3118 1188 3160 Werferus
1217 3133 1259 3175 Ρ.
1292 3114 1389 3160 147.
1420 3117 1534 3174 quod
1563 3131 1646 3159 non
1675 3118 1975 3161 necessarium.
2005 3123 2008 3127 ’

199 3188 242 3217 ν.
275 3174 332 3217 ad
361 3175 523 3230 Phryn.
553 3190 596 3232 Ρ.
627 3175 727 3218 667.

316 3229 383 3290 [d]
429 3234 580 3277 Musas
620 3235 833 3291 Apollinis
869 3235 984 3278 filias
1013 3234 1126 3278 dixit
1154 3234 1387 3290 Eumelus,
1418 3238 1556 3278 matre
1584 3236 1748 3292 ignota.
1778 3249 1819 3278 v.
1858 3234 1975 3278 Her-

196 3304 335 3334 mann.
373 3292 427 3334 de
469 3293 1037 3354 Mus.F1uvia1.p.289.
1087 3294 1163 3338 ubi
1203 3310 1282 3352 pro
1330 3297 1595 3340 Τιποπλοῦν
1634 3297 1819 3340 fortasse
1853 3293 1974 3338 ’Eus-

198 3353 318 3395 ποῦν
347 3352 630 3396 scribendum.

2152 795 2158 849 -1-2-
2153 754 2158 791 ›-—
2153 687 2158 750 .—-.
2150 542 2158 683 -τ-ᾼ
2156 516 2158 535 Α
