2158 3848
770 224 1222 268 oRPHICA.
1760 210 1882 270 261

107 359 388 419 Minerva
430 365 492 414 et
532 343 762 435 Apollo
807 358 1133 422 conserunt
1175 351 1550 410 auscultator
1595 364 1657 412 et
1699 355 1885 413 inter-

105 477 248 539 pres
291 455 450 516 VIII.
494 454 596 514 44.
642 453 717 515 cf.
764 449 970 524 Quint.
1018 446 1145 509 Cal.
1190 449 1353 510 VIII.
1397 449 1539 511 254.
1587 461 1648 510 et
1683 452 1881 529 Eury-

104 557 315 616 damas
371 551 759 636 ὀνειροπόλος
815 548 887 609 V.
938 548 1075 610 148.
1164 546 1379 623 Quem¹
1421 550 1878 613 adnumerum

101 653 392 714 accedunt
431 652 681 730 Merops
734 649 960 733 μάντις
1015 652 1276 712 eximius
1331 650 1500 733 apud
1560 652 1878 711 Percosios

95 755 172 814 H.
216 754 358 814 831.
417 762 479 811 et
531 752 854 828 Mysorum
911 751 1046 810 dux
1085 754 1384 835 Ἔννομος
1437 750 1759 831 οἰωνιστής
1799 752 1875 811 ΙΙ.

93 852 238 914 858.
302 851 496 912 XVII.
558 852 701 911 218.
810 853 910 911 Illi
970 860 1209 927 autem,
1297 854 1404 932 qui
1466 854 1531 911 in
1593 861 1880 911 extrema.

0 798 4 1073 Ι
89 951 282 1013 Iliade
324 953 726 1011 nominantur
751 950 1078 1026 θυοςκόοι,
1123 971 1454 1031 quamnam
1500 962 1695 1011 artem
1729 971 1870 1033 pro-

90 1054 239 1112 fessi
281 1053 434 1124 sint,
494 1053 747 1130 majoris
793 1061 888 1112 est
930 1051 1409 1111 deliberationis
1497 1053 1871 1111 Grammati-

91 1172 300 1213 corum
367 1154 722 1211 sententiae
775 1151 1143 1232 discrepant.
1253 1148 1459 1224 UnuS‚
1548 1150 1867 1225 θυοςκόοι,

86 1254 313 1332 inquit,
359 1254 435 1316 ,οἱ
491 1252 597 1314 διὰ
642 1259 772 1315 τῶν
819 1253 1353 1336 ,ἐπιθυμιωμένων
1392 1250 1865 1334 μαντευόμενοι,

87 1356 146 1416 οἳ
185 1353 292 1415 καὶ
333 1350 797 1435 ἐμπυροσκόποι
851 1354 958 1416 καὶ
1011 1351 1514 1437 λιβανομάντεις·
1575 1356 1752 1436 ἱερεῖς
1795 1352 1864 1415 δὲ
1930 1338 1932 1340 ¹

86 1455 145 1516 οἱ
176 1453 283 1515 διὰ
311 1450 711 1537 σπλάγχνων·
758 1453 915 1513 alius
955 1453 1106 1515 vero
1143 1454 1262 1513 hoc
1295 1451 1515 1512 modo:
1560 1449 1864 1522 θυοςκόος

83 1554 117 1616 ὅ
160 1551 267 1615 διὰ
312 1550 686 1637 σπλάγχνων
727 1553 1067 1635 τὸμέλλον
1108 1553 1320 1633 δηλῶν
1361 1554 1401 1632 ἢ
1445 1554 1524 1615 δι’
1571 1551 1865 1635 ἐμπύρων

82 1655 268 1735 ἱερῶν
321 1651 402 1713 τὰ
457 1650 883 1733 σημαινόμενα
935 1663 1122 1718 νοῶν.
1213 1654 1438 1726 Stoici,
1505 1673 1692 1733 quum
1738 1651 1862 1711 duo

78 1754 368 1813 fecissent
408 1751 791 1812 vaticinandi
833 1773 1086 1831 genera,
1143 1773 1333 1813 unum
1379 1756 1560 1827 artiS‚
1615 1772 1734 1832 quo
1780 1755 1863 1814 ἱε-

80 1852 377 1937 ροσκοπία
423 1853 796 1926 continetur,
864 1856 1126 1914 alterum
1182 1863 1468 1927 naturae,
1534 1871 1657 1931 quo
1702 1851 1862 1912 divi-

78 1955 251 2013 natio
304 1952 530 2011 furoris
587 1952 695 2033 (τὸ
750 1954 891 2036 περὶ
943 1956 1089 2024 τοὺς
1146 1952 1682 2037 ἐνθουσιασμούς)
1727 1951 1859 2011 ΗΟ-

75 2072 313 2114 merum
366 2053 686 2131 utriusque
740 2055 1028 2114 notitiam
1075 2054 1362 2114 habuisse
1418 2052 1863 2114 contenderunt

75 2172 137 2215 v.
179 2152 481 2212 Plutarch.
538 2150 616 2210 de
674 2153 852 2216 PoeS.
894 2154 1083 2214 Hom.
1126 2157 1203 2214 ΙΙ.
1262 2177 1309 2214 c.
1355 2156 1495 2215 212.
1565 2174 1626 2233 p.
1676 2153 1858 2212 1238.

78 2255 185 2333 qui
237 2253 499 2311 fortasse
556 2249 892 2332 Chrysippi
945 2254 1172 2313 librum
1228 2256 1369 2337 περὶ
1409 2263 1708 2336 μαντικῆς
1765 2271 1857 2311 se·-

77 2362 302 2434 quutus
346 2361 457 2410 est.
542 2352 626 2411 Et
666 2352 1004 2414 furentium
1050 2354 1501 2415 divinationem
1544 2353 1857 2434 quomodo

5 2535 7 2538 ⁸
78 2455 469 2525 confirment,
511 2452 725 2533 paullo
769 2462 915 2532 post
956 2453 1205 2529 vider03
1248 2456 1475 2535 prioris
1520 2462 1725 2513 autem
1757 2474 1853 2531 ge-

1 2540 7 2593 ’ἷ
73 2555 238 2614 neris
279 2553 987 2629 nullum-argumentum
1030 2554 1325 2628 afferunt,
1367 2557 1435 2613 in
1466 2556 1688 2633 vulgus
1734 2574 1857 2612 cre-

0 2710 2 2722 ,
74 2654 236 2726 dito,
295 2671 524 2712 nomen
563 2650 788 2734 μάντις
831 2672 869 2713 a
909 2653 1253 2736 μαίνεσθαι
1296 2641 1855 2718 (Ιοῐίνειῐιῄπὶᾶθηι

77 2755 412 2831 significare
466 2751 634 2833 quod
689 2754 1158 2835 ἐνθουσιαστής.
1218 2776 1279 2818 v.
1323 2757 1602 2816 Eustath.
1647 2776 1706 2835 p.
1751 2756 1870 2814 48:

7 2883 9 2886 ·
80 2862 143 2911 et
185 2853 363 2913 1489.
452 2853 722 2912 Galenus
755 2854 822 2912 in
847 2851 1193 2916 Comment.
1227 2858 1295 2916 in
1320 2857 1514 2937 Hipp.
1554 2856 1632 2915 de
1654 2854 1850 2914 Morb.

78 2951 253 3011 Acut.
295 2952 450 3013 vict.
494 2953 564 3012 L.
607 2954 653 3040 l.
698 2973 759 3033 p.
791 2953 903 3014 -1o.
947 2956 1016 3015 B.
1073 2957 1142 3016 T.
1187 2956 1295 3016 XI.
1338 2958 1664 3037 μαντικὴνζ
1691 2953 1851 3019 ὠνό-

78 3073 235 3133 μασε
277 3053 390 3131 τὴν
431 3054 849 3134 οὶωνιστικὴν,
912 3057 1018 3118 καὶ
1071 3057 1466 3140 ἱεροσκοπίαν
1507 3058 1621 3137 τὴν
1663 3061 1851 3120 θυτι-

78 3152 190 3231 κὴν
236 3152 354 3214 ὑπὸ
398 3161 527 3216 τῶν
570 3161 815 3217 πολλῶν
858 3160 1276 3240 καλουμένην,
1322 3158 1401 3236 ἢν
1427 3160 1623 3228 ὄντως
1651 3161 1709 3221 οἱ
1738 3160 1847 3220 ἄλ-

80 3261 173 3314 λοι
216 3254 464 3314 παλαιοὶ
504 3262 802 3317 καλοῦσιν
845 3258 1236 3339 ἱεροσκοπίαν
1280 3294 1363 3302 --
1406 3295 1491 3303 -
1541 3258 1699 3328 Τοὺς
1742 3257 1851 3318 διὰ

79 3348 194 3431 τῆς
224 3359 356 3415 τῶν
400 3352 680 3434 ὀρνίθων
734 3352 1005 3434 πτήσεως
1058 3358 1575 3439 μαντευομένους
1600 3356 1851 3440 μάντεις
