2158 3848
697 247 1263 293 ELEUSINIA.
1742 235 1861 298 127

103 389 249 471 φίας
293 385 430 462 (τὴν
470 390 584 446 τοῦ
625 388 852 462 νοητοῦ
885 382 990 443 καὶ
1022 386 1382 467 εἰλικρινοῦς
1416 382 1656 466 νόησιν)
1701 387 1860 447 &no-

103 484 372 550 πτικὸν
425 487 747 556 καλοῦσιν,
775 499 780 504 ’
804 481 889 551 ὥς
931 481 992 544 οἱ
1031 482 1112 544 τὰ
1154 484 1425 555 δοξαστὰ
1468 483 1861 567 παραμειψά-

99 609 272 669 μενοι
324 582 478 665 πρὸς
531 582 604 643 τὸ
647 589 897 664 πρῶτον
938 583 1044 646 καὶ
1086 584 1324 648 διπλοῦν
1367 582 1719 655 ἐξάλλονται
1759 584 1864 644 καὶ

99 682 384 769 θιγόντες
425 684 714 764 καθαρᾶς
758 683 1084 763 ἀληθείας,
1129 684 1298 748 οἷον
1340 688 1421 749 ἐν
1461 691 1724 764 τελετῇ
1767 684 1864 745 τὲ-

99 795 200 854 λος
243 785 398 862 ἔχειν
440 780 838 864 φιλοσοφίας,
882 784 1304 866 νο,ιιίζουσι[“].
1336 790 1338 796 '
1371 784 1454 844 Et
1497 783 1695 843 Schol.
1730 781 1864 842 He-

98 882 247 944 siod.
305 880 529 957 Theog.
587 899 648 942 v.
710 881 806 941 12.
863 882 1066 963 ἐπειδή
1119 910 1212 954 τις
1264 884 1361 946 ἐπὶ
1401 885 1470 946 τὸ
1517 886 1711 952 ὄντως
1752 907 1863 945 κα-

99 985 206 1047 λὸν
264 979 598 1064 ἇναὸράμῃ
651 979 790 1044 τότε
847 983 944 1045 ἐπὶ
984 983 1063 1045 τὰ
1107 992 1214 1063 τῆς
1265 984 1664 1068 φυσιολογίας
1711 1007 1864 1066 προ-

97 1083 296 1166 κόψας
348 1082 427 1144 τὰ
481 1079 837 1163 καλούμενα·
884 1082 1040 1164 μετὰ
1093 1083 1174 1145 τὰ
1228 1081 1495 1164 φυσικά,
1565 1086 1864 1152 ἐποπτι-

96 1186 179 1248 κὸ
197 1211 226 1254 ς
279 1182 529 1269 γίνεται·
584 1198 842 1260 quorum
901 1185 954 1241 si
1010 1182 1145 1260 quis
1202 1182 1405 1242 fontes
1463 1191 1525 1242 et
1565 1183 1866 1264 principia

96 1288 346 1363 ignoret,
389 1278 470 1340 ad
514 1298 787 1340 summos
833 1300 1066 1341 errores
1111 1281 1433 1342 delabatur
1473 1300 1719 1342 necesse
1753 1290 1864 1340 est.

96 1385 416 1443 Praeterea
480 1380 789 1443 veteribus
854 1382 1322 1442 usitatissimum
1385 1383 1534 1457 fuit,
1592 1403 1631 1443 a
1683 1381 1866 1442 rebus

95 1484 278 1543 sacris
323 1480 754 1541 similitudines
811 1483 1138 1542 transferre
1181 1483 1262 1543 ad
1303 1484 1619 1543 literarum
1663 1481 1867 1542 studia

96 1594 158 1643 et
211 1582 292 1641 ad
349 1599 560 1641 omnes
603 1584 670 1640 in
713 1581 890 1642 bonis
934 1583 1167 1642 artibus
1211 1584 1549 1663 profectus3
1594 1582 1758 1663 quod
1799 1584 1867 1641 in

0 1746 1 1756 ἶ
96 1681 589 1742 antecedentibus
631 1681 901 1742 breviter
942 1685 1315 1763 strictimque
1359 1682 1719 1743 adnotatum
1749 1681 1867 1741 hoc

94 1783 230 1842 loco
274 1780 674 1840 illustrabitur
713 1782 1006 1862 pluribus.

258 1881 464 1940 Genus
507 1880 623 1941 hoc
663 1882 1062 1961 metaphorae
1102 1882 1344 1959 ambigo
1404 1898 1701 1963 quosnam
1742 1881 1868 1961 pri-

93 1999 229 2041 mos
283 1983 346 2040 in
400 1998 580 2039 usum
634 1978 942 2042 invexisse
1001 1969 1225 2057 dicam3
1279 1990 1577 2061 poetasne
1593 2025 1611 2055 ‚
1655 1981 1758 2060 qui
1800 1998 1866 2043 se

81 2072 411 2140 'Musarum
465 2099 637 2140 sacra
691 2080 1117 2142 administrare
1175 2082 1384 2143 dicunt
1400 2078 1472 2163 [ἃ]
1529 2081 1867 2162 vulgusque

94 2181 434 2262 profestum
493 2189 555 2240 et
595 2181 924 2261 profanum
968 2184 1143 2261 quasi
1187 2181 1455 2262 quodam
1497 2181 1866 2260 hierophan-

94 2282 214 2338 tico
270 2279 468 2339 edicto
523 2280 821 2340 Helicone
876 2271 1081 2340 arcent
1106 2281 1177 2362 [⁶]
1227 2301 1306 2341 an
1350 2281 1699 2362 SophistaS‚
1761 2280 1866 2358 qui

96 2398 287 2460 quum
326 2380 607 2459 privatas
650 2380 886 2440 scholas
929 2381 1353 2454 instituissent,
1398 2400 1489 2454 ea,
1535 2398 1690 2459 quae
1726 2395 1865 2436 cum

93 2482 305 2561 paucis
347 2479 626 2539 mercede
665 2490 849 2560 pacta
890 2479 1435 2554 communicabant,
1480 2480 1657 2559 quasi
1681 2497 1865 2559 quae-

94 2578 239 2658 dam
292 2579 594 2638 interioris
649 2588 917 2641 catastae
962 2581 1331 2640 scitamenta
1397 2578 1716 2642 venditare
1769 2597 1866 2637 so-

92 2679 188 2741 liti
230 2687 386 2738 sunt.
485 2677 683 2753 Quam
739 2698 951 2740 eorum
1003 2681 1346 2742 vanitatem
1387 2678 1645 2740 irridens
1687 2677 1863 2737 Plato

91 2778 578 2860 frequentissime
628 2780 743 2841 hac
795 2782 1059 2859 imagine
1100 2782 1322 2854 utitur,
1375 2788 1445 2839 ut
1486 2780 1552 2838 in
1593 2776 1862 2854 Euthyd.

213 2947 278 3005 [θ’]
310 2948 518 2992 Similiter
555 2950 794 3006 Gregorius
837 2950 950 2994 Naz.
993 2950 1070 2993 Or.
1111 2950 1166 2994 X.
1208 2965 1251 3008 p.
1283 2950 1380 2992 110.
1409 2949 1463 2992 D.
1494 2946 1605 3007 αὐτῇ
1633 2948 1755 3016 ζτηγῇ
1782 2948 1862 2991 τοῦ

98 3005 236 3050 καλοῦ
263 3004 524 3079 {negatur
553 3011 742 3067 καθαρῷ
770 3011 833 3067 νῷ
862 3007 1071 3070 καθαρὰν
1098 3007 1180 3065 τὴν
1209 3005 1427 3063 ἀλήθειαν
1456 3007 1777 3054 ἔποπτευοντες
1803 3030 1860 3038 --

100 3061 212 3123 ὅπερ
240 3062 296 3119 δη
322 3081 398 3119 της
425 3070 642 3125 ημετέρας
668 3068 791 3118 τέλος
817 3070 1150 3127 μυσταγωγίας.

99 3138 483 3260 τεύσὲἣγὲἓῖἃΐ-
524 3145 699 3203 Fragm-
739 3147 827 3190 Ine.
864 3147 960 3191 XV.
989 3162 1031 3205 p.
1061 3146 1159 3190 629.
1198 3141 1415 3204 μαντεύεο
1445 3145 1639 3199 Μοῦσα,
1669 3157 1858 3202 προφα-

220 3277 282 3333 [⁰]
314 3293 355 3321 v.
385 3280 569 3325 cnaub.
611 3282 669 3334 ad
703 3283 823 3325 Pers.
864 3298 906 3340 p.
947 3284 1016 3331 19.
1058 3286 1286 3327 Burmann.
1317 3282 1374 3325 ad
1404 3280 1582 3333 Quintil.
1611 3278 1773 3324 Institt.
1803 3278 1854 3319 V.

99 3333 160 3435 '813-
171 3334 241 3436 δῖ)
256 3351 313 3452 ἕ.
331 3334 440 3438 84277.
479 3340 745 3385 Wermdorf.
776 3340 832 3385 ad
858 3341 1020 3387 Himer.
1047 3343 1143 3386 Ecl.
1172 3341 1226 3385 X.
1259 3341 1355 3384 177.
1400 3341 1558 3386 Jacobs
1597 3339 1653 3383 ad
1681 3336 1853 3383 Anthol.
