<?xml version="1.0" encoding="UTF-8"?>
<!DOCTYPE html PUBLIC "-//W3C//DTD XHTML 1.0 Transitional//EN"
    "http://www.w3.org/TR/xhtml1/DTD/xhtml1-transitional.dtd">
<html xmlns="http://www.w3.org/1999/xhtml" xml:lang="en" lang="en">
 <head>
  <title>
</title>
<meta http-equiv="Content-Type" content="text/html;charset=utf-8" />
  <meta name='ocr-system' content='tesseract 3.04.00' />
  <meta name='ocr-capabilities' content='ocr_page ocr_carea ocr_par ocr_line ocrx_word'/>
</head>
<body>
  <div class='ocr_page' id='page_1' title='image "./aglaophamussived01lobeuoft_0104.png"; bbox 0 0 2158 3848; ppageno 0'>
   <div class='ocr_carea' id='block_1_1' title="bbox 179 210 1980 441">
    <p class='ocr_par' dir='ltr' id='par_1_1' title="bbox 179 210 1980 441">
     <span class='ocr_line' id='line_1_1' title="bbox 179 210 1385 281; baseline -0.007 -1"><span class='ocrx_word' id='word_1_1' title='bbox 179 210 281 281; x_wconf 69' lang='lat'>“88</span> <span class='ocrx_word' id='word_1_2' title='bbox 787 227 1028 273; x_wconf 80' lang='lat' dir='ltr'>LIBER</span> <span class='ocrx_word' id='word_1_3' title='bbox 1069 226 1385 273; x_wconf 79' lang='lat' dir='ltr'>PRIMUS.</span> 
     </span>
     <span class='ocr_line' id='line_1_2' title="bbox 203 358 1980 441; baseline -0.002 -14"><span class='ocrx_word' id='word_1_4' title='bbox 203 365 413 438; x_wconf 77' lang='grc' dir='ltr'><em>ζονται</em></span> <span class='ocrx_word' id='word_1_5' title='bbox 441 358 539 441; x_wconf 75' lang='lat'><strong>[¹³].</strong></span> <span class='ocrx_word' id='word_1_6' title='bbox 639 359 764 420; x_wconf 79' lang='lat' dir='ltr'>Sed</span> <span class='ocrx_word' id='word_1_7' title='bbox 810 361 1011 421; x_wconf 86' lang='lat' dir='ltr'>Schol.</span> <span class='ocrx_word' id='word_1_8' title='bbox 1056 361 1137 422; x_wconf 92' lang='lat' dir='ltr'>ad</span> <span class='ocrx_word' id='word_1_9' title='bbox 1179 362 1325 439; x_wconf 87' lang='lat' dir='ltr'><strong>Lyc.</strong></span> <span class='ocrx_word' id='word_1_10' title='bbox 1375 358 1514 420; x_wconf 86' lang='lat'><strong>132.</strong></span> <span class='ocrx_word' id='word_1_11' title='bbox 1560 360 1681 423; x_wconf 80' lang='grc' dir='ltr'>ἅλα</span> <span class='ocrx_word' id='word_1_12' title='bbox 1706 359 1980 432; x_wconf 58' lang='grc' dir='ltr'><em>,ἐτίθουν</em></span> 
     </span>
    </p>
   </div>
   <div class='ocr_carea' id='block_1_2' title="bbox 123 461 1988 2839">
    <p class='ocr_par' dir='ltr' id='par_1_2' title="bbox 123 461 1988 2839">
     <span class='ocr_line' id='line_1_3' title="bbox 202 461 1982 544; baseline -0.001 -21"><span class='ocrx_word' id='word_1_13' title='bbox 202 461 552 524; x_wconf 80' lang='grc' dir='ltr'><em>οἱπαλαιοὶ</em></span> <span class='ocrx_word' id='word_1_14' title='bbox 594 464 661 525; x_wconf 76' lang='grc' dir='ltr'>εἶν</span> <span class='ocrx_word' id='word_1_15' title='bbox 702 468 837 532; x_wconf 83' lang='grc' dir='ltr'><em>ταῖς</em></span> <span class='ocrx_word' id='word_1_16' title='bbox 879 472 1008 527; x_wconf 82' lang='grc' dir='ltr'>τῶν</span> <span class='ocrx_word' id='word_1_17' title='bbox 1053 462 1270 534; x_wconf 79' lang='grc' dir='ltr'><em>ξενίων</em></span> <span class='ocrx_word' id='word_1_18' title='bbox 1309 466 1644 543; x_wconf 74' lang='grc' dir='ltr'><em>καταρχαῖς</em></span> <span class='ocrx_word' id='word_1_19' title='bbox 1681 463 1982 544; x_wconf 82' lang='grc' dir='ltr'><em>συμβολι-</em></span> 
     </span>
     <span class='ocr_line' id='line_1_4' title="bbox 199 557 1982 645; baseline -0.001 -22"><span class='ocrx_word' id='word_1_20' title='bbox 199 569 352 634; x_wconf 86' lang='grc' dir='ltr'><em>κῶς,</em></span> <span class='ocrx_word' id='word_1_21' title='bbox 422 560 815 644; x_wconf 77' lang='grc' dir='ltr'><em>ἐπευχόμενοι</em></span> <span class='ocrx_word' id='word_1_22' title='bbox 859 563 1052 645; x_wconf 75' lang='grc' dir='ltr'><em>ὥςπερ</em></span> <span class='ocrx_word' id='word_1_23' title='bbox 1100 563 1131 623; x_wconf 82' lang='grc' dir='ltr'><em>ὃ</em></span> <span class='ocrx_word' id='word_1_24' title='bbox 1180 563 1289 631; x_wconf 74' lang='grc' dir='ltr'>ἃλς</span> <span class='ocrx_word' id='word_1_25' title='bbox 1334 565 1398 623; x_wconf 76' lang='grc' dir='ltr'>ἐκ</span> <span class='ocrx_word' id='word_1_26' title='bbox 1441 558 1557 623; x_wconf 69' lang='grc' dir='ltr'><em>δύο</em></span> <span class='ocrx_word' id='word_1_27' title='bbox 1603 557 1854 642; x_wconf 80' lang='grc' dir='ltr'><em>φύσεων</em></span> <span class='ocrx_word' id='word_1_28' title='bbox 1897 566 1982 630; x_wconf 79' lang='grc' dir='ltr'>εἰς</span> 
     </span>
     <span class='ocr_line' id='line_1_5' title="bbox 199 659 1982 747; baseline 0.001 -25"><span class='ocrx_word' id='word_1_29' title='bbox 199 661 353 742; x_wconf 89' lang='grc' dir='ltr'><em>μίαν</em></span> <span class='ocrx_word' id='word_1_30' title='bbox 397 660 612 746; x_wconf 74' lang='grc' dir='ltr'><em>ἐπάγη,</em></span> <span class='ocrx_word' id='word_1_31' title='bbox 660 662 822 723; x_wconf 75' lang='grc' dir='ltr'><em>οὕτω</em></span> <span class='ocrx_word' id='word_1_32' title='bbox 867 670 1140 747; x_wconf 82' lang='grc' dir='ltr'><em>παγῆναι</em></span> <span class='ocrx_word' id='word_1_33' title='bbox 1183 661 1287 723; x_wconf 75' lang='grc' dir='ltr'>καὶ</span> <span class='ocrx_word' id='word_1_34' title='bbox 1328 660 1605 729; x_wconf 79' lang='grc' dir='ltr'><em>τούτους.</em></span> <span class='ocrx_word' id='word_1_35' title='bbox 1665 659 1748 717; x_wconf 84' lang='lat' dir='ltr'>Et</span> <span class='ocrx_word' id='word_1_36' title='bbox 1790 677 1982 738; x_wconf 79' lang='lat' dir='ltr'>qllan-</span> 
     </span>
     <span class='ocr_line' id='line_1_6' title="bbox 201 759 1983 840; baseline -0.002 -20"><span class='ocrx_word' id='word_1_37' title='bbox 201 779 383 840; x_wconf 91' lang='lat' dir='ltr'>quam</span> <span class='ocrx_word' id='word_1_38' title='bbox 420 759 687 836; x_wconf 89' lang='lat' dir='ltr'>symboli</span> <span class='ocrx_word' id='word_1_39' title='bbox 724 779 948 819; x_wconf 89' lang='lat' dir='ltr'>nomen</span> <span class='ocrx_word' id='word_1_40' title='bbox 986 761 1170 835; x_wconf 86' lang='lat' dir='ltr'>latius</span> <span class='ocrx_word' id='word_1_41' title='bbox 1209 769 1385 839; x_wconf 89' lang='lat' dir='ltr'>patet</span> <span class='ocrx_word' id='word_1_42' title='bbox 1419 778 1603 839; x_wconf 91' lang='lat' dir='ltr'>quam</span> <span class='ocrx_word' id='word_1_43' title='bbox 1635 759 1983 836; x_wconf 83' lang='lat' dir='ltr'>allegoriae,</span> 
     </span>
     <span class='ocr_line' id='line_1_7' title="bbox 199 859 1984 939; baseline -0.001 -20"><span class='ocrx_word' id='word_1_44' title='bbox 199 861 508 936; x_wconf 83' lang='lat' dir='ltr'>allegorici</span> <span class='ocrx_word' id='word_1_45' title='bbox 552 868 759 918; x_wconf 90' lang='lat' dir='ltr'>autem</span> <span class='ocrx_word' id='word_1_46' title='bbox 802 879 989 937; x_wconf 85' lang='lat' dir='ltr'>genus</span> <span class='ocrx_word' id='word_1_47' title='bbox 1035 859 1344 939; x_wconf 87' lang='lat' dir='ltr'>quoddam</span> <span class='ocrx_word' id='word_1_48' title='bbox 1362 860 1690 939; x_wconf 17' lang='lat' dir='ltr'>,sublimius</span> <span class='ocrx_word' id='word_1_49' title='bbox 1715 859 1984 935; x_wconf 89' lang='lat' dir='ltr'>mysti-</span> 
     </span>
     <span class='ocr_line' id='line_1_8' title="bbox 201 957 1984 1038; baseline -0.001 -20"><span class='ocrx_word' id='word_1_50' title='bbox 201 978 361 1018; x_wconf 87' lang='lat' dir='ltr'>cum</span> <span class='ocrx_word' id='word_1_51' title='bbox 422 959 803 1038; x_wconf 86' lang='lat' dir='ltr'>appellatur,</span> <span class='ocrx_word' id='word_1_52' title='bbox 859 960 1016 1020; x_wconf 89' lang='lat' dir='ltr'>illud</span> <span class='ocrx_word' id='word_1_53' title='bbox 1069 960 1228 1033; x_wconf 89' lang='lat' dir='ltr'>fere,</span> <span class='ocrx_word' id='word_1_54' title='bbox 1298 957 1464 1037; x_wconf 90' lang='lat' dir='ltr'>quod</span> <span class='ocrx_word' id='word_1_55' title='bbox 1520 957 1600 1016; x_wconf 86' lang='lat' dir='ltr'>ad</span> <span class='ocrx_word' id='word_1_56' title='bbox 1656 958 1984 1017; x_wconf 88' lang='lat' dir='ltr'>Theoriam</span> 
     </span>
     <span class='ocr_line' id='line_1_9' title="bbox 196 1056 1987 1143; baseline 0 -26"><span class='ocrx_word' id='word_1_57' title='bbox 196 1059 331 1119; x_wconf 78' lang='lat' dir='ltr'>sive</span> <span class='ocrx_word' id='word_1_58' title='bbox 395 1058 752 1137; x_wconf 84' lang='lat' dir='ltr'>Anagogam</span> <span class='ocrx_word' id='word_1_59' title='bbox 786 1061 855 1143; x_wconf 78' lang='lat'>[⁰]</span> <span class='ocrx_word' id='word_1_60' title='bbox 910 1061 1191 1133; x_wconf 89' lang='lat' dir='ltr'>inclinat,</span> <span class='ocrx_word' id='word_1_61' title='bbox 1260 1068 1470 1118; x_wconf 88' lang='lat' dir='ltr'>tamen</span> <span class='ocrx_word' id='word_1_62' title='bbox 1525 1056 1828 1119; x_wconf 86' lang='lat' dir='ltr'>vocabula</span> <span class='ocrx_word' id='word_1_63' title='bbox 1879 1059 1987 1122; x_wconf 91' lang='lat' dir='ltr'>illa</span> 
     </span>
     <span class='ocr_line' id='line_1_10' title="bbox 198 1159 1987 1239; baseline -0.001 -21"><span class='ocrx_word' id='word_1_64' title='bbox 198 1160 544 1235; x_wconf 88' lang='lat' dir='ltr'>mystici,</span> <span class='ocrx_word' id='word_1_65' title='bbox 604 1160 1053 1239; x_wconf 84' lang='lat' dir='ltr'>allegorici,</span> <span class='ocrx_word' id='word_1_66' title='bbox 1110 1159 1557 1236; x_wconf 90' lang='lat' dir='ltr'>symbolici,</span> <span class='ocrx_word' id='word_1_67' title='bbox 1614 1159 1783 1221; x_wconf 86' lang='lat' dir='ltr'>vices</span> <span class='ocrx_word' id='word_1_68' title='bbox 1820 1160 1987 1218; x_wconf 69' lang='lat' dir='ltr'>,inter</span> 
     </span>
     <span class='ocr_line' id='line_1_11' title="bbox 200 1259 1985 1340; baseline 0.002 -24"><span class='ocrx_word' id='word_1_69' title='bbox 200 1276 266 1317; x_wconf 82' lang='lat' dir='ltr'>se</span> <span class='ocrx_word' id='word_1_70' title='bbox 309 1268 683 1338; x_wconf 83' lang='lat' dir='ltr'>permutant,</span> <span class='ocrx_word' id='word_1_71' title='bbox 729 1279 1031 1340; x_wconf 87' lang='lat' dir='ltr'>saepeque</span> <span class='ocrx_word' id='word_1_72' title='bbox 1074 1260 1405 1319; x_wconf 88' lang='lat' dir='ltr'>indiscreta</span> <span class='ocrx_word' id='word_1_73' title='bbox 1447 1266 1606 1318; x_wconf 90' lang='lat' dir='ltr'>sunt.</span> <span class='ocrx_word' id='word_1_74' title='bbox 1692 1259 1985 1320; x_wconf 88' lang='lat' dir='ltr'>Proculus</span> 
     </span>
     <span class='ocr_line' id='line_1_12' title="bbox 201 1343 1985 1442; baseline 0.002 -23"><span class='ocrx_word' id='word_1_75' title='bbox 201 1357 376 1419; x_wconf 87' lang='lat' dir='ltr'>verbi</span> <span class='ocrx_word' id='word_1_76' title='bbox 414 1378 615 1419; x_wconf 69' lang='lat' dir='ltr'>2causa</span> <span class='ocrx_word' id='word_1_77' title='bbox 667 1343 734 1419; x_wconf 87' lang='lat' dir='ltr'>in</span> <span class='ocrx_word' id='word_1_78' title='bbox 789 1360 1000 1420; x_wconf 89' lang='lat' dir='ltr'>Theol.</span> <span class='ocrx_word' id='word_1_79' title='bbox 1056 1359 1126 1419; x_wconf 93' lang='lat' dir='ltr'>L.</span> <span class='ocrx_word' id='word_1_80' title='bbox 1181 1359 1254 1418; x_wconf 90' lang='lat' dir='ltr'>V.</span> <span class='ocrx_word' id='word_1_81' title='bbox 1311 1356 1368 1417; x_wconf 89' lang='lat'>5.</span> <span class='ocrx_word' id='word_1_82' title='bbox 1429 1355 1572 1418; x_wconf 87' lang='lat'><strong>256.</strong></span> <span class='ocrx_word' id='word_1_83' title='bbox 1632 1359 1779 1429; x_wconf 74' lang='grc' dir='ltr'><em>τοὺς</em></span> <span class='ocrx_word' id='word_1_84' title='bbox 1819 1368 1985 1442; x_wconf 74' lang='grc' dir='ltr'><em>Κρο-</em></span> 
     </span>
     <span class='ocr_line' id='line_1_13' title="bbox 199 1458 1986 1542; baseline 0.001 -20"><span class='ocrx_word' id='word_1_85' title='bbox 199 1458 373 1529; x_wconf 83' lang='grc' dir='ltr'><em>νίους</em></span> <span class='ocrx_word' id='word_1_86' title='bbox 429 1460 696 1542; x_wconf 74' lang='grc' dir='ltr'><em>δεσμοὺς</em></span> <span class='ocrx_word' id='word_1_87' title='bbox 723 1488 725 1490; x_wconf 94' lang='grc'><strong><em>·</em></strong></span> <span class='ocrx_word' id='word_1_88' title='bbox 750 1467 1062 1542; x_wconf 78' lang='grc' dir='ltr'><em>μυστικῶς</em></span> <span class='ocrx_word' id='word_1_89' title='bbox 1118 1459 1234 1538; x_wconf 84' lang='grc' dir='ltr'>τὴν</span> <span class='ocrx_word' id='word_1_90' title='bbox 1278 1458 1607 1541; x_wconf 76' lang='grc' dir='ltr'><em>περίληψιν</em></span> <span class='ocrx_word' id='word_1_91' title='bbox 1648 1467 1780 1523; x_wconf 88' lang='grc' dir='ltr'>τῶν</span> <span class='ocrx_word' id='word_1_92' title='bbox 1823 1460 1986 1524; x_wconf 78' lang='grc' dir='ltr'><em>ὅλων</em></span> 
     </span>
     <span class='ocr_line' id='line_1_14' title="bbox 199 1550 1987 1643; baseline -0.001 -24"><span class='ocrx_word' id='word_1_93' title='bbox 199 1558 303 1619; x_wconf 82' lang='grc' dir='ltr'>καὶ</span> <span class='ocrx_word' id='word_1_94' title='bbox 344 1559 459 1637; x_wconf 82' lang='grc' dir='ltr'>τὴν</span> <span class='ocrx_word' id='word_1_95' title='bbox 502 1562 726 1623; x_wconf 71' lang='grc' dir='ltr'><em>ἕνωσιν</em></span> <span class='ocrx_word' id='word_1_96' title='bbox 767 1561 921 1643; x_wconf 80' lang='grc' dir='ltr'><em>πρὸς</em></span> <span class='ocrx_word' id='word_1_97' title='bbox 963 1559 1076 1622; x_wconf 84' lang='grc' dir='ltr'>τὸν</span> <span class='ocrx_word' id='word_1_98' title='bbox 1120 1567 1276 1622; x_wconf 83' lang='grc' dir='ltr'><em>νοῦν</em></span> <span class='ocrx_word' id='word_1_99' title='bbox 1320 1559 1656 1635; x_wconf 87' lang='lat' dir='ltr'>significare</span> <span class='ocrx_word' id='word_1_100' title='bbox 1701 1557 1879 1632; x_wconf 88' lang='lat' dir='ltr'>dicit,</span> <span class='ocrx_word' id='word_1_101' title='bbox 1925 1550 1987 1618; x_wconf 82' lang='lat' dir='ltr'>et</span> 
     </span>
     <span class='ocr_line' id='line_1_15' title="bbox 199 1656 1987 1740; baseline 0.003 -25"><span class='ocrx_word' id='word_1_102' title='bbox 199 1656 415 1716; x_wconf 90' lang='lat' dir='ltr'>eadem</span> <span class='ocrx_word' id='word_1_103' title='bbox 459 1659 705 1719; x_wconf 87' lang='lat' dir='ltr'>vincula</span> <span class='ocrx_word' id='word_1_104' title='bbox 746 1661 812 1718; x_wconf 91' lang='lat' dir='ltr'>in</span> <span class='ocrx_word' id='word_1_105' title='bbox 854 1659 925 1719; x_wconf 80' lang='lat' dir='ltr'><strong>L.</strong></span> <span class='ocrx_word' id='word_1_106' title='bbox 957 1657 1031 1719; x_wconf 83' lang='lat' dir='ltr'><strong>V.</strong></span> <span class='ocrx_word' id='word_1_107' title='bbox 1068 1678 1129 1737; x_wconf 89' lang='lat' dir='ltr'>p.</span> <span class='ocrx_word' id='word_1_108' title='bbox 1163 1658 1307 1716; x_wconf 84' lang='lat'><strong>321.</strong></span> <span class='ocrx_word' id='word_1_109' title='bbox 1353 1656 1642 1740; x_wconf 80' lang='grc' dir='ltr'><em>σύμβολα</em></span> <span class='ocrx_word' id='word_1_110' title='bbox 1682 1666 1791 1736; x_wconf 81' lang='grc' dir='ltr'>τῆς</span> <span class='ocrx_word' id='word_1_111' title='bbox 1834 1678 1987 1721; x_wconf 90' lang='grc' dir='ltr'><em>συν-</em></span> 
     </span>
     <span class='ocr_line' id='line_1_16' title="bbox 199 1756 1985 1844; baseline -0.001 -25"><span class='ocrx_word' id='word_1_112' title='bbox 199 1766 433 1837; x_wconf 82' lang='grc' dir='ltr'><em>εκτικῆς</em></span> <span class='ocrx_word' id='word_1_113' title='bbox 486 1766 617 1821; x_wconf 88' lang='grc' dir='ltr'>τῶν</span> <span class='ocrx_word' id='word_1_114' title='bbox 670 1768 907 1844; x_wconf 74' lang='grc' dir='ltr'><em>νοερῶν</em></span> <span class='ocrx_word' id='word_1_115' title='bbox 960 1756 1313 1841; x_wconf 80' lang='grc' dir='ltr'><em>κοσμήσεως</em></span> <span class='ocrx_word' id='word_1_116' title='bbox 1359 1757 1650 1836; x_wconf 82' lang='lat' dir='ltr'>appellat.</span> <span class='ocrx_word' id='word_1_117' title='bbox 1705 1757 1985 1818; x_wconf 82' lang='lat' dir='ltr'>Plotinus</span> 
     </span>
     <span class='ocr_line' id='line_1_17' title="bbox 199 1856 1988 1937; baseline 0.003 -22"><span class='ocrx_word' id='word_1_118' title='bbox 199 1856 356 1915; x_wconf 90' lang='lat' dir='ltr'>Enn.</span> <span class='ocrx_word' id='word_1_119' title='bbox 402 1857 475 1916; x_wconf 90' lang='lat' dir='ltr'>V.</span> <span class='ocrx_word' id='word_1_120' title='bbox 517 1857 652 1919; x_wconf 89' lang='lat' dir='ltr'>Lib.</span> <span class='ocrx_word' id='word_1_121' title='bbox 696 1860 793 1922; x_wconf 70' lang='lat' dir='ltr'><strong>V.</strong></span> <span class='ocrx_word' id='word_1_122' title='bbox 827 1880 873 1919; x_wconf 89' lang='lat' dir='ltr'>c.</span> <span class='ocrx_word' id='word_1_123' title='bbox 931 1859 990 1918; x_wconf 83' lang='grc'>6.</span> <span class='ocrx_word' id='word_1_124' title='bbox 1043 1859 1158 1922; x_wconf 87' lang='grc' dir='ltr'>τὸν</span> <span class='ocrx_word' id='word_1_125' title='bbox 1210 1857 1592 1930; x_wconf 83' lang='grc' dir='ltr'><em>Ἀπόλλωνα,</em></span> <span class='ocrx_word' id='word_1_126' title='bbox 1645 1859 1902 1937; x_wconf 50' lang='grc' dir='ltr'>ὡραίῃ,</span> <span class='ocrx_word' id='word_1_127' title='bbox 1929 1859 1988 1921; x_wconf 79' lang='grc' dir='ltr'><em>οἱ</em></span> 
     </span>
     <span class='ocr_line' id='line_1_18' title="bbox 123 1952 1988 2042; baseline 0.003 -24"><span class='ocrx_word' id='word_1_128' title='bbox 123 2009 125 2012; x_wconf 60' lang='grc'>,</span> <span class='ocrx_word' id='word_1_129' title='bbox 202 1952 647 2042; x_wconf 73' lang='grc' dir='ltr'><em>Πυθαγορικοὶ</em></span> <span class='ocrx_word' id='word_1_130' title='bbox 690 1963 1082 2042; x_wconf 79' lang='grc' dir='ltr'><em>συμβολικῶς</em></span> <span class='ocrx_word' id='word_1_131' title='bbox 1125 1958 1279 2040; x_wconf 74' lang='grc' dir='ltr'><em>πρὸς</em></span> <span class='ocrx_word' id='word_1_132' title='bbox 1324 1954 1620 2036; x_wconf 77' lang='grc' dir='ltr'><em>ἀλλήλους</em></span> <span class='ocrx_word' id='word_1_133' title='bbox 1651 1957 1988 2040; x_wconf 77' lang='grc' dir='ltr'><em>ἐσήμαινον</em></span> 
     </span>
     <span class='ocr_line' id='line_1_19' title="bbox 202 2055 1984 2139; baseline 0.001 -21"><span class='ocrx_word' id='word_1_134' title='bbox 202 2055 513 2139; x_wconf 77' lang='grc' dir='ltr'><em>ἀποφάσει</em></span> <span class='ocrx_word' id='word_1_135' title='bbox 555 2067 686 2122; x_wconf 86' lang='grc' dir='ltr'>τῶν</span> <span class='ocrx_word' id='word_1_136' title='bbox 729 2067 1005 2131; x_wconf 83' lang='grc' dir='ltr'><em>πολλῶν,</em></span> <span class='ocrx_word' id='word_1_137' title='bbox 1052 2068 1117 2117; x_wconf 83' lang='lat' dir='ltr'>at</span> <span class='ocrx_word' id='word_1_138' title='bbox 1159 2055 1372 2134; x_wconf 86' lang='lat' dir='ltr'>Lydus</span> <span class='ocrx_word' id='word_1_139' title='bbox 1418 2055 1496 2115; x_wconf 83' lang='lat' dir='ltr'>de</span> <span class='ocrx_word' id='word_1_140' title='bbox 1537 2056 1731 2117; x_wconf 86' lang='lat' dir='ltr'>Mens.</span> <span class='ocrx_word' id='word_1_141' title='bbox 1775 2077 1838 2138; x_wconf 95' lang='lat' dir='ltr'><strong>p.</strong></span> <span class='ocrx_word' id='word_1_142' title='bbox 1884 2059 1984 2119; x_wconf 88' lang='grc'>26.</span> 
     </span>
     <span class='ocr_line' id='line_1_20' title="bbox 199 2154 1988 2242; baseline 0.003 -29"><span class='ocrx_word' id='word_1_143' title='bbox 199 2154 555 2235; x_wconf 86' lang='lat' dir='ltr'>Apollinem</span> <span class='ocrx_word' id='word_1_144' title='bbox 615 2157 764 2217; x_wconf 87' lang='lat' dir='ltr'>dicit</span> <span class='ocrx_word' id='word_1_145' title='bbox 819 2166 1132 2241; x_wconf 82' lang='grc' dir='ltr'><em>μυστικῶς</em></span> <span class='ocrx_word' id='word_1_146' title='bbox 1187 2158 1300 2220; x_wconf 81' lang='grc' dir='ltr'>τὸν</span> <span class='ocrx_word' id='word_1_147' title='bbox 1330 2158 1454 2227; x_wconf 70' lang='grc' dir='ltr'>,ἕνα</span> <span class='ocrx_word' id='word_1_148' title='bbox 1497 2157 1803 2242; x_wconf 72' lang='grc' dir='ltr'><em>λέγεσθαι.</em></span> <span class='ocrx_word' id='word_1_149' title='bbox 1874 2160 1988 2218; x_wconf 65' lang='lat' dir='ltr'>&gt;Ita</span> 
     </span>
     <span class='ocr_line' id='line_1_21' title="bbox 202 2254 1987 2338; baseline 0.003 -25"><span class='ocrx_word' id='word_1_150' title='bbox 202 2254 368 2334; x_wconf 90' lang='lat' dir='ltr'>quod</span> <span class='ocrx_word' id='word_1_151' title='bbox 425 2256 726 2317; x_wconf 76' lang='lat' dir='ltr'>Pindarus</span> <span class='ocrx_word' id='word_1_152' title='bbox 789 2258 883 2317; x_wconf 87' lang='lat' dir='ltr'>ol.</span> <span class='ocrx_word' id='word_1_153' title='bbox 937 2256 1016 2317; x_wconf 92' lang='lat' dir='ltr'>X.</span> <span class='ocrx_word' id='word_1_154' title='bbox 1066 2257 1161 2316; x_wconf 87' lang='lat'><strong>13.</strong></span> <span class='ocrx_word' id='word_1_155' title='bbox 1217 2258 1502 2316; x_wconf 90' lang='lat' dir='ltr'>carminis</span> <span class='ocrx_word' id='word_1_156' title='bbox 1545 2259 1643 2316; x_wconf 88' lang='lat' dir='ltr'>sui</span> <span class='ocrx_word' id='word_1_157' title='bbox 1682 2259 1987 2338; x_wconf 92' lang='lat' dir='ltr'>impetum</span> 
     </span>
     <span class='ocr_line' id='line_1_22' title="bbox 210 2355 1987 2439; baseline 0 -16"><span class='ocrx_word' id='word_1_158' title='bbox 210 2362 434 2436; x_wconf 64' lang='grc' dir='ltr'><em>Ψᾶφον</em></span> <span class='ocrx_word' id='word_1_159' title='bbox 478 2357 878 2439; x_wconf 75' lang='grc' dir='ltr'><em>ἑλισσομέναν</em></span> <span class='ocrx_word' id='word_1_160' title='bbox 923 2366 1121 2430; x_wconf 88' lang='lat' dir='ltr'>vocat,</span> <span class='ocrx_word' id='word_1_161' title='bbox 1165 2375 1323 2416; x_wconf 87' lang='lat' dir='ltr'>unus</span> <span class='ocrx_word' id='word_1_162' title='bbox 1350 2355 1833 2419; x_wconf 85' lang='lat' dir='ltr'>Scholiastarum</span> <span class='ocrx_word' id='word_1_163' title='bbox 1877 2360 1987 2422; x_wconf 79' lang='grc' dir='ltr'>ἅλ-</span> 
     </span>
     <span class='ocr_line' id='line_1_23' title="bbox 204 2453 1987 2539; baseline 0.002 -24"><span class='ocrx_word' id='word_1_164' title='bbox 204 2453 531 2539; x_wconf 77' lang='grc' dir='ltr'><em>ληγορικόν</em></span> <span class='ocrx_word' id='word_1_165' title='bbox 576 2474 720 2517; x_wconf 67' lang='lat' dir='ltr'>,esse</span> <span class='ocrx_word' id='word_1_166' title='bbox 764 2455 942 2530; x_wconf 89' lang='lat' dir='ltr'>dicit,</span> <span class='ocrx_word' id='word_1_167' title='bbox 1004 2457 1158 2516; x_wconf 89' lang='lat' dir='ltr'>alter</span> <span class='ocrx_word' id='word_1_168' title='bbox 1203 2454 1603 2538; x_wconf 82' lang='grc' dir='ltr'><em>συμβολικόν.</em></span> <span class='ocrx_word' id='word_1_169' title='bbox 1687 2457 1852 2536; x_wconf 85' lang='lat' dir='ltr'>Ergo</span> <span class='ocrx_word' id='word_1_170' title='bbox 1892 2460 1987 2519; x_wconf 90' lang='lat' dir='ltr'>in-</span> 
     </span>
     <span class='ocr_line' id='line_1_24' title="bbox 206 2554 1988 2631; baseline 0.003 -18"><span class='ocrx_word' id='word_1_171' title='bbox 206 2571 444 2615; x_wconf 88' lang='lat' dir='ltr'>cassum</span> <span class='ocrx_word' id='word_1_172' title='bbox 499 2555 764 2614; x_wconf 87' lang='lat' dir='ltr'>luctatur</span> <span class='ocrx_word' id='word_1_173' title='bbox 819 2554 1104 2631; x_wconf 89' lang='lat' dir='ltr'>Heynius</span> <span class='ocrx_word' id='word_1_174' title='bbox 1161 2563 1232 2614; x_wconf 91' lang='lat' dir='ltr'>ut</span> <span class='ocrx_word' id='word_1_175' title='bbox 1283 2554 1626 2615; x_wconf 87' lang='lat' dir='ltr'>Homerum</span> <span class='ocrx_word' id='word_1_176' title='bbox 1670 2576 1797 2617; x_wconf 91' lang='lat' dir='ltr'>non</span> <span class='ocrx_word' id='word_1_177' title='bbox 1841 2559 1988 2618; x_wconf 83' lang='lat' dir='ltr'>alle-</span> 
     </span>
     <span class='ocr_line' id='line_1_25' title="bbox 206 2653 1987 2736; baseline 0.003 -24"><span class='ocrx_word' id='word_1_178' title='bbox 206 2655 406 2732; x_wconf 82' lang='lat' dir='ltr'>gorice</span> <span class='ocrx_word' id='word_1_179' title='bbox 458 2653 570 2713; x_wconf 83' lang='lat' dir='ltr'>sed</span> <span class='ocrx_word' id='word_1_180' title='bbox 627 2654 963 2732; x_wconf 88' lang='lat' dir='ltr'>symbolice</span> <span class='ocrx_word' id='word_1_181' title='bbox 1017 2653 1108 2732; x_wconf 86' lang='lat' dir='ltr'>(id</span> <span class='ocrx_word' id='word_1_182' title='bbox 1152 2655 1314 2714; x_wconf 89' lang='lat' dir='ltr'>enim</span> <span class='ocrx_word' id='word_1_183' title='bbox 1356 2655 1756 2736; x_wconf 88' lang='lat' dir='ltr'>vendibilius)</span> <span class='ocrx_word' id='word_1_184' title='bbox 1799 2659 1987 2718; x_wconf 87' lang='lat' dir='ltr'>inter-</span> 
     </span>
     <span class='ocr_line' id='line_1_26' title="bbox 204 2754 1983 2839; baseline 0.004 -27"><span class='ocrx_word' id='word_1_185' title='bbox 204 2756 438 2833; x_wconf 87' lang='lat' dir='ltr'>pretari</span> <span class='ocrx_word' id='word_1_186' title='bbox 479 2754 794 2830; x_wconf 85' lang='lat' dir='ltr'>videatur3</span> <span class='ocrx_word' id='word_1_187' title='bbox 820 2756 991 2828; x_wconf 58' lang='lat' dir='ltr'>[hoc.</span> <span class='ocrx_word' id='word_1_188' title='bbox 1015 2773 1165 2816; x_wconf 90' lang='lat' dir='ltr'>vero</span> <span class='ocrx_word' id='word_1_189' title='bbox 1211 2764 1335 2828; x_wconf 89' lang='lat' dir='ltr'>est,</span> <span class='ocrx_word' id='word_1_190' title='bbox 1378 2764 1449 2815; x_wconf 92' lang='lat' dir='ltr'>ut</span> <span class='ocrx_word' id='word_1_191' title='bbox 1490 2757 1626 2836; x_wconf 91' lang='lat' dir='ltr'>ipse</span> <span class='ocrx_word' id='word_1_192' title='bbox 1670 2757 1761 2815; x_wconf 89' lang='lat' dir='ltr'>ait</span> <span class='ocrx_word' id='word_1_193' title='bbox 1803 2758 1983 2839; x_wconf 84' lang='lat' dir='ltr'><strong>(Exc.</strong></span> 
     </span>
    </p>
   </div>
   <div class='ocr_carea' id='block_1_3' title="bbox 208 2853 1986 3035">
    <p class='ocr_par' dir='ltr' id='par_1_3' title="bbox 208 2853 1986 3035">
     <span class='ocr_line' id='line_1_27' title="bbox 208 2853 1986 2935; baseline 0.004 -24"><span class='ocrx_word' id='word_1_194' title='bbox 208 2854 313 2912; x_wconf 91' lang='lat' dir='ltr'><strong>IH.</strong></span> <span class='ocrx_word' id='word_1_195' title='bbox 370 2853 451 2913; x_wconf 90' lang='lat' dir='ltr'>ad</span> <span class='ocrx_word' id='word_1_196' title='bbox 507 2856 577 2914; x_wconf 95' lang='lat' dir='ltr'>Il.</span> <span class='ocrx_word' id='word_1_197' title='bbox 632 2855 861 2915; x_wconf 90' lang='lat' dir='ltr'><strong>XXIII.</strong></span> <span class='ocrx_word' id='word_1_198' title='bbox 916 2875 978 2935; x_wconf 94' lang='lat' dir='ltr'>p.</span> <span class='ocrx_word' id='word_1_199' title='bbox 1023 2853 1202 2933; x_wconf 74' lang='lat'><strong>569.)</strong></span> <span class='ocrx_word' id='word_1_200' title='bbox 1243 2855 1986 2918; x_wconf 65' lang='lat' dir='ltr'>‘accommodatead</span> 
     </span>
     <span class='ocr_line' id='line_1_28' title="bbox 211 2955 1984 3035; baseline 0.003 -24"><span class='ocrx_word' id='word_1_201' title='bbox 211 2955 737 3034; x_wconf 86' lang='lat' dir='ltr'>antiquiorem</span> <span class='ocrx_word' id='word_1_202' title='bbox 792 2973 1098 3015; x_wconf 90' lang='lat' dir='ltr'>sensum</span> <span class='ocrx_word' id='word_1_203' title='bbox 1156 2963 1560 3035; x_wconf 90' lang='lat' dir='ltr'>poetarum</span> <span class='ocrx_word' id='word_1_204' title='bbox 1614 2956 1984 3027; x_wconf 38' lang='lat' dir='ltr'>ante..Ho-</span> 
     </span>
    </p>
   </div>
   <div class='ocr_carea' id='block_1_4' title="bbox 212 3079 1983 3432">
    <p class='ocr_par' dir='ltr' id='par_1_4' title="bbox 212 3079 1983 3256">
     <span class='ocr_line' id='line_1_29' title="bbox 237 3079 1983 3145; baseline 0.002 -20"><span class='ocrx_word' id='word_1_205' title='bbox 237 3123 239 3125; x_wconf 87' lang='lat'><strong>.</strong></span> <span class='ocrx_word' id='word_1_206' title='bbox 329 3079 396 3136; x_wconf 86' lang='lat' dir='ltr'>[b]</span> <span class='ocrx_word' id='word_1_207' title='bbox 419 3081 551 3132; x_wconf 87' lang='grc' dir='ltr'><em>-Τοὺς</em></span> <span class='ocrx_word' id='word_1_208' title='bbox 580 3081 690 3134; x_wconf 73' lang='grc' dir='ltr'><em>ἅλας</em></span> <span class='ocrx_word' id='word_1_209' title='bbox 718 3086 793 3139; x_wconf 80' lang='grc' dir='ltr'>τῆς</span> <span class='ocrx_word' id='word_1_210' title='bbox 862 3079 1159 3145; x_wconf 84' lang='grc' dir='ltr'><em>ιλοφροσύνης</em></span> <span class='ocrx_word' id='word_1_211' title='bbox 1186 3080 1275 3127; x_wconf 80' lang='grc' dir='ltr'>ὑπὸ</span> <span class='ocrx_word' id='word_1_212' title='bbox 1307 3081 1385 3132; x_wconf 81' lang='grc' dir='ltr'>τὰς</span> <span class='ocrx_word' id='word_1_213' title='bbox 1413 3086 1606 3144; x_wconf 79' lang='grc' dir='ltr'><em>πτέρνας</em></span> <span class='ocrx_word' id='word_1_214' title='bbox 1646 3082 1983 3143; x_wconf 82' lang='grc' dir='ltr'><em>καταβαλλόμε-</em></span> 
     </span>
     <span class='ocr_line' id='line_1_30' title="bbox 212 3100 1982 3200; baseline 0.003 -18"><span class='ocrx_word' id='word_1_215' title='bbox 212 3148 290 3187; x_wconf 70' lang='grc' dir='ltr'><em>νος</em></span> <span class='ocrx_word' id='word_1_216' title='bbox 317 3138 636 3197; x_wconf 81' lang='lat' dir='ltr'>Theophylact.</span> <span class='ocrx_word' id='word_1_217' title='bbox 667 3143 802 3185; x_wconf 87' lang='lat' dir='ltr'>Excc.</span> <span class='ocrx_word' id='word_1_218' title='bbox 822 3100 970 3199; x_wconf 64' lang='lat' dir='ltr'>&lt;Legg.</span> <span class='ocrx_word' id='word_1_219' title='bbox 1000 3157 1042 3199; x_wconf 90' lang='lat' dir='ltr'><strong>p.</strong></span> <span class='ocrx_word' id='word_1_220' title='bbox 1076 3141 1172 3184; x_wconf 88' lang='lat'><strong>186.</strong></span> <span class='ocrx_word' id='word_1_221' title='bbox 1204 3141 1254 3183; x_wconf 89' lang='lat' dir='ltr'><strong>C.</strong></span> <span class='ocrx_word' id='word_1_222' title='bbox 1287 3143 1332 3185; x_wconf 76' lang='grc' dir='ltr'><em>οἱ</em></span> <span class='ocrx_word' id='word_1_223' title='bbox 1362 3140 1464 3192; x_wconf 82' lang='grc' dir='ltr'><em>ἅλες</em></span> <span class='ocrx_word' id='word_1_224' title='bbox 1490 3145 1568 3196; x_wconf 86' lang='grc' dir='ltr'>τῆς</span> <span class='ocrx_word' id='word_1_225' title='bbox 1597 3139 1841 3200; x_wconf 77' lang='grc' dir='ltr'><em>ὁμολογίας</em></span> <span class='ocrx_word' id='word_1_226' title='bbox 1869 3143 1982 3198; x_wconf 76' lang='grc' dir='ltr'><strong><em>ἠθέ-</em></strong></span> 
     </span>
     <span class='ocr_line' id='line_1_31' title="bbox 212 3197 1805 3256; baseline 0.003 -17"><span class='ocrx_word' id='word_1_227' title='bbox 212 3211 365 3250; x_wconf 78' lang='grc' dir='ltr'><em>τηνται</em></span> <span class='ocrx_word' id='word_1_228' title='bbox 391 3197 459 3240; x_wconf 88' lang='lat' dir='ltr'><strong>Id.</strong></span> <span class='ocrx_word' id='word_1_229' title='bbox 488 3199 604 3242; x_wconf 79' lang='lat' dir='ltr'>Hist.</span> <span class='ocrx_word' id='word_1_230' title='bbox 633 3201 781 3244; x_wconf 86' lang='lat' dir='ltr'><strong>VI..6.</strong></span> <span class='ocrx_word' id='word_1_231' title='bbox 814 3200 910 3244; x_wconf 88' lang='lat'><strong>151.</strong></span> <span class='ocrx_word' id='word_1_232' title='bbox 942 3201 992 3243; x_wconf 87' lang='lat' dir='ltr'><strong>C.</strong></span> <span class='ocrx_word' id='word_1_233' title='bbox 1022 3215 1063 3244; x_wconf 88' lang='lat' dir='ltr'><strong>v.</strong></span> <span class='ocrx_word' id='word_1_234' title='bbox 1093 3200 1247 3242; x_wconf 86' lang='lat' dir='ltr'>Liebel</span> <span class='ocrx_word' id='word_1_235' title='bbox 1276 3200 1331 3242; x_wconf 87' lang='lat' dir='ltr'>ad</span> <span class='ocrx_word' id='word_1_236' title='bbox 1360 3201 1604 3243; x_wconf 86' lang='lat' dir='ltr'>Archiloch.</span> <span class='ocrx_word' id='word_1_237' title='bbox 1633 3215 1676 3256; x_wconf 92' lang='lat' dir='ltr'><strong>p.</strong></span> <span class='ocrx_word' id='word_1_238' title='bbox 1710 3201 1805 3244; x_wconf 89' lang='lat'><strong>197.</strong></span> 
     </span>
    </p>

    <p class='ocr_par' dir='ltr' id='par_1_5' title="bbox 332 3253 1978 3318">
     <span class='ocr_line' id='line_1_32' title="bbox 332 3253 1978 3318; baseline 0.003 -21"><span class='ocrx_word' id='word_1_239' title='bbox 332 3256 396 3311; x_wconf 76' lang='lat'>[0]</span> <span class='ocrx_word' id='word_1_240' title='bbox 430 3256 614 3313; x_wconf 85' lang='lat' dir='ltr'>Gregor.</span> <span class='ocrx_word' id='word_1_241' title='bbox 644 3259 756 3302; x_wconf 87' lang='lat' dir='ltr'><strong>Naz.</strong></span> <span class='ocrx_word' id='word_1_242' title='bbox 789 3260 867 3302; x_wconf 87' lang='lat' dir='ltr'>Or.</span> <span class='ocrx_word' id='word_1_243' title='bbox 895 3259 1034 3302; x_wconf 89' lang='lat' dir='ltr'><strong>XLII.</strong></span> <span class='ocrx_word' id='word_1_244' title='bbox 1049 3256 1148 3301; x_wconf 85' lang='lat'><strong>684.</strong></span> <span class='ocrx_word' id='word_1_245' title='bbox 1177 3257 1232 3301; x_wconf 84' lang='grc' dir='ltr'>τὰ</span> <span class='ocrx_word' id='word_1_246' title='bbox 1246 3253 1365 3318; x_wconf 74' lang='grc' dir='ltr'><em>ἄγαν</em></span> <span class='ocrx_word' id='word_1_247' title='bbox 1377 3256 1626 3318; x_wconf 79' lang='grc' dir='ltr'><em>θεωρητικὰ</em></span> <span class='ocrx_word' id='word_1_248' title='bbox 1642 3259 1719 3301; x_wconf 87' lang='grc' dir='ltr'>καὶ</span> <span class='ocrx_word' id='word_1_249' title='bbox 1732 3257 1978 3318; x_wconf 76' lang='grc' dir='ltr'><em>ἀνηγμένοι.</em></span> 
     </span>
    </p>

    <p class='ocr_par' dir='ltr' id='par_1_6' title="bbox 214 3313 1981 3432">
     <span class='ocr_line' id='line_1_33' title="bbox 216 3313 1981 3376; baseline 0.002 -20"><span class='ocrx_word' id='word_1_250' title='bbox 216 3313 400 3356; x_wconf 85' lang='lat' dir='ltr'>Glossae</span> <span class='ocrx_word' id='word_1_251' title='bbox 441 3315 521 3358; x_wconf 87' lang='lat' dir='ltr'>Gr.</span> <span class='ocrx_word' id='word_1_252' title='bbox 562 3315 661 3359; x_wconf 82' lang='lat' dir='ltr'>Lat.</span> <span class='ocrx_word' id='word_1_253' title='bbox 686 3314 1008 3376; x_wconf 76' lang='grc' dir='ltr'><em>Ἀναγωγικός,</em></span> <span class='ocrx_word' id='word_1_254' title='bbox 1050 3317 1267 3372; x_wconf 82' lang='lat' dir='ltr'>mysticus.</span> <span class='ocrx_word' id='word_1_255' title='bbox 1299 3319 1354 3361; x_wconf 87' lang='lat' dir='ltr'>cf.</span> <span class='ocrx_word' id='word_1_256' title='bbox 1386 3321 1426 3372; x_wconf 84' lang='lat'><strong>§.</strong></span> <span class='ocrx_word' id='word_1_257' title='bbox 1459 3317 1528 3362; x_wconf 91' lang='grc'>19.</span> <span class='ocrx_word' id='word_1_258' title='bbox 1577 3316 1645 3360; x_wconf 89' lang='lat' dir='ltr'>De</span> <span class='ocrx_word' id='word_1_259' title='bbox 1673 3331 1782 3361; x_wconf 89' lang='lat' dir='ltr'>nom.</span> <span class='ocrx_word' id='word_1_260' title='bbox 1810 3321 1981 3375; x_wconf 71' lang='grc' dir='ltr'><em>θεωρία</em></span> 
     </span>
     <span class='ocr_line' id='line_1_34' title="bbox 214 3372 1210 3432; baseline 0.007 -21"><span class='ocrx_word' id='word_1_261' title='bbox 214 3386 254 3412; x_wconf 73' lang='lat' dir='ltr'><strong>v.</strong></span> <span class='ocrx_word' id='word_1_262' title='bbox 289 3372 426 3415; x_wconf 76' lang='lat' dir='ltr'>Vales.</span> <span class='ocrx_word' id='word_1_263' title='bbox 458 3374 514 3419; x_wconf 84' lang='lat' dir='ltr'>ad</span> <span class='ocrx_word' id='word_1_264' title='bbox 544 3374 662 3417; x_wconf 90' lang='lat' dir='ltr'>Socr.</span> <span class='ocrx_word' id='word_1_265' title='bbox 693 3376 749 3419; x_wconf 94' lang='lat' dir='ltr'><strong>H.</strong></span> <span class='ocrx_word' id='word_1_266' title='bbox 781 3376 901 3420; x_wconf 85' lang='lat' dir='ltr'>Eccl.</span> <span class='ocrx_word' id='word_1_267' title='bbox 931 3377 968 3419; x_wconf 95' lang='lat' dir='ltr'><strong>I.</strong></span> <span class='ocrx_word' id='word_1_268' title='bbox 997 3375 1038 3420; x_wconf 83' lang='lat'><strong>3.</strong></span> <span class='ocrx_word' id='word_1_269' title='bbox 1069 3390 1110 3432; x_wconf 92' lang='lat' dir='ltr'>p.</span> <span class='ocrx_word' id='word_1_270' title='bbox 1141 3375 1210 3418; x_wconf 85' lang='lat'><strong>75.</strong></span> 
     </span>
    </p>
   </div>
  </div>
 </body>
</html>
