2158 3848
187 218 315 280 750
726 231 963 276 LIBER
1007 231 1440 279 SECUNDUS.

187 363 296 426 sed
334 363 608 451 Ἰδιοφυῆ
630 361 702 442 [⁰]
749 362 1111 442 inscriptum
1154 381 1374 443 resque
1418 365 1711 443 singulari
1755 377 1975 427 natura

186 463 500 546 praeditas
545 462 935 542 complexum
978 462 1170 523 fuisse
1214 481 1319 523 eas
1360 467 1758 545 praesertim,
1812 486 1974 546 quae

185 568 250 625 in
308 564 650 624 Democriti
706 570 768 620 et
821 562 961 622 Boli
1016 562 1432 639 Democritei‚
1489 565 1769 627 Anatolii
1822 565 1977 627 alio-

184 684 443 745 rumque
500 662 673 722 libris
728 661 870 744 περὶ
928 667 1504 743 συμπαθειῶν,-καὶ
1547 669 1974 731 druna-9⁸:⁰⁶3?

183 766 526 844 descriptae
569 770 731 823 sunt.
815 760 886 821 Id
932 762 1086 822 mihi
1129 765 1476 824 necessario
1516 765 1976 828 admonendum

182 868 322 938 fuit,
373 864 663 944 quoniam
711 861 965 942 Orphici
1007 861 1151 922 libri
1194 862 1361 923 idem
1405 873 1514 924 aut
1557 865 1824 945 elogium
1868 877 1977 928 aut

184 974 347 1026 certe
402 971 831 1042 argumentum
884 962 1035 1036 fuit,
1097 972 1168 1023 ut
1209 963 1444 1025 Plinius
1486 963 1720 1041 docet,
1761 967 1975 1028 multis

179 1068 331 1128 locis
374 1075 704 1144 utrumque
749 1064 1136 1142 conjungens.
1180 1062 1251 1124 L.
1292 1062 1579 1125 XXVIII.
1605 1066 1684 1126 6.
1730 1066 1975 1145 Sagit-

181 1179 303 1229 tas
358 1183 686 1246 corpore
741 1163 1066 1224 eductas
1123 1165 1190 1223 si
1246 1173 1533 1227 terram
1579 1172 1746 1227 non
1791 1169 1975 1228 atti-

180 1269 470 1348 gerint,
531 1263 932 1342 subjectas
976 1262 1458 1326 cubantibus
1503 1269 1973 1328 amatorium

180 1388 349 1429 esse
395 1365 754 1445 Orpheus
800 1371 878 1422 et
907 1362 1345 1425 Archelaus
1381 1366 1755 1428 scribunt.
1797 1367 1972 1428 Idem

181 1491 230 1531 c.
280 1469 377 1530 10.
457 1465 856 1543 Sanguine
914 1465 1172 1544 ipsius
1240 1464 1575 1525 hominis
1647 1485 1975 1547 quacun-

179 1589 321 1651 que
387 1575 617 1648 parte
672 1565 916 1626 misso
974 1563 1554 1626 efficacissime
1613 1568 1970 1646 anginam

176 1669 402 1731 illini
489 1663 820 1743 tradunt
907 1663 1268 1746 Orpheus
1355 1676 1434 1727 et
1516 1666 1974 1748 Archelaus,

176 1774 366 1831 item
439 1785 578 1828 ora
645 1766 1044 1826 comitiali
1112 1766 1383 1826 morbo
1443 1768 1844 1849 lapsorum
1875 1765 1972 1851 [Ἴ.

175 1872 303 1933 Nec
360 1866 686 1929 dissimilia
738 1867 911 1931 fuere
953 1866 1121 1927 illius
1167 1865 1245 1927 de
1283 1867 1496 1930 *herbis
1541 1878 1896 1930 commenta
1937 1888 1976 1929 a

177 1970 607 2051 Theophrasto
675 1976 784 2027 aut
857 1975 1168 2028 contemta
1235 1977 1345 2028 aut
1401 1988 1528 2030 non
1583 1971 1842 2049 cognita.
1898 1970 1970 2031 L.

175 2071 375 2134 XXV.
422 2067 479 2130 5.
536 2068 846 2129 Primus
905 2067 1282 2140 omnium,
1343 2088 1539 2148 quos
1584 2072 1972 2131 memoria

174 2173 439 2245 novit,
497 2168 860 2249 Orpheus
919 2164 1011 2225 de
1067 2166 1340 2228 herbis
1398 2170 1680 2250 aliqua.
1718 2173 1971 2232 curio-

176 2275 345 2335 sius
389 2269 789 2353 prodidit3
856 2276 1039 2348 post
1083 2286 1250 2328 eum
1293 2268 1666 2331 Musaeus
1710 2281 1793 2332 et
1830 2271 1970 2333 H'e-
2047 2295 2058 2305 ²

176 2373 454 2435 siodus
499 2371 784 2431 Polion
841 2367 1163 2429 herbam
1211 2370 1485 2431 mirati
1527 2382 1712 2432 sunt
1754 2408 1840 2428 --
1882 2410 1971 2422 --

178 2474 540 2554 Orpheus
612 2481 686 2531 et
752 2467 1164 2534 Hesiodus
1236 2470 1969 2534 suffitioneseom-

175 2572 656 2635 mendavere
698 2606 784 2616 —-
828 2570 1326 2648 Pythagoras
1383 2574 1968 2652 primus-volu-

175 2694 343 2737 men
389 2672 485 2733 de
529 2690 791 2731 earum
836 2671 1138 2731 effectu
1184 2675 1656 2750 composuit.
1713 2674 1809 2732 Ita
1851 2685 1965 2754 apss

175 2783 356 2858 paret
396 2773 636 2835 nullum
681 2771 812 2831 fere
854 2771 1043 2831 fuisse
1086 2789 1276 2850 genus
1318 2770 1632 2832 fraudium
1678 2781 1742 2832 et
1789 2793 1964 2853 prae->

176 2878 530 2955 stigiarum·‚
587 2873 687 2935 cui
741 2890 866 2932 non
913 2870 1196 2952 Orpheus
1248 2890 1473 2932 nomen
1517 2884 1968 2955 personamque

175 2975 544 3057 praebuerit.
577 3035 581 3036 γ
632 2973 1023 3051 Pythagoran
1066 2981 1272 3032 autem
1319 2973 1385 3033 in
1429 2972 1547 3032 hoc
1590 2975 1786 3034 mimo
1828 2975 1967 3046 ubi-

296 3147 357 3203 [θ]
391 3148 500 3190 Ζῶα
543 3141 770 3204 τερατώδη
811 3145 886 3186 καὶ
917 3143 1106 3200 ἰδιοφυῆ
1135 3127 1185 3185 ἰῐιι
1209 3143 1359 3185 Berosi
1390 3143 1565 3199 Fragm.
1597 3113 1786 3200 Syncell.
1820 3119 1860 3202 p.
1891 3144 1962 3188 29.

178 3212 277 3249 sunt
305 3221 360 3248 ex
389 3220 441 3247 eo
473 3219 655 3259 genere,
688 3204 741 3245 de
773 3217 856 3259 quo
889 3202 1145 3244 Aristoteles
1173 3202 1264 3258 egit
1294 3202 1337 3245 in
1367 3202 1477 3245 libro
1508 3205 1613 3263 περὶ
1631 3208 1889 3248 πυνθέτων.

297 3282 358 3341 [f]
390 3285 654 3341 Stephanum
691 3284 736 3326 in
766 3283 875 3325 libro
905 3285 1012 3341 περὶ
1037 3285 1336 3340 χρυσοποιίας
1366 3283 1542 3340 Orpheo
1571 3287 1686 3326 teste
1716 3297 1835 3327 usum
1865 3296 1959 3327 esse

178 3359 232 3387 ex
265 3344 456 3388 Fabricii
486 3343 600 3386 Bibl.
631 3343 689 3385 T.
720 3342 819 3384 XII.
853 3356 893 3397 p.
925 3341 1024 3385 695.
1054 3341 1138 3384 Ed.
1172 3341 1206 3383 I.
1237 3342 1433 3398 cognovi.
1476 3341 1610 3386 Plura
1640 3345 1827 3387 fortasse
1859 3357 1958 3400 sup-

178 3403 432 3460 peditabunt
464 3402 660 3458 Chymici
689 3401 854 3445 inediti.
