2158 3848
219 211 345 270 376
546 188 547 192 ¹
753 223 1465 267 LIBER-SECUNDUS.

222 353 317 413 ad
358 355 607 434 ipsum
655 356 988 435 primum
1035 371 1338 413 carmen
1382 355 1738 434 scripsit,
1803 353 2005 433 quod

220 453 683 533 appellatur
744 452 1028 514 Crater.
1118 452 1228 511 Vir
1282 453 1666 534 praeclarus,
1732 455 1837 536 qui
1890 454 2007 512 hoc

219 555 573 637 testimonio
619 565 939 634 permotus
985 551 1386 614 Craterem
1430 554 1670 614 Musaei
1727 553 2007 612 carmini-

219 654 334 717 bus
370 654 708 732 adscripsit
762 675 822 733 p.
870 652 968 712 51.
1026 651 1316 712 concedet
1359 655 1546 727 mihi,
1604 653 1852 732 Orpheo
1898 671 2008 732 po»-

220 758 341 813 tius
387 753 822 815 vindicandum
851 751 1070 814 videri.
1157 751 1361 812 Verba
1405 764 1802 815 controversa
1842 771 2009 812 nam

220 851 312 911 ad
354 854 614 933 ipsum
657 855 988 933 primum
1036 871 1338 911 carmen
1383 855 1745 932 scrip-sit,
1791 855 1878 912 sic
1917 855 2010 912 in-

220 961 556 1032 terpretor,
620 955 687 1012 in
724 1011 726 1013 .
758 951 1125 1035 quibusdam
1193 953 1537 1015 carminum
1599 952 2007 1033 Orphicorum

219 1051 610 1140 editionibus:
642 1051 973 1114 Craterem·
1001 1053 1259 1115 Musaeo
1317 1053 1678 1133 inscriptum
1738 1054 2009 1133 primum

220 1152 560 1221 obtinuisse
590 1153 843 1222 'locum
942 1153 1195 1220 ,Eodem
1256 1154 1506 1212 nomine
1566 1152 1794 1231 gaudet
1851 1171 2010 1212 unus

217 1251 719 1321 Hermeti-corum
758 1254 1090 1328 librorum,
1134 1252 1388 1337 Κρατήρ
1435 1253 1636 1313 dictus
1681 1273 1720 1313 a
1762 1254 2008 1333 poculo,

218 1352 583 1433 quoddeus
618 1355 980 1428 animabus,
1007 1366 1094 1417 ¹ut
1136 1373 1342 1414 rerum
1386 1355 1854 1431 intelligentiam
1896 1355 2010 1413 im—

219 1451 833 1534 bibant‚‚<propinari
867 1455 1062 1532 jubet.
1148 1455 1558 1514 Proculusqin
1579 1453 1738 1513 Tim.
1765 1453 1838 1512 V.
1866 1453 2010 1512 316.

219 1549 595 1613 desCratere
640 1554 977 1629 disserens»,
1038 1556 1106 1615 in
1164 1572 1286 1634 quo
1345 1554 1557 1612 anima
1600 1553 1817 1612 mundi
1858 1564 2012 1613 tem-

218 1663 515 1732 peratur,
562 1653 765 1716 addit:
829 1657 1162 1719 καὶᾶλλοι
1206 1655 1670 1738 παραδέδονται
1712 1662 2011 1736 κρατῆρες

218 1752 342 1816 ὑπό
399 1780 464 1817 τε
504 1757 801 1839 ἶΟρφέως
843 1757 949 1820 καὶ
992 1755 1356 1825 Πλάτωνος.
1448 1753 1729 1818 Πλάτων
1774 1757 1840 1817 ἐν
1867 1758 2010 1833 ,ἶφι-

222 1852 397 1936 λήβῳ
438 1857 554 1921 τὸν
586 1856 706 1938 μὲν
741 1857 1143 1940 Ἡφαίστειον
1177 1863 1456 1938 κρατῆρα
1484 1854 1882 1937 παραδίδωσι
1925 1886 2011 1900 -·-

222 1955 328 2016 καὶ
380 1955 657 2039 Ὀρφεὺς
701 1958 829 2019 οἶδε
872 1957 991 2039 μὲν
1033 1958 1139 2019 καὶ
1180 1957 1295 2019 τὸν
1336 1962 1451 2016 τοῦ
1498 1953 1812 2018 Διονύσου
1857 1979 2010 2036 κρα-

223 2064 413 2138 τῆρα,
459 2058 721 2127 πολλοὺς
764 2056 833 2119 δὲ
877 2058 983 2119 καὶ
1027 2060 1251 2126 ἄλλους
1289 2052 1487 2138 ἱδρύει
1513 2054 1654 2136 περὶ
1678 2053 1795 2133 τὴν
1836 2054 2010 2132 ἡλια-

223 2155 716 2239 κήν-τράπεζαν,
762 2177 934 2237 quae.
961 2158 1094 2217 sine
1132 2155 1322 2216 dubio
1370 2153 1451 2213 ad
1478 2140 1783 2232 quendam
1813 2152 2013 2212 Theo-

225 2258 444 2333 goniae
477 2261 719 2321 ...locum
775 2267 1070 2338 spectant.
1172 2254 1297 2315 Sed
1352 2256 1418 2313 in
1473 2264 1688 2315 nostro
1742 2254 2013 2312 carmine

224 2358 843 2439 cocetumquoddam
886 2357 1267 2435 symbolicae
1309 2353 1840 2435 interpretationis
1871 2371 2016 2433 pro-

224 2459 498 2537 positum
545 2480 711 2534 esse,
779 2459 1178 2520 manifestum
1215 2456 1468 2517 faciunt
1520 2472 1737 2517 versus
1782 2452 2013 2513 residui

226 2577 286 2619 V.
331 2559 395 2617 P.
440 2561 516 2618 H.
556 2581 610 2619 c.
660 2560 755 2621 13.
814 2610 821 2619 .
1173 2614 1205 2618 Α,

396 2658 634 2721 XXIII.
714 2657 960 2723 Λιθικά
1046 2677 1156 2721 seu
1241 2653 1532 2719 Λιθιακά
1598 2653 1678 2712 ab
1752 2662 2013 2732 utroque

228 2758 487 2834 Tzetza,
531 2761 846 2820 Matthaeo
893 2757 1247 2819 Camariota
1262 2752 1337 2837 [¹¹]
1385 2764 1446 2813 et
1491 2753 1740 2813 Lascari
1765 2752 2015 2833 Orpheo

228 2861 611 2936 tribuuntur,
657 2863 829 2940 cujus
871 2861 1115 2920 nullum
1157 2859 1423 2919 cernitur
1465 2855 1531 2913 in
1567 2864 1701 2913 toto
1748 2854 2017 2912 carmine

229 2964 588 3040 vestigium,
655 2971 961 3042 aetasque
1009 2962 1147 3040 ipsa
1212 2958 1552 3034 refragatur
1565 2950 1687 3035 [Ἢ.
1773 2952 2011 3013 Eadem

351 3130 416 3190 [h]
451 3135 685 3192 compend.
726 3135 855 3178 Rhet.
896 3118 941 3191 p.
982 3130 1052 3175 26.
1095 3110 1162 3174 e'd.
1204 3130 1416 3172 scheffer.
1456 3112 1530 3170 ubi
1569 3125 1623 3168 de
1651 3125 1857 3168 Mercurii
1889 3129 2034 3168 antro-

232 3191 349 3234 Lith.
383 3208 422 3235 v.
440 3188 526 3236 ‘18.
559 3195 762 3251 loquitur.
793 3195 1023 3236 Auctorem
1053 3190 1156 3233 libri
1183 3190 1392 3231 incertum
1422 3200 1519 3229 esse
1548 3190 1731 3228 constat.

351 3280 443 3336 [hh]
490 3282 598 3324 Post
629 3281 876 3338 Tyrwhitti
904 3277 1236 3335 disputationem
1265 3274 1432 3319 mireris
1460 3272 1737 3315 Muenterum
1767 3271 1876 3313 haec
1904 3269 2012 3336 scri—

231 3339 399 3381 bentenn
432 3339 484 3382 .in
527 3338 1006 3393 Commentatt.-Antiq.
1046 3352 1088 3394 p.
1118 3335 1218 3380 285.
1278 3334 1409 3387 „wie
1439 3332 1501 3374 alt
1529 3332 1608 3373 das
1637 3330 1761 3374 Buch
1791 3329 1845 3371 de
1875 3327 2013 3383 Lapl-

229 3398 385 3450 „dibus
414 3412 516 3454 sey,
546 3399 654 3443 lfisst
683 3399 775 3444 sich
803 3397 920 3441 wohl
949 3396 1068 3440 nicht
1098 3394 1379 3446 ausmachen,
1417 3391 1618 3435 indessen
1655 3402 1771 3433 muss
1800 3400 1898 3431 man
1925 3386 2011 3428 ihm
