2176 3886
239 179 296 220 vl
763 173 1418 245 ,PRAEFATIQ

156 315 174 423 l
235 323 383 364 vero
439 321 538 360 me
591 303 779 377 fallit,
838 309 890 365 si
951 306 1177 366 alteros
1237 308 1446 367 decem
1503 326 1695 368 annos
1752 311 1892 369 huic
1935 310 2021 369 la-

235 418 370 477 bori
437 416 834 495 adjecissem,
905 423 987 495 si,
1058 441 1212 501 quae
1280 424 1436 482 lecta
1502 423 1654 507 mihi
1723 434 1892 496 sunt,
1952 444 2024 483 ea

235 534 442 591 omnia
484 532 855 610 relegissem,
901 537 954 593 si
1001 535 1261 616 denique
1307 537 1621 596 doctrinae
1655 538 2021 596 instrumen-

173 625 187 758 Ι
232 650 342 720 tis,
399 646 619 727 quibus
664 667 840 726 aegre
886 652 1086 722 carui,
1147 670 1507 731 quocunque
1536 650 1739 729 ‘modo
1785 653 2021 731 potitus

200 780 460 835 essem,
517 772 881 822 eventurum
938 764 1128 823 fuisse
1186 775 1256 823 ut
1310 767 1461 824 haec
1505 775 1639 825 tota
1683 764 2021 847 disputatio

183 902 203 932 x
231 887 293 935 et
350 878 659 956 copiosior
712 878 884 936 fieret
941 889 1001 936 et
1056 879 1344 939 limatior.
1445 877 1569 939 Sed
1614 890 1674 940 et
1717 880 1867 939 haec
1909 900 2021 960 po-

177 914 429 1103 Xtiundi
483 1009 624 1071 spes
683 990 867 1051 valde
922 993 1152 1052 incerta
1207 1002 1269 1052 et
1322 994 1429 1053 illa
1481 995 1623 1053 viae
1667 994 1883 1071 longae
1927 1015 2019 1053 re-

226 1106 481 1186 plicatio
529 1107 661 1184 Jam
721 1106 1024 1166 deficienti
1084 1127 1302 1187 parum
1350 1110 1725 1188 tempestiva
1767 1106 2020 1169 videba-

180 1112 352 1325 j‘tur3
396 1229 743 1300 postremo,
789 1240 976 1300 quum
1036 1222 1299 1282 aliorum
1342 1222 1803 1283 festinationem
1848 1197 2021 1284 vide-

191 1329 358 1395 ³rem
415 1344 478 1394 et
531 1343 769 1412 gratam
824 1336 1291 1414 negligentiam,
1337 1337 1581 1399 decrevi
1602 1368 1605 1370 ·
1625 1338 1875 1417 publica
1916 1357 2021 1397 ex-

192 1375 434 1593 kempla
476 1452 649 1530 sequi
693 1451 850 1530 μηδ’
899 1451 1218 1515 αἰδεῖσθαι
1256 1453 1446 1522 Υκακὸς
1490 1452 1666 1516 εἶναι.

397 1563 621 1623 Tribus
678 1565 844 1624 hisce
900 1565 1073 1625 libris
1120 1569 1239 1626 tria
1282 1568 1652 1647 principalia
1695 1567 2019 1643 mysterio-

223 1698 361 1739 rum
418 1697 638 1755 genera
682 1682 974 1758 exposui,
1042 1680 1354 1742 diversam
1409 1683 1476 1739 in
1533 1699 1778 1760 quoque
1833 1681 2021 1739 ratio-2.-

222 1812 364 1853 nem
409 1802 719 1873 sequutus.
808 1792 967 1853 Nam
1015 1793 1092 1853 de
1137 1795 1597 1854 Eleusiniorum
1653 1794 1776 1853 ritu
1823 1802 1885 1852 et
1925 1794 2021 1852 in-

105 1919 115 1929 *
154 1977 162 1980 ,
223 1910 546 1968 stitutione
599 1918 661 1967 et
715 1906 1096 1968 administris
1151 1909 1443 1990 pleraque
1487 1927 1644 1988 quae
1688 1909 1831 1968 sciri
1873 1924 2015 1987 pos-

223 2034 382 2085 sunt-
420 2023 497 2083 ab
556 2024 695 2082 aliis
750 2023 1006 2083 collecta
1064 2033 1207 2084 sunt
1266 2033 1327 2082 et
1389 2024 1703 2085 communi
1757 2005 2018 2082 notitiae

225 2137 489 2211 tradita,
558 2137 636 2197 de
707 2138 1021 2198 doctrinae
1079 2147 1286 2199 autem
1344 2141 1640 2215 mysticae
1697 2138 1897 2198 causis
1956 2148 2018 2195 et

224 2255 604 2330 argumentis
687 2253 844 2312 adeo
928 2272 1221 2333 perversa
1302 2254 1568 2313 invaluit
1634 2253 1847 2332 opinio
1861 2293 1895 2323 ,.
1950 2261 2017 2309 ut

222 2371 378 2428 hanc
434 2370 857 2448 quaestionem
913 2370 1248 2448 praecipua
1303 2388 1447 2428 cura
1492 2367 1741 2444 dignam
1777 2364 2016 2444 judiea-

221 2504 370 2544 rem.
471 2482 614 2542 Alia
671 2484 775 2542 via
831 2491 892 2540 et
951 2483 1115 2542 haud
1174 2483 1383 2563 paullo
1443 2483 1763 2562 operosior
1808 2483 2015 2558 ingre-

221 2598 450 2658 dienda
505 2606 637 2657 erat
695 2597 963 2677 Orphica
1017 2608 1350 2658 tractaturo
1389 2598 1720 2674 mysteria,
1765 2595 1842 2656 de
1884 2597 2015 2674 qui—

223 2715 340 2774 bus
384 2714 561 2774 nihil
584 2715 776 2772 statui
820 2722 1067 2793 poterat
1110 2716 1230 2774 nisi
1276 2714 1542 2774 collectis
1579 2722 1760 2772 antea
1795 2720 1857 2770 et
1882 2709 2011 2769 dis-

134 2854 135 2857 *
222 2831 446 2909 positis
517 2818 926 2908 Orphicorum
994 2840 1318 2908 poetarum
1387 2829 1695 2908 reliquiis,
1752 2843 2010 2906 quorum

221 2963 560 3026 perpaucas
620 2944 974 3024 complexus
1034 2953 1127 3003 est
1188 2945 1516 3003 Gesnerus·.
1602 2941 1788 3015 Hunc
1824 2941 2013 3017 »ig-‘itur

222 3061 427 3119 locum
508 3078 702 3139 usque
770 3060 844 3119 ab
913 3060 1053 3119 imis
1122 3058 1536 3118 fundamentis
1614 3053 2008 3116 exaedificavi

221 3178 430 3256 itaque
486 3175 805 3253 diligenter
859 3177 1120 3235 instruxi
1169 3185 1245 3233 -ut
1290 3164 1566 3253 primum*
1617 3171 1906 3248 ingressis
1950 3177 2010 3265 ct

225 3293 550 3369 pristinum
596 3293 941 3371 squalorem
986 3288 1446 3350 recordantibus
1505 3287 1582 3346 ad
1630 3297 1870 3365 tempus
1914 3300 2008 3342 sa-
