2176 3886
770 253 1346 300 ELEUSINIA.
1871 250 1948 312 21

168 386 505 466 impietatis
564 383 1014 446 damnabantur
1073 397 1135 446 et
1178 396 1519 448 contemtus
1565 388 1821 454 deorum
1852 389 1946 480 [Ἠ.

164 488 247 545 Et
286 486 352 542 in
395 484 512 543 hoc
553 485 834 546 maximo
867 487 1190 547 hominum
1222 489 1421 547 omnis
1445 491 1703 565 generiS,
1747 494 1947 575 sexus}

162 586 415 655 aetatiS‚
473 594 778 646 conventu
832 585 1292 668 Hierophantas
1338 597 1549 647 contra
1593 608 1948 652 communes

158 695 556 765 receptasque
610 683 688 743 de
745 683 1004 746 deorum
1047 689 1215 748 cultu
1258 697 1321 747 et
1361 697 1581 749 natura
1626 692 1949 771 opiniones

70 806 83 834 ι
159 783 368 869 dedita
411 804 601 866 opera
637 784 985 866 disputasse
1008 788 1365 848 credamus?
1408 789 1500 862 Id,
1543 799 1719 870 puto,
1761 809 1948 851 nemo

158 903 196 944 a
248 884 428 943 nobis
483 903 609 944 non
664 885 867 946 dicam
922 889 1283 968 impetrabit
1349 889 1459 949 sed
1525 909 1602 949 ne
1660 901 1949 972 exposcet

157 983 421 1065 quidem.
512 983 676 1058 Quid
731 989 918 1065 igitur
959 976 1327 1069 'disciplinae
1372 1008 1632 1049 arcanae
1675 990 1953 1052 adserto·
1976 1033 1986 1037 --

155 1105 253 1146 res
319 1085 615 1147 adversus
682 1087 834 1146 haec
899 1088 1260 1168 proferunt?
1316 1087 1509 1149 Vetus
1568 1098 1662 1149 est
1715 1093 1949 1171 opinio,

158 1188 443 1267 antiquos
502 1186 911 1267 philosophos
956 1188 1190 1270 duplici
1233 1209 1452 1267 genere
1497 1189 1759 1250 docendi
1801 1209 1946 1251 usos

156 1304 319 1358 esse,
377 1304 500 1344 uno
557 1286 639 1346 ad
697 1288 1032 1368 populum,
1113 1290 1309 1349 altero
1364 1290 1710 1351 familiares·
1756 1293 1946 1366 inter3

153 1386 310 1446 hanc
352 1388 714 1446 esotericam
757 1390 971 1450 vocari
1015 1399 1078 1449 et
1120 1410 1407 1450 arcanam
1451 1390 1827 1465 doctrinam,
1871 1391 1946 1450 il-

153 1484 280 1544 lam
335 1487 703 1566 popularem
721 1486 814 1569 [²].
899 1487 1065 1549 Hinc
1099 1491 1234 1568 jam
1280 1493 1574 1565 sumitur,
1619 1493 1951 1553 universos

83 1621 86 1624 »
154 1584 404 1665 quidem
455 1588 522 1645 in
578 1573 880 1669 templum
922 1598 1237 1670 receptos,
1282 1591 1394 1651 sed
1436 1611 1563 1650 non
1607 1610 1820 1651 omnes
1863 1590 1945 1650 ad

152 1686 375 1746 intima
417 1705 779 1748 arcanorum
823 1688 1131 1749 admissos
1178 1709 1338 1766 esse3
1395 1691 1786 1771 plebeculam
1829 1669 1943 1751 miss

151 1788 390 1845 nimum
431 1788 627 1847 veluti
669 1798 912 1865 gustum
956 1790 1235 1857 hausisse
1277 1790 1596 1849 doctrinae
1625 1789 1946 1850 sublimio-

148 1887 266 1958 riS,
310 1904 504 1966 eoque
545 1886 734 1945 modo
780 1891 1017 1950 cavisse
1058 1889 1550 1970 HierophantaS,
1611 1909 1689 1948 ne
1733 1890 1946 1950 exclu-

150 1985 368 2046 derent
439 2006 786 2067 quenquam
856 1988 1061 2063 adim,
1134 2008 1300 2052 neve
1364 1989 1735 2051 adeuntibus
1801 1991 1943 2072 plus

149 2087 516 2168 praeberent
558 2107 743 2168 quam
790 2107 1166 2170 concoquere
1191 2100 1482 2172 possent.
1538 2090 1712 2151 Haec
1754 2093 1942 2170 igitur

146 2190 310 2248 ratio
354 2207 435 2249 an
478 2198 757 2250 accurate
799 2190 1061 2252 fundata
1103 2191 1215 2265 sit,
1273 2202 1417 2252 ante
1463 2194 1672 2252 omnia
1715 2210 1942 2272 expen-

152 2286 442 2348 dendum.

273 2455 335 2517 [¹¹]
369 2460 549 2503 Lucian.
602 2460 780 2504 Demon.
831 2459 911 2508 IX.
952 2461 1053 2507 237.
1108 2466 1189 2507 καί
1234 2478 1352 2513 τινες
1389 2461 1457 2508 ἐπ’
1501 2462 1621 2520 αὐτῷ
1661 2463 1940 2518 συνέστησαν

145 2513 328 2562 Ἄνυτοι
378 2520 455 2562 καὶ
494 2520 698 2574 Μέλητοι
747 2518 802 2563 τὰ
841 2519 956 2564 αὐτὰ
997 2525 1350 2580 κατηγοροῦντες
1392 2520 1538 2582 ὥςπερ
1581 2521 1783 2566 κάκεῖνοι
1822 2518 1936 2577 τότε,

152 2575 221 2621 ὅτι
249 2573 352 2621 οὔτε
379 2573 510 2620 θύων
539 2573 678 2635 ὤφθη
707 2575 878 2624 πώποτ’
913 2574 1014 2624 οὕτε
1045 2577 1222 2639 ἐμυήθη
1252 2578 1394 2640 μόνος
1422 2579 1635 2625 ἁπάντων
1662 2586 1760 2630 ταῖς
1782 2579 1937 2624 Ἐλευ-

150 2637 315 2685 σινίαις
355 2635 437 2692 (sc.
467 2640 599 2686 θεαῖς
627 2652 736 2691 non,
767 2642 818 2680 ut
848 2638 1049 2693 Guietus,
1080 2641 1311 2696 τελεταῖς).
1369 2639 1442 2682 Ex
1473 2641 1556 2683 hoc
1585 2640 1681 2683 loco
1713 2639 1935 2695 colligunt,

150 2695 375 2738 Socratem
415 2709 499 2738 non
527 2695 744 2741 initiatum
774 2697 908 2740 fuisse
938 2703 982 2740 et
1010 2699 1219 2741 rationem
1252 2714 1420 2755 quoque
1452 2699 1790 2756 qualemcunque
1821 2712 1936 2741 com-

148 2753 456 2806 miniscuntur3
497 2754 610 2798 hunc
649 2757 760 2799 enim
789 2757 1146 2813 sapientissimum
1176 2759 1315 2801 virum
1356 2758 1410 2800 de
1447 2759 1579 2801 rebus
1609 2757 1766 2801 divinis
1795 2757 1936 2799 omnia

149 2812 298 2855 eadem
338 2813 523 2856 sensisse
563 2827 674 2871 quae
714 2815 1013 2872 mysteriorum
1065 2816 1306 2870 antistites,
1369 2821 1414 2859 et
1465 2820 1697 2875 propterea
1747 2813 1936 2858 noluisse

149 2885 302 2915 nomen
339 2886 461 2915 suum
502 2873 618 2928 ap‘ud
654 2873 752 2916 illos
781 2874 1002 2932 profiteri,
1059 2890 1113 2917 ne
1144 2876 1446 2932 prohiberetur
1488 2890 1541 2919 ea
1569 2875 1712 2932 palam
1742 2874 1933 2917 omnibus

150 2929 331 2983 docere,
374 2945 487 2987 quae
525 2931 590 2974 illi
618 2932 768 2990 paucis
797 2937 901 2976 nota
942 2948 1037 2976 esse
1077 2935 1252 2978 vellent.
1320 2935 1483 2978 Verum
1523 2934 1747 2976 Socratem
1785 2946 1934 2975 sacro-

148 3001 241 3033 rum
275 2989 593 3034 Eleusinioi-um
634 2995 854 3049 expertem
897 2992 1031 3035 fuisse
1069 3007 1207 3050 neque
1246 2993 1358 3038 dixit
1398 2994 1665 3051 quisquam„
1710 3005 1848 3048 neque
1886 2990 1934 3034 id

152 3048 344 3103 seqnitur
373 3062 428 3091 ex
458 3063 511 3091 eo
541 3049 654 3107 quod
682 3064 778 3094 cum
806 3051 1070 3095 Demonacte
1118 3057 1402 3110 comparatur.
1485 3051 1672 3107 Utrique
1713 3064 1933 3093 commune

153 3105 237 3147 fuit
281 3106 516 3165 impietatis
556 3108 716 3152 crimen
756 3110 833 3153 sed
873 3124 1006 3154 causa
1044 3110 1222 3168 dispar3
1264 3125 1362 3155 nam
1400 3124 1540 3166 neque
1567 3109 1791 3153 Demonax
1819 3123 1931 3154 nova

153 3162 375 3210 daemonia
402 3166 622 3211 induxisse
639 3168 877 3223 dicebatur,
906 3183 1047 3227 neque
1075 3170 1282 3214 Socrates
1312 3170 1587 3212 contemsisse
1615 3167 1835 3226 mysteria.

274 3247 338 3310 [ἶ]
368 3254 647 3300 Warburton.
678 3255 760 3300 111.
791 3256 908 3302 Sect.
938 3257 997 3303 11.
1028 3255 1128 3304 481.
1157 3257 1269 3302 unde
1302 3256 1436 3301 ceteri
1466 3256 1664 3315 pendent.
