2176 3886
256 164 364 206 vm
857 158 1448 229 PRAEFATIO.

119 309 159 353 1..
222 291 475 360 'doctiS,
535 307 719 368 quum
775 291 925 350 mihi
982 291 1283 370 quaedam
1341 295 1526 352 nimis
1583 291 1887 352 affirmare
1941 294 2035 354 vi-

36 384 73 395 ”
221 405 562 475 -derentur,
607 403 967 465 adversatus
1012 425 1172 479 sum,
1217 409 1350 466 sine
1393 409 1750 487 cujusquam
1796 416 1904 467 aut
1945 409 2037 466 in-

250 519 584 577 sectatione
650 530 756 578 aut
821 523 1261 595 assentatione3
1327 539 1527 600 neque
1597 539 1776 598 aegre
1838 521 2039 582 ferent

249 633 356 711 qui
401 650 440 691 a
482 651 582 691 me
624 633 978 712 reprehensi
1021 645 1184 708 sunt,
1227 636 1348 694 nisi
1391 634 1553 693 forte
1597 633 1717 693 sibi
1758 634 1901 715 plus
1943 655 2039 694 re·-

247 748 561 806 verentiae
617 745 827 806 deberi
882 758 1136 826 putant,
1182 767 1364 828 quam
1409 747 1817 808 Valckenario
1861 767 2038 830 prae-

248 871 444 920 statur
500 870 607 919 aut
648 860 1120 922 Hemsterhusio
1184 873 1292 922 aut
1347 864 1469 943 ipsi
1524 862 1681 922 adeo
1735 862 2038 941 Bentlejo,

246 993 507 1055 quorum
563 994 639 1034 ex
694 976 907 1035 multis
963 986 1026 1036 et
1082 978 1406 1038 luculentis
1464 978 1830 1055 conjecturis
1871 976 2040 1037 haud

248 1091 466 1167 exigua
509 1108 653 1169 pars
698 1092 879 1150 cessit
921 1093 1294 1154 melioribus.
1384 1092 1621 1173 Hisque
1663 1093 1897 1152 mutuis
1934 1089 2041 1151 de-

247 1205 550 1264 trimentis
611 1223 730 1284 quo
788 1205 1024 1265 tardior
1066 1208 1181 1267 hoc
1224 1210 1445 1267 certior
1488 1210 1558 1266 fit
1601 1209 1750 1268 artis
1793 1215 2041 1267 nostrae

247 1337 608 1399 progressus
628 1362 646 1391 ,
692 1321 865 1397 cujus
911 1331 1145 1381 tessera
1188 1333 1282 1383 est
1327 1325 1511 1409 ἔλεγχ’
1558 1325 1824 1409 ἐλέγχου.

415 1434 545 1492 Illis
611 1443 819 1493 autem
887 1436 1085 1496 tribus
1151 1437 1472 1514 generibus
1552 1439 1857 1497 inclusum
1926 1446 2039 1508 est,

246 1545 546 1626 quidquid
600 1550 900 1623 mysticae
958 1552 1299 1630 sapientiae
1369 1573 1403 1611 e
1458 1562 1739 1613 veterum
1795 1553 2040 1632 scriptis

243 1663 478 1734 recinit,
522 1679 721 1740 neque
765 1662 955 1721 ullam
1001 1667 1348 1740 graviorem
1393 1675 1635 1744 partem
1679 1667 1811 1744 ejus
1855 1683 2043 1744 quae(

245 1776 492 1847 stionis,
538 1793 721 1854 quam
765 1775 908 1834 libri
950 1778 1271 1857 inscriptio
1317 1778 1578 1851 indicat,
1634 1780 1820 1858 plane
1861 1797 2040 1859 prae--

245 1890 489 1948 teritam
559 1888 855 1964 arbitror,
915 1891 1036 1951 nisi
1104 1891 1254 1970 quid
1322 1892 1484 1952 forte
1548 1895 1614 1951 in
1670 1893 1822 1953 locis
1878 1894 2039 1954 aviis

246 2005 618 2083 occultisque
694 2003 975 2064 abditum
1041 2007 1242 2066 latuit.
1357 2005 1483 2066 Sed
1550 2025 1766 2066 omnes
1830 2017 2039 2087 partes

246 2118 650 2206 aequabiliter
717 2120 1021 2200 perfectas
1093 2138 1229 2181 esse
1298 2140 1680 2202 nequaquam
1738 2121 2040 2202 spondeo,

244 2252 372 2293 non
427 2251 548 2312 quo
602 2233 907 2293 noluerim
964 2237 1174 2294 omnia
1215 2237 1507 2314 perficere
1549 2235 1661 2296 sed
1706 2239 1852 2322 quia
1893 2238 2039 2306 scri-

247 2346 562 2420 bentibUS,
622 2367 811 2426 quum
861 2350 998 2426 Jam
1043 2350 1424 2430 aliquantum
1467 2352 1531 2408 in
1577 2352 1684 2411 via
1724 2369 2040 2432 processe-

244 2466 397 2536 rint,
456 2462 656 2522 multa
699 2472 872 2522 extra
915 2463 1194 2524 ordinem
1241 2472 1597 2537 occurrunt,
1642 2483 1799 2544 quae
1840 2439 2054 2546 neque*
2093 2455 2100 2460 ’

182 2587 206 2669 J
244 2578 579 2658 praeterire
634 2578 768 2636 sine
824 2596 1045 2637 causae
1100 2578 1504 2652 detrimento,
1561 2598 1760 2659 neque
1782 2581 1893 2639 rita
1935 2599 2037 2639 ex-

193 2683 202 2776 ζ
244 2694 491 2754 haurire
546 2702 842 2772 possunt,
921 2703 991 2751 ut
1047 2695 1101 2752 si
1155 2695 1221 2752 in
1275 2696 1479 2774 prima
1534 2695 1739 2774 operis
1795 2695 2038 2754 institu-

158 3029 196 3307 l

246 2811 416 2868 tione
460 2807 898 2886 comprehensa
939 2807 1216 2867 fuissent.
1298 2809 1511 2889 Itaque
1553 2810 1624 2868 fit
1664 2818 1736 2889 ut
1779 2808 2038 2889 quilibet

246 2941 445 3002 neque
487 2923 790 3000 pessimus
833 2940 1029 3001 neque
1075 2915 1349 3004 optimus
1400 2924 1560 2983 liber
1600 2941 1725 2983 non
1768 2922 2037 2983 dissimi-

247 3039 325 3098 lis
408 3037 752 3116 reperiatur
821 3036 1065 3096 Alcinoi
1133 3037 1347 3110 horto,
1437 3039 1575 3098 aliis
1639 3038 2035 3115 germinantia

247 3152 395 3224 bus,
455 3151 593 3210 aliis
650 3149 1170 3224 adolescentibus,
1231 3152 1368 3211 aliis
1423 3153 1674 3232 plenam
1718 3154 2033 3213 maturita-

252 3278 377 3326 tem
423 3265 680 3345 adeptis.
