2158 3848
275 234 399 295 274
800 241 1035 284 LIBER
1078 236 1508 283 SECUNDUS.

282 373 545 455 trepidis
567 372 812 435 subibat
847 374 1063 446 timor,
1105 390 1182 430 ne
1217 372 1321 452 qui
1357 386 1459 428 eas
1497 366 1831 447 propositis
1869 370 2042 444 praess

280 476 444 535 miis
475 471 877 554 amplioribus
933 471 1015 531 ad
1068 488 1213 530 suas
1261 478 1471 550 partes
1527 465 1914 526 traducerent
1955 463 2044 523 fa-

282 592 612 653 voremque
654 573 1101 650 interciperent.
1185 567 1258 627 Id
1302 585 1450 630 vero
1504 586 1582 625 ne
1644 567 1781 626 fieri
1817 572 2047 644 posset,

281 673 446 753 quod
487 669 737 731 tandem
785 671 1169 749 aptiuserat
1208 666 1568 739 remedium,
1614 683 1798 746 quam
1841 666 1896 723 si
1938 682 2044 722 no*

285 774 454 832 mina
497 769 751 828 deorum
796 769 1149 828 tutelarium
1193 777 1299 825 aut
1342 776 1501 825 certe
1542 767 1728 825 ritum
1766 760 2052 844 placandi

281 870 582 928 occultum
607 867 941 928 haberent?
986 885 1165 947 quem
1196 868 1299 945 qui
1342 884 1467 924 non
1491 867 1828 937 tenebant,
1872 865 2050 921 litare

280 987 402 1028 non
446 977 765 1047 poterant,
823 977 1029 1026 tenere
1073 975 1279 1025 autem
1316 984 1441 1024 non
1483 967 1602 1026 nisi
1642 975 1884 1025 veteres
1932 960 2053 1021 cul-

284 1080 446 1128 tores
491 1067 907 1127 credebantur.
997 1065 1199 1139 Quare
1243 1065 1321 1124 ab
1366 1067 1491 1140 his,
1556 1068 1610 1126 si
1651 1083 1750 1124 res
1805 1065 1895 1122 ita
1936 1061 2053 1119 fer-

280 1178 402 1240 ret,
448 1177 509 1227 et
547 1166 935 1251 ἅφιὸρύσεως
971 1168 1157 1228 venia
1189 1167 1384 1247 petita
1402 1166 1473 1248 [a]
1521 1177 1582 1226 et
1615 1179 2055 1242 non-nunquam

283 1271 469 1329 etiam
525 1266 871 1329 sacerdotes
926 1268 1198 1326 arcessiti
1251 1275 1394 1326 sunt
1411 1271 1479 1346 [θ]
1548 1268 1722 1328 velut
1765 1262 2057 1324 Aescula-

278 1370 398 1452 pii,
465 1366 701 1428 Cereris
761 1364 1148 1445 Cybelaeque
1206 1386 1244 1425 a
1296 1368 1616 1440 RomaniS‚
1691 1363 1930 1426 Cereris
1996 1370 2088 1430 et,
2132 1396 2158 1450 .':

279 1470 681 1548 Proserpinae
718 1486 756 1525 a
782 1463 1382 1543 Carthaginiensibus
1400 1465 1485 1546 [f].
1569 1467 1882 1525 Romanos
1925 1464 2058 1544 qui-

281 1570 422 1629 dem
467 1567 805 1627 communis
850 1566 1016 1624 fama
1060 1575 1153 1625 est
1198 1569 1531 1626 occultasse
1554 1567 1790 1625 Romae
1830 1584 2057 1624 nomen
2132 1551 2158 1594 ’ἶ

281 1671 538 1730 alterum
554 1669 624 1745 [g]
682 1686 760 1725 ne
817 1665 1001 1740 deuS,
1063 1666 1175 1726 sub
1235 1669 1403 1746 cujus
1457 1667 1653 1726 tutela
1707 1664 1853 1724 urbs
1909 1676 2057 1737 erat,

283 1768 654 1844 exaugurari
707 1776 948 1846 posset;
1017 1766 1094 1826 de
1154 1786 1274 1846 quo
1342 1767 1645 1826 disserens
1700 1766 2059 1825 Plutarchus
2099 1767 2101 1769 ’

284 1865 531 1940 Quaest.
578 1867 750 1925 Rom.
793 1864 954 1924 LXI.
1011 1866 1152 1926 347.
1211 1867 1279 1926 T.
1324 1867 1483 1927 VIII.
1530 1875 1850 1946 comparat
1891 1866 2060 1926 simi-

403 2047 465 2104 [d]
500 2049 752 2105 Quanquam
783 2048 965 2104 plurima
993 2048 1113 2091 fuere
1144 2048 1316 2092 Cereris
1345 2049 1620 2102 Eleusiniae,
1664 2049 1875 2108 Apollinis
1905 2048 2057 2104 Pythii

286 2107 510 2162 Deliique,
540 2106 710 2149 Dianae
736 2106 954 2162 Ephesiae
982 2107 1244 2163 aliorumque
1274 2108 1447 2150 deorum
1477 2103 1794 2166 ἀφιδρύματα,
1836 2121 1974 2163 neque
2005 2120 2059 2149 ea

287 2165 421 2207 solum
466 2179 493 2206 a
523 2164 684 2206 colonis
713 2170 899 2206 assumta
927 2165 1003 2207 sed
1033 2166 1162 2208 etiam
1191 2167 1351 2212 exteris
1385 2167 1661 2218 transmissa,
1706 2171 1849 2210 tamen
1879 2179 1935 2208 an
1963 2165 2060 2207 uni-
2144 2195 2146 2212 2

289 2223 442 2279 cuique
470 2222 665 2274 licuerit,
697 2237 807 2278 quae
836 2222 967 2265 vellet
997 2224 1052 2264 ad
1082 2239 1127 2266 se
1157 2226 1394 2266 transferre
1423 2238 1575 2277 sacra,
1605 2238 1866 2282 magnopere
1895 2223 2061 2266 dubito.
2144 2226 2145 2229 ’

289 2282 449 2324 Strabo
488 2281 609 2322 VIII.
648 2279 751 2323 385.
790 2286 940 2323 narrat
968 2277 1124 2331 Ἴωνας
1169 2286 1309 2325 αἰτεῖν
1346 2281 1471 2341 παρὰ
1500 2285 1591 2325 τῶν
1613 2280 1840 2327 Ἑλικείων
1866 2278 2063 2341 μάλιστα

2144 2043 2158 2129 ’.ὰ-’.-Ἴ
2153 1998 2158 2026 ..v
2146 1927 2147 1931 Α
2146 1895 2147 1898 ⁴

289 2340 376 2397 μὲν
404 2337 453 2383 τὸ
484 2342 640 2398 βρέτας
668 2342 749 2383 τοῦ
778 2339 1094 2396 Ποσειδῶνος,
1136 2343 1175 2383 εἰ
1206 2341 1255 2385 δὲ
1283 2339 1373 2399 μὴ,
1404 2343 1484 2384 τοῦ
1512 2355 1565 2398 γε
1595 2343 1720 2399 ἱεροῦ
1748 2339 1831 2396 τὴν
1859 2340 2061 2401 o‘ctptd’qve
2150 2353 2151 2357 ¹

291 2409 378 2440 σιν.
437 2397 635 2452 Namque
663 2404 714 2440 ut
740 2397 824 2439 rite
852 2398 1006 2440 fierent
1034 2412 1173 2451 sacra,
1204 2413 1290 2442 non
1320 2399 1454 2442 solum
1483 2399 1699 2455 signorum
1728 2399 1958 2442 similitudo
1990 2413 2063 2441 ac-

293 2458 442 2497 curate
481 2455 756 2512 exprimenda
794 2456 870 2496 sed
906 2456 1033 2498 etiam
1073 2458 1394 2500 cerimoniarum
1434 2465 1559 2500 tenor
1596 2457 1800 2514 religiose
1829 2457 2063 2501 servandus

292 2517 412 2564 erat3
443 2513 557 2568 quod
585 2513 847 2554 ,lamblichus
877 2528 1045 2568 quoque
1075 2515 1268 2556 declarat
1295 2516 1349 2560 V.
1380 2516 1511 2570 Pyth.
1540 2517 1597 2560 II.
1628 2514 1672 2559 4.
1702 2515 1771 2560 18.
1802 2517 2064 2573 singularum

295 2570 483 2627 gentium
522 2571 694 2613 Samum
733 2570 1064 2612 inhabitantium
1107 2578 1245 2614 ortum
1276 2578 1320 2614 et
1348 2574 1460 2614 unde
1492 2574 1650 2630 quique
1680 2575 1854 2617 deducti
1886 2573 2062 2627 fuerint,

299 2644 323 2671 e
364 2629 668 2672 sacrificiorum
709 2627 797 2669 ritu
834 2629 1074 2670 etiamnunc
1114 2630 1315 2685 cognosci
1355 2631 1585 2672 affirmans.
1652 2632 1740 2674 Hic
1781 2638 1922 2675 autem
1951 2633 2062 2675 unde

299 2687 409 2729 disci
446 2691 640 2744 poterat,
682 2686 764 2728 nisi
802 2699 829 2726 a
869 2687 1015 2742 primis
1045 2688 1291 2730 auctoribus
1322 2702 1521 2731 eorumve
1550 2690 1769 2745 posteris?
1798 2690 1865 2732 De
1894 2691 2064 2733 Dianae
2094 2686 2101 2696 ¹

301 2745 437 2787 sacris
467 2744 704 2787 Massiliam
735 2747 781 2785 et
808 2743 907 2786 hinc
934 2745 979 2786 in
1007 2745 1116 2788 alias
1146 2746 1335 2788 colonias
1374 2748 1626 2803 propagatis
1664 2748 1823 2792 Strabo
1852 2749 1931 2792 IV.
1965 2749 2064 2792 179.
2142 2775 2158 2788 „

302 2804 352 2863 ἐν
378 2808 475 2852 ταῖς
502 2801 706 2852 ἀποίκοις
732 2797 891 2846 πόλεσι
919 2807 1151 2860 πανταχοῦ
1179 2807 1315 2862 τιμᾷν
1344 2804 1393 2848 ἐν
1431 2810 1523 2854 τοῖς
1559 2802 1752 2866 πρώτοις
1790 2803 1952 2862 ταύτην
1980 2804 2089 2863 τὴν,ῚῚῚ
2143 2826 2158 2862 ,1

304 2859 416 2905 θεὸν
457 2863 534 2904 καὶ
570 2864 650 2905 τοῦ
678 2857 842 2911 ξοάνου
870 2859 952 2914 τὴν
979 2859 1186 2907 διάθεσιν
1212 2861 1293 2917 τὴν
1322 2861 1461 2918 αὐτὴν
1490 2866 1566 2906 καὶ
1593 2859 1732 2907 τᾶλλα
1760 2862 1867 2923 νόμι
1905 2883 1936 2909 α
1964 2876 2073 2925 ‹pv-¹
2142 2892 2158 2919 μ

302 2916 542 2963 adnectam
580 2916 635 2962 τὰ
673 2916 785 2962 αὐτὰ
829 2916 943 2979 ἅπερ
983 2920 1033 2963 ἐν
1060 2923 1112 2979 τῇ
1141 2918 1396 2980 ἀκροπόλει.
1435 2921 1554 2965 Idem
1583 2922 1636 2964 L.
1665 2923 1765 2975 XII.
1796 2924 1852 2966 53
1884 2956 1894 2966 .
1936 2924 2061 2985 ἱερὸν
2143 2922 2158 2965 ‘x

302 2974 581 3027 ’Λπόλλωνος
619 2974 851 3026 Κατάονος
877 2974 1131 3050 τιμώμενον
1159 2979 1259 3022 καθ’
1294 2978 1401 3034 ὅλην
1427 2978 1508 3031 τὴν
1534 2981 1896 3039 Καππαδοκίαν,
1926 2999 2063 3039 ποιη-
2144 2995 2158 3015 ⁴-

309 3040 517 3093 σαμένων
554 3031 847 3094 ἀφιὸρίματα
887 3035 959 3079 απ’
1003 3040 1151 3080 αυτοῦ.
1191 3053 1232 3080 v.
1261 3038 1517 3094 Wesseling.
1548 3039 1603 3081 ad
1630 3039 1757 3084 Diod.
1787 3041 1882 3084 XV.
1909 3041 1981 3085 49.

429 3094 490 3149 [e]
523 3094 714 3136 Periti
745 3093 957 3147 cultus,
986 3101 1036 3137 ut
1064 3095 1261 3138 Valerius
1293 3097 1509 3140 Maximus
1538 3105 1668 3141 vocat
1694 3099 1732 3141 Ι.
1761 3099 1803 3141 8.
1831 3100 1874 3143 2.

425 3149 485 3207 [f]
517 3151 692 3193 Diodor.
721 3149 838 3196 XIV.
868 3151 937 3194 77.

430 3210 493 3266 [g]
527 3209 637 3252 Tria
671 3211 788 3253 urbis
828 3210 995 3253 nomina
1033 3212 1167 3253 refert
1195 3211 1366 3267 LyduS‚
1407 3227 1531 3256 unum
1569 3211 1841 3271 τελεστικόν,
1885 3216 2062 3267 Amor,

286 3303 291 3308 .
315 3267 428 3322 quod
456 3268 788 3311 commenticium
817 3274 898 3321 est,
928 3267 1151 3312 secundum
1180 3268 1402 3329 ἱερατικόν
1428 3271 1610 3324 Flora,
1639 3274 1811 3316 tertium
1832 3269 2065 3317 πολιτικόν

315 3324 453 3367 Mens.
491 3341 533 3383 p.
575 3325 646 3369 97.
685 3327 759 3369 ubi
799 3327 931 3386 ἔξαγο
964 3324 1080 3371 εύειν
1117 3329 1382 3372 scribendum
1424 3343 1502 3387 pro
1532 3327 1720 3390 ἐξάγειν.
1778 3331 1930 3375 Vicum
1959 3331 2062 3374 Va-

320 3382 360 3425 le
377 3383 549 3427 ntiam
578 3391 873 3430 commemorat
901 3385 937 3428 C
971 3399 1059 3430 ron.
1088 3386 1240 3431 Pasch.
1270 3402 1312 3447 p.
1344 3388 1440 3432 109.
