2158 3848
189 187 314 248 472
720 197 960 241 LIBER
1003 197 1433 242 SECUNDUS.

192 340 319 394 λων
374 332 433 393 οἱ
485 337 720 412 πρῶτοι
776 324 1370 411 φυσιολογήσαντες,
1431 324 1597 387 idem
1651 325 1971 407 Orpheum

193 429 518 508 significari
574 435 759 508 putat
812 445 872 506 p.
924 426 1062 486 138.
1118 426 1175 485 b.
1231 424 1515 510 πρώτους
1558 423 1974 511 φυσιολόγους

190 529 336 599 τοὺς
377 528 516 614 περὶ
551 527 795 610 Ὀρφέα
838 525 944 587 καὶ
975 531 1315 590 Μουσαῖον
1358 529 1616 612 εὔλογον
1659 526 1835 611 λέγει,
1879 528 1969 588 οἵ-

192 654 350 699 τινες
393 625 599 690 πάντα
644 624 805 703 πλὴν
847 631 961 686 τοῦ
1004 620 1255 706 πρώτου
1298 627 1594 709 γενέσθαι
1637 624 1813 708 φασί.

984 835 1039 917 ς.
1125 837 1185 896 2.

362 1022 644 1087 Chronus
685 1025 794 1084 ille
847 1042 932 1084 ex
986 1041 1054 1083 se
1097 1018 1302 1084 Chaos
1357 1030 1421 1082 et
1461 1020 1792 1083 Aetherem
1835 1041 1978 1103 pro-

192 1144 513 1205 generasse
555 1124 797 1185 dicitur.
884 1123 1177 1184 Proculus
1230 1123 1299 1182 in
1342 1121 1500 1182 Tim.
1553 1123 1601 1183 Ι.
1657 1118 1758 1182 54.
1821 1121 1977 1205 μετὰ

191 1227 307 1307 τὴν
348 1225 504 1308 μίαν
548 1224 759 1289 αἰτίαν
812 1224 850 1304 ἡ
895 1224 1055 1294 δυὰς
1108 1230 1240 1287 τῶν
1284 1224 1499 1305 ἀρχῶν
1542 1221 1827 1306 ἀνεφάνη
1870 1221 1977 1285 καὶ

193 1332 260 1391 ἐν
314 1325 570 1395 ταύταις
624 1325 663 1404 ἡ
717 1325 918 1406 μονὰς
973 1322 1271 1406 κρείττων
1324 1329 1432 1401 τῆς
1489 1319 1727 1392 δυάδος
1781 1324 1854 1402 ἥ,
1923 1328 1977 1385 εἰ

190 1423 403 1509 βούλει
440 1428 750 1508 Ὀρφικῶς
794 1424 1021 1509 λέγειν,
1067 1423 1099 1485 ὃ
1147 1421 1341 1503 αἰθὴρ
1384 1422 1498 1484 τοῦ
1535 1419 1751 1502 χάους.
1796 1419 1973 1482 Idem

191 1526 267 1583 II.
318 1525 456 1585 117.
525 1524 722 1606 ὥςπερ
769 1520 1046 1586 Πλάτων
1102 1521 1316 1590 διττὰς
1360 1518 1719 1606 παρήγαγεν
1777 1521 1978 1591 αἰτίας

194 1624 316 1687 οἷπό
361 1632 475 1687 τοῦ
522 1623 707 1696 ἑνὸς,
752 1622 823 1686 τὸ
868 1623 1058 1705 πέρας
1113 1622 1219 1684 καὶ
1260 1619 1376 1700 τὴν
1433 1620 1753 1704 οἷπειρίαν,
1815 1621 1980 1684 οὕτω

192 1724 298 1787 καὶ
341 1725 375 1787 ὃ
410 1722 707 1810 Θεολόγος
752 1723 874 1786 ἀπὸ
929 1730 1035 1785 τοῦ
1073 1719 1311 1804 χρόνου
1355 1718 1469 1784 τόν
1511 1746 1576 1784 τε
1621 1722 1848 1805 αἰθέρα
1877 1721 1982 1784 καὶ

192 1824 263 1887 τὸ
300 1823 458 1905 χάος
501 1825 834 1902 ὑπέστησε,
892 1830 1005 1885 τοῦ
1050 1822 1169 1904 μὲν
1210 1829 1533 1901 πανταχοῦ
1576 1822 1837 1904 πέρατος
1881 1826 1979 1884 αἴ-

192 1949 330 1989 τιον
381 1924 498 1988 τὸν
555 1923 818 2005 αἰθέρα,
885 1929 996 2000 τῆς
1049 1921 1119 1985 δὲ
1177 1921 1457 2005 ἀπειρίας
1511 1922 1582 1983 τὸ
1621 1919 1807 2003 χάος,
1874 1922 1980 1984 καὶ

194 2025 319 2088 ἀπὸ
376 2022 621 2087 τούτων
674 2027 839 2086 τοῖν·
867 2022 1052 2085 δυοῖν
1107 2023 1320 2103 ἀρχῶν
1332 2067 1354 2095 ,
1439 2019 1586 2093 τούς
1641 2045 1707 2083 τε
1764 2019 1979 2091 θείους

193 2131 387 2210 γεννᾷ
444 2121 826 2204 διακόσμους
881 2122 988 2183 καὶ
1040 2122 1187 2192 τοὺς
1243 2125 1554 2204 ἐμφανεῖς.
1621 2138 1778 2200 quae
1835 2121 1980 2181 licet

193 2241 414 2301 magna
456 2223 554 2282 sui
595 2231 773 2303 parte
814 2221 1124 2295 vacillent,
1170 2231 1376 2283 tamen
1419 2222 1538 2280 huc
1580 2229 1982 2301 transponere

193 2341 320 2382 non
362 2321 675 2395 fastidivi,
727 2331 798 2380 ut
839 2338 966 2380 non
1009 2320 1211 2380 solum
1254 2323 1561 2381 sententia
1602 2331 1827 2403 poetae
1870 2320 1981 2381 sed

196 2424 384 2482 etiam
426 2424 832 2501 interpretum
876 2431 1276 2499 pernoscatur
1319 2421 1653 2482 cavillatio,
1731 2422 1983 2502 Simpli-

196 2522 325 2581 cius
370 2522 437 2579 in
481 2519 550 2581 L.
594 2519 697 2579 IV.
741 2518 923 2580 Ausc.
967 2539 1028 2599 p.
1079 2519 1218 2580 123.
1280 2522 1462 2600 δηλοῖ
1501 2522 1714 2602 (chaos
1757 2522 1983 2581 Hesio-
2059 2590 2062 2593 ‚

197 2620 398 2701 dium)
456 2621 532 2682 οὗ
569 2617 789 2702 χώραν
833 2619 988 2681 ἀλλὰ
1044 2619 1161 2698 τὴν
1204 2621 1552 2702 ἀπειροειὸῆ
1607 2622 1713 2683 καὶ
1753 2613 1980 2701 πεπλη-

196 2721 526 2803 θυσμένην
565 2726 696 2782 τῶν
738 2722 913 2797 θεῶν
957 2717 1198 2792 αἰτίαν,
1259 2721 1339 2800 ἣν
1387 2720 1663 2803 Ὀρφεὺς
1714 2719 1979 2804 χάσμα
2039 2787 2041 2791 s

197 2817 585 2903 πελώριον
655 2816 914 2882 ἐκάλεσε.
1020 2819 1205 2881 Μετὰ
1264 2819 1387 2905 γὰρ
1451 2820 1565 2899 τὴν
1630 2820 1786 2901 μίαν
1848 2829 1979 2885 τῶν

197 2916 456 2983 πάντων
499 2918 731 3003 ἀρχὴν,
799 2920 881 2999 ἣν
929 2917 1204 3002 Ὀρφεὺς
1256 2920 1362 2982 καὶ
1410 2918 1647 3002 χρόνον
1693 2922 1977 3003 ἄνυμνεῖ,

199 3018 284 3089 ὥς
325 3019 554 3101 μέτρον
595 3027 703 3099 τῆς
745 3022 1021 3101 μυθικῆς
1073 3027 1203 3082 τῶν
1245 3024 1420 3084 θεῶν
1474 3021 1797 3106 γενέσεως,
1855 3027 1976 3084 αἰ-
2029 3106 2032 3109 ¹

199 3119 397 3200 θέρα
466 3119 571 3180 καὶ
636 3116 1023 3201 πελώριον
1080 3118 1344 3202 χάσμα
1412 3125 1743 3204 προελθεῖν
1803 3145 1974 3205 φησι,

200 3217 314 3281 τὸν
354 3216 472 3298 μὲν
523 3226 631 3298 τῆς
673 3219 1104 3305 περατοειὸοῦς
1158 3218 1431 3303 προόδου
1489 3229 1619 3285 τῶν
1661 3226 1836 3299 θεῶν
1878 3227 1973 3284 αἴ-

200 3341 368 3391 τιον,
423 3317 493 3381 τὸ
540 3318 610 3382 δὲ
650 3327 755 3400 τῆς
795 3320 1217 3403 ἄπεροειὸοῦς·
1266 3321 1369 3384 καὶ
1411 3321 1563 3405 λέγει
1607 3322 1746 3406 περὶ
1779 3323 1973 3386 αὐτοῦ

2154 3469 2158 3478 -
2151 3401 2154 3403 ›
2137 2628 2158 3370 *fl—-Asmssss.d.fssaeussas.ss
2140 2599 2142 2606 “
