2158 3848
201 201 328 262 488
739 211 975 279 LIBER
1017 210 1443 255 SECUNDUS.

197 345 302 422 jus
346 352 768 421 argumentum
812 340 1127 401 Eudemus
1171 340 1526 401 delineavit.
1611 341 1977 401 Damascius

207 441 452 516 Quaest.
496 463 556 522 p.
601 442 743 502 382.
782 442 828 520 ἡ
874 441 943 503 δὲ
987 442 1157 524 παρὰ
1201 449 1291 523 τῷ
1333 442 1978 523 ΠεριπατητικῷΕὓ-

203 541 383 625 δήμῳ
428 543 942 627 ἀναγεγραμμένη
999 541 1083 609 ὥς
1138 549 1252 603 τοῦ
1301 542 1575 624 Ὀρφέως
1629 538 1787 604 οὗσα
1828 544 1980 603 θεο-

204 643 379 728 λογία
434 649 561 705 πᾶν
615 641 685 702 τὸ
731 639 957 718 νοητὸν
1011 636 1383 718 ἐσιώπησεν,
1446 641 1529 711 ὥς
1582 636 1981 706 παντάπασιν

204 745 494 823 ἄῤῥητον·
562 740 682 802 ἀπὸ
740 738 810 802 δὲ
863 746 972 817 τῆς
1014 738 1258 808 Νυκτὸς
1313 739 1636 820 ἐποιήσατο
1690 741 1806 820 τὴν
1865 742 1981 823 ἀρ-

194 841 349 920 χὴν,
411 841 518 922 ἀφ’
575 835 647 919 ἧς
701 839 806 901 καὶ
862 838 894 900 ὃ
941 838 1244 922 (Όμηρος
1311 840 1385 900 οὐ
1430 839 1553 923 γὰρ
1609 841 1980 904 ἀποδεκτέον

201 937 500 1023 Εὐδήμου
557 940 839 1025 λέγοντος
894 939 989 1001 ὅτι
1046 939 1167 1002 ἀπὸ
1220 939 1522 1002 Ὠκεανοῦ
1579 939 1684 1002 καὶ
1729 939 1981 1019 Τηθύος

201 1041 471 1121 ἄρχεται.
561 1038 863 1102 Φαίνεται
916 1039 1039 1124 γὰρ
1095 1037 1276 1108 εἰδοὺς
1330 1038 1435 1101 καὶ
1475 1038 1592 1119 τὴν
1634 1036 1830 1103 νύκτα
1873 1062 1982 1121 με-

198 1138 419 1223 γίστην
463 1140 626 1202 οὕτω
668 1139 861 1212 θεὸν,
925 1138 1009 1207 ὥς
1052 1139 1157 1200 καὶ
1198 1139 1313 1202 τὸν
1360 1138 1482 1201 Δία
1528 1140 1827 1221 σέβεσθαι
1868 1140 1983 1202 a&

199 1236 344 1318 τήν·
410 1240 634 1315 ἅζετο
694 1239 837 1323 γὰρ
898 1238 994 1319 μὴ
1055 1238 1302 1301 Νυκτὶ
1356 1243 1512 1320 θοῇ
1570 1237 1982 1322 ἀποθύμια

201 1338 537 1418 ρἕοι[”].
641 1337 884 1414 Hymni
951 1337 1204 1417 Orphici
1261 1339 1368 1397 III.
1447 1347 1688 1398 auctor:
1765 1339 1984 1403 Νύκτα

199 1441 375 1500 θεῶν
408 1438 783 1523 ,γγενέτειραν
844 1435 1129 1521 ἀείσομαι
1198 1437 1307 1515 ἡδὲ
1380 1438 1486 1499 καὶ
1546 1438 1831 1520 ἀνδρῶν·
1921 1448 1984 1498 et

202 1535 369 1617 apud
411 1538 664 1596 Aristot.
707 1536 983 1616 Metaph.
1010 1534 1148 1595 XII.
1196 1535 1343 1596 246.
1390 1540 1450 1599 οἱ
1489 1535 1779 1623 θεολόγοι
1823 1540 1881 1600 οἱ
1919 1542 1984 1601 ἐκ

200 1637 426 1707 νυκτὸς
469 1645 842 1723 γεννῶντες,
889 1645 1032 1695 sunt
1078 1637 1181 1715 qui
1227 1635 1458 1716 Orphei
1503 1636 1828 1715 significari
1871 1655 1984 1717 pu-

202 1746 364 1810 tent,
422 1755 769 1816 quanquam
812 1737 1136 1798 Acusilaus
1181 1755 1422 1816 quoque
1481 1746 1543 1796 et
1584 1736 1984 1817 Epimenides

201 1836 531 1914 generandi
573 1838 947 1916 principium
1004 1855 1042 1895 a
1086 1835 1279 1896 Nocte
1325 1846 1387 1895 et
1429 1836 1633 1896 Erebo
1677 1837 1780 1898 vel
1821 1837 1985 1898 Aere

201 1937 434 1996 factum
481 1954 614 1994 esse
657 1943 1003 1994 statuerunt
1020 1935 1131 2017 [†],
1186 1935 1547 1996 Alexander
1589 1945 1825 2010 autem,
1880 1939 1985 2016 qui
2059 1943 2063 1946 ’

204 2034 458 2108 dicitur,
515 2035 1019 2115 Aphrodisiensis
1062 2035 1461 2096 Aristotelem
1515 2036 1632 2095 hoc
1674 2037 1810 2096 loco
1855 2036 1984 2096 He-

205 2118 368 2194 siodi
412 2135 767 2194 meminisse
824 2137 1139 2196 existimat
1201 2135 1254 2216 ξ.
1300 2136 1399 2196 21.
1461 2156 1521 2216 p.
1573 2136 1710 2196 183.
1769 2137 1985 2196 theo-

203 2235 421 2311 logos
466 2243 809 2309 accusat,
870 2236 1147 2315 quibus
1204 2238 1637 2316 potentiam
1698 2246 1771 2296 et
1828 2255 1984 2296 ma-

205 2335 487 2392 teriam
589 2344 768 2394 actu
868 2338 1210 2415 priorem
1312 2354 1486 2395 esse
1586 2337 1986 2416 placebat,

205 2432 826 2513 quandoquidem
869 2435 1297 2510 Hesiodus,
1355 2437 1485 2516 qui
1531 2434 1779 2498 Chaos
1821 2440 1985 2518 pri·
2058 2464 2060 2466 ·

205 2551 399 2594 mum
445 2533 786 2609 genitum
834 2553 1004 2594 esse
1049 2535 1364 2596 dicebat
1407 2546 1638 2615 atque
1672 2537 1985 2598 Noctem

207 2651 397 2713 quae
442 2631 751 2693 Terram
796 2637 1184 2711 genuerit,
1240 2656 1381 2716 per
1426 2633 1674 2695 Chaos
1719 2646 1794 2696 et
1835 2635 1977 2696 No·

209 2742 403 2793 ctem
466 2733 877 2793 materiam
937 2734 1334 2798 innuebat.
1434 2734 1726 2815 Idemque
1787 2737 1984 2796 omni-

329 2915 398 2986 [w]
431 2915 558 2966 Quae
587 2920 822 2971 sequuntur
849 2915 1072 2959 intellectu
1101 2922 1274 2960 carent:
1300 2914 1511 2966 *Ησίοδος
1539 2917 1669 2962 δοκεῖ
1695 2915 1777 2973 τὴν
1804 2915 1984 2976 ἡνωμέ-

209 2988 292 3028 νην
331 2985 473 3031 φυσιν
513 2975 774 3028 κεκληκέναι
804 2971 942 3031 χάος,
982 2972 1065 3029 τὴν
1105 2976 1156 3020 δὲ
1191 2974 1273 3031 τὴν
1314 2973 1497 3036 πρώτην
1537 2976 1714 3020 ἐκεῖθεν
1742 2973 1981 3036 παράγειν.

210 3031 343 3074 Videt
381 3033 670 3088 unusquisque
701 3035 794 3086 Γῆν
833 3033 1100 3076 scribendum
1140 3049 1233 3077 esse
1265 3049 1343 3092 pro
1373 3031 1455 3090 τήν
1483 3034 1565 3077 hoc
1594 3034 1688 3077 loco
1719 3039 1764 3077 et
1791 3034 1982 3092 proximo

210 3087 292 3143 τὴν
321 3089 372 3134 δὲ
402 3091 479 3132 καὶ
514 3086 762 3150 Τάρταρον.

331 3174 395 3233 [†]
428 3176 495 3218 De
535 3177 810 3221 Aristotelico
850 3178 943 3221 loco
983 3179 1095 3222 idem
1123 3179 1216 3221 fere
1245 3179 1393 3223 dicere
1419 3179 1547 3231 licet,
1587 3179 1702 3235 quod
1730 3179 1785 3222 de
1814 3179 1979 3222 Aristo-

215 3235 368 3291 phanis
409 3234 694 3292 Cosmogonia
733 3237 1004 3294 praecipiunt
1046 3238 1190 3280 Schol.
1235 3238 1291 3280 ad
1331 3238 1463 3280 Arist.
1531 3238 1642 3281 Avv.
1693 3236 1791 3280 698.
1842 3239 1977 3281 ταῦτα

214 3291 580 3408 ῑῗῖεέἴὲἷέἴῒον
609 3293 885 3340 ἀπευθύνειν
913 3293 1026 3355 πρὸς
1055 3294 1108 3339 τὰ
1134 3294 1350 3341 Ἡσιόδου
1371 3293 1399 3351 ἢ
1421 3289 1535 3355 πρός
1558 3310 1656 3339 τινα
1683 3292 1820 3372 ἄλλον
1859 3292 1978 3343 τινὸς
