2158 3848
187 180 311 238 760
716 190 949 233 cuma
993 190 1420 266 SECUNDUIS.

190 338 536 398 graecam
582 319 1126 398 etymologiam
1183 321 1387 403 ψυχὰς
1440 320 1559 381 ἀπὸ
1606 327 1717 382 τοῦ
1762 318 1954 401 ψύχε-

191 425 346 484 σθαι
379 422 804 493 vocitatas,
847 420 1025 500 quia
1066 418 1153 479 de
1197 417 1674 479 coelestibus
1718 417 1808 478 ad
1850 420 1954 478 in-

186 520 486 580 feriora
593 521 1003 582 venientes
1095 517 1430 578 calorem
1522 519 1955 597 ingenitum

189 622 604 680 amiserint
647 655 730 664 —
773 616 971 677 unde
1015 618 1246 676 etiam
1292 636 1571 698 corpus
1617 618 1850 699 ὃὲμας
1894 626 1956 675 et

187 727 433 802 σῶμα,
487 719 566 778 id
619 728 770 791 est,
827 714 1116 797 δεσμόν
1172 725 1243 774 et
1299 725 1501 798 σῆμα
1542 719 1824 779 vocari.
1883 717 1957 776 cf.

186 818 410 897 Epiph.
469 838 516 877 c.
573 817 759 877 Haer.
818 818 893 876 II.
952 815 1020 875 T.
1076 817 1120 874 Ι.
1177 835 1236 895 p.
1284 813 1425 875 528.
1469 815 1543 876 A.
1602 817 1956 897 Simplicius

186 916 469 997 Orpheus
512 918 682 977 illam
727 916 1046 978 divinae
1091 915 1556 995 particulam
1593 932 1824 974 aurae
1858 934 1959 974 ex-

183 1018 478 1077 trinsecus
545 1016 722 1076 nobis
788 1016 1051 1075 inhalari
1105 1012 1291 1086 dixit,
1361 1013 1562 1073 afflatu
1617 1021 1962 1088 ventorum,

186 1118 291 1196 qui
337 1119 544 1177 omnia
585 1118 761 1179 vitali
798 1118 1018 1197 spiritu
1063 1116 1366 1185 animant,
1432 1115 1705 1172 animata
1747 1113 1963 1176 fovent

186 1216 249 1278 et
301 1217 697 1276 nutricantur.
769 1219 1015 1297 ’Ἀνεμοι
1072 1215 1146 1276 οὗ
1188 1213 1267 1275 τὰ
1322 1213 1493 1294 φυτὰ
1547 1210 1748 1294 μόνον
1805 1213 1961 1276 ἄλλα

185 1314 391 1379 πάντα
449 1316 829 1401 ζωογονοῢσι
885 1314 1274 1394 Geoponicus
1319 1313 1408 1370 ait
1450 1310 1558 1373 IX.
1607 1312 1664 1371 3.
1710 1308 1852 1372 573.
1899 1322 1962 1371 et

186 1414 397 1476 πνοιαὶ
413 1413 805 1498 ψυχοτρόφοι
824 1412 1207 1472 celebrantur
1224 1411 1288 1468 in
1308 1410 1496 1488 Orph.
1515 1408 1596 1468 H.
1614 1409 1961 1472 XXXVIII.

186 1513 286 1572 22.
332 1510 520 1597 αὖραι
564 1511 864 1599 ζωογόνοι
907 1508 1139 1571 Pallad.
1183 1509 1392 1588 Epigr.
1430 1506 1678 1569 CXXII.
1724 1507 1964 1590 Jupiter

185 1613 320 1691 ipse
387 1612 590 1673 deleto
659 1614 833 1693 aquis
897 1609 1318 1671 Deucalioniis
1386 1627 1604 1685 genere
1672 1608 1964 1683 humano,

185 1720 406 1772 ventos
449 1711 634 1771 luteis
677 1712 997 1772 Minervae
1041 1717 1102 1766 et
1144 1707 1433 1767 Mercurii
1487 1710 1790 1787 figmentis
1835 1712 1966 1770 ani-

185 1829 352 1870 mam
395 1803 697 1892 inspirare
734 1811 922 1889 jussit
966 1809 1175 1885 Etym.
1220 1809 1303 1867 M.
1349 1827 1395 1868 s.
1433 1807 1704 1874 Ἰκόνιον.
1763 1807 1965 1891 Atque

187 1910 327 1969 hinc
370 1911 548 1971 nobis
594 1910 676 1970 ad
721 1910 1184 1989 Tritopatorum
1218 1911 1787 1988 interpretationem
1821 1929 1965 1991 pro-

187 2011 371 2069 ficisci
410 2011 570 2083 licet,
615 2028 803 2089 quam
838 2008 1022 2068 multi
1057 2010 1321 2085 aggressi
1356 2018 1515 2083 sunt,
1558 2007 1827 2070 absolvit
1858 2028 1966 2070 ne-

188 2128 289 2168 mo
309 2111 402 2188 [¹²].
445 2110 687 2170 Nomen
731 2111 938 2188 ipsum
983 2128 1021 2168 a
1050 2109 1522 2188 Lexicographis
1559 2110 1854 2169 omissum
1890 2130 1966 2170 ex

188 2207 522 2268 Aristotele
555 2210 832 2269 enotavit
862 2209 1081 2268 Pollux
1114 2208 1220 2269 III.
1253 2207 1312 2265 7.
1349 2209 1381 2270 ὃ
1419 2206 1665 2291 πάππος
1698 2207 1738 2287 ἢ
1767 2206 1965 2288 τήθης

188 2309 388 2390 πατὴρ
461 2307 862 2391 πρόπαππος,
935 2307 1097 2388 τάχα
1168 2306 1236 2370 δὲ
1304 2316 1528 2373 τοῦτον
1584 2305 1721 2390 (ἂν)
1778 2312 1965 2379 εἴποις

198 2406 662 2491 Τριτοποίτορα,11
694 2409 776 2479 ὥς
814 2408 1241 2492 Ἀριστοτέλης,
1284 2407 1544 2468 fortasse
1587 2409 1652 2466 in
1696 2406 1853 2465 libro
1888 2406 1967 2466 de

191 2505 530 2566 Nobilitate
587 2507 757 2567 Stob.
815 2508 1008 2568 Serm.
1065 2505 1344 2567 LXXIV.
1388 2506 1531 2568 495.
1619 2508 1688 2566 In
1734 2506 1967 2587 Orphei

191 2605 463 2683 Physicis
510 2615 632 2666 tres
677 2609 982 2666 nominari
1027 2607 1450 2687 Tritopatores
1494 2615 1826 2669 ventorum>
1865 2624 1966 2666 cu-

311 2748 373 2803 [n]
405 2747 723 2790 Eschenbachii
754 2748 1124 2804 philosophemata
1153 2748 1195 2789 in
1225 2748 1354 2803 Epig.
1385 2762 1425 2803 p.
1459 2746 1556 2789 150.
1588 2750 1688 2788 sunt
1714 2747 1966 2789 febricitan-

192 2806 249 2847 tis
277 2806 509 2858 insomnia3
550 2806 748 2848 Valesius
790 2806 847 2847 ad
875 2807 1088 2862 Harpocr.
1128 2819 1169 2861 p.
1200 2805 1298 2848 223.
1330 2810 1375 2847 et
1402 2804 1618 2847 Meursius
1643 2805 1698 2847 ad
1727 2805 1798 2860 Ly
1800 2819 1835 2847 c.
1866 2804 1965 2848 328.

190 2878 278 2906 rem
318 2863 474 2907 leviter
513 2865 752 2920 stringunt3
793 2863 922 2906 altius
961 2863 1183 2906 descendit
1224 2862 1470 2906 Gronovius
1509 2863 1564 2905 ad
1608 2863 1787 2905 Meursii
1817 2863 1967 2934 Opera

193 2922 248 2964 T.
279 2923 314 2963 I.
344 2922 444 2965 226.
495 2922 783 2975 „Aristoteles
823 2922 939 2964 Prol.
971 2922 1129 2965 XXVI.
1161 2936 1196 2963 c
1232 2922 1298 2963 17.
1329 2923 1374 2965 οἱ
1403 2922 1453 2964 ἐκ
1483 2923 1557 2973 τῆς
1585 2917 1814 2973 θαλάσσης
1844 2918 1966 2965 νότοι

194 2978 395 3047 »ἀγαθοὶ
425 2985 582 3038 φυτοῖς
613 2983 689 3023 καὶ
718 2983 791 3035 τῆς
816 2979 1008 3034 Ἀττικῆς
1036 2982 1096 3036 τῷ
1130 2982 1327 3037 Θριασίῳ
1356 2979 1512 3035 πεδίω.
1566 2980 1680 3021 Hinc
1709 2979 1778 3021 vel
1808 2980 1965 3022 Demo—

192 3038 286 3090 ‚nis
324 3038 544 3081 adnotatio
586 3039 815 3082 statuentis
858 3043 1008 3081 ventos
1050 3052 1143 3081 esse
1183 3038 1515 3095 Tritopatores,
1559 3037 1627 3080 vel
1665 3038 1851 3080 auctoris
1891 3038 1964 3094 qui

192 3071 453 3165 ,ἱΡΙΨείοιιιιι
499 3097 675 3170 Orphei
729 3101 1051 3153 composuerat,
1104 3095 1318 3138 credentis
1361 3110 1436 3138 eos
1479 3109 1574 3138 esse
1614 3094 1850 3166 θυρωροὺς
1889 3096 1965 3139 καὶ

193 3150 431 3211 ,,φύλακας
459 3157 547 3199 τῶν
566 3155 760 3213 ἀνέμων.
791 3156 905 3199 Hinc
927 3158 1180 3223 βορεασμοί
1202 3154 1522 3197 Atheniensium
1541 3155 1617 3198 ἵνα
1638 3150 1796 3199 α’νοσοι
1819 3157 1965 3199 πνέω-

193 3223 325 3267 ,,,σιν
371 3212 470 3254 hinc
508 3213 686 3256 Neoclis
726 3207 840 3256 filiu‘s
878 3212 1161 3256 Athenienses
1198 3213 1381 3267 jubebat
1419 3208 1550 3255 θύειν
1589 3217 1682 3262 τοῖς
1720 3209 1962 3270 πνεύμασι.

193 3245 388 3324 erlian.
429 3270 486 3312 H
530 3270 609 3314 An.
649 3273 748 3314 VII.
788 3273 860 3315 27.
902 3272 1000 3316 hinc
1042 3275 1171 3314 notae
1201 3271 1374 3314 fuerunt
1403 3270 1557 3313 Proclo
1586 3271 1632 3312 in
1662 3271 1776 3316 Tim.
1811 3271 1867 3313 ΙΙ.
1898 3271 1962 3327 (p.

193 3303 318 3384 22.65)
349 3330 396 3371 αἱ
426 3330 516 3371 τῶν
546 3328 778 3374 ειιδιεινῶν
808 3329 990 3389 ἀνέμων
1019 3328 1148 3386 εὐχαὶ
1178 3328 1282 3388 παρ’
1314 3328 1617 3383 Manratoaegf‘
