2158 3848
233 208 358 268 340
759 218 992 261 LIBER
1037 216 1468 260 SECUNDUS.

234 351 688 428 sententiasque
742 346 1069 407 nonnullas
1139 346 1314 404 affert
1370 344 1722 424 Simplicius
1777 344 2014 403 Dama-

236 453 347 511 scii
401 449 906 510 studiosissimus,
1011 447 1112 504 Illi
1169 446 1540 522 Theologiae
1598 444 1676 504 ab
1733 443 2014 504 Eudemo

237 553 566 631 expositae
620 547 988 605 Damascius
1046 545 1232 605 aliam
1290 545 1630 623 subjungit,
1713 562 1896 622 quam
1941 545 2020 602 ‘in

236 648 607 729 Rhapsodiis
653 645 980 716 contineri,
1027 654 1087 702 et
1130 638 1407 718 tertiam,
1453 664 1610 724 quae
1637 643 2019 722 abipsovo-

241 761 414 810 catur
456 749 493 826 ἡ
537 746 696 807 κατὰ
743 741 1115 826 Ἱερώνυμον
1156 745 1260 806 καὶ
1311 745 1696 824 Ἑλλάνικον,
1753 751 2021 803 caetero-

237 852 343 928 qui
386 849 597 924 ignota
642 852 751 902 est.
838 842 1229 904 Hellanicum
1286 845 1641 903 historicum
1698 844 2024 921 significari

238 945 699 1024 Wyttenbachii
744 952 837 1001 est
882 946 1232 1022 conjectura
1275 945 1314 1002 l.
1362 964 1409 1002 c.
1467 950 1552 1001 ex
1597 944 1741 1002 solo‘
1774 945 2024 1003 nomine

241 1048 456 1120 ducta,
522 1063 643 1124 quo
701 1054 835 1103 tum
891 1045 998 1103 alii
1054 1047 1153 1104 usi
1195 1054 1338 1104 sunt
1381 1044 1592 1115 multi,
1660 1052 1791 1101 tum
1836 1045 2025 1101 etiam

238 1149 345 1208 ille
371 1145 677 1207 Sandonis
702 1155 908 1224 pater,
955 1145 1032 1203 de
1068 1149 1188 1225 quo'
1214 1144 1403 1204 modo
1443 1143 1727 1202 diximus.
1815 1143 2023 1203 Prom-

242 1249 367 1308 tius
411 1247 710 1305 assentiar
763 1247 818 1304 si
873 1247 1007 1325 quis
1051 1246 1507 1322 Hieronymum
1550 1244 2025 1323 Peripateticum
2121 1282 2138 1314 x

239 1350 309 1407 in
350 1346 508 1404 libro
554 1346 692 1427 περὶ
735 1354 1010 1424 ποιητῶν
1052 1347 1191 1419 illa,
1235 1365 1392 1426 quae
1414 1345 1780 1404 Damascius
1818 1342 2026 1413 refert,

243 1446 673 1528 perscripsisse
759 1452 1009 1503 statuat.
1119 1446 1243 1504 Sed
1308 1447 1443 1523 jam
1514 1446 1630 1504 hoc
1706 1462 2026 1523 creperum

246 1547 471 1624 egressi
511 1546 579 1603 in
621 1542 831 1602 media
870 1544 1334 1604 Alexandrinae
1379 1549 1600 1604 aetatis
1642 1544 1779 1602 luce
1821 1561 2029 1604 versa-

243 1665 413 1718 mur,
459 1663 617 1723 quae
659 1654 792 1703 tum
837 1645 1038 1704 omnis
1080 1645 1361 1704 literatae
1405 1643 1788 1724 antiquitatis
1830 1644 2030 1702 moni-

243 1747 468 1808 mentis
527 1744 870 1806 abundavit
925 1756 1058 1804 tum
1114 1747 1307 1805 etiam
1363 1746 1481 1804 hoc
1535 1763 1755 1822 genere
1822 1762 2030 1807 rerum

244 1845 609 1908 mirabiliter
651 1846 950 1905 instructa
992 1845 1142 1919 fuit,
1201 1856 1272 1905 ut
1326 1844 1598 1904 ostendit
1638 1844 1757 1903 ille.
1788 1847 2030 1925 peram-

246 1948 387 2028 plus
433 1945 841 2024 Orphicorum
896 1945 1197 2004 librorum
1254 1946 1566 2022 catalogus
1623 1963 1661 2002 a
1714 1941 2031 2003 Clemente

249 2054 313 2106 et
355 2043 550 2105 Suida
591 2047 982 2125 propositus,
1045 2043 1124 2103 de
1179 2063 1299 2123 quo
1354 2063 1671 2124 nunquam
1727 2042 2031 2116 dubitavi,

249 2147 399 2224 quin
440 2163 635 2203 unum
681 2164 715 2202 e
759 2143 1131 2203 doctissimis
1174 2153 1455 2204 veterum
1497 2145 1859 2204 Museorum
1903 2145 2032 2205 hel-

248 2244 537 2306 luonibus
611 2253 927 2304 auctorem
995 2243 1237 2303 habeat.
1350 2245 1462 2318 Et,
1549 2255 1900 2325 quanquam
1965 2247 2034 2304 in
2110 2270 2118 2314 ε

2106 1943 2132 2012 “f-*25⁴
2106 1803 2131 1932 3⁹4³*
2106 1727 2125 1781 -'‘'<
2110 1586 2130 1717 aeffv.
2126 1516 2129 1538 „K
2119 1496 2123 1505 >

250 2362 471 2422 magno
528 2346 913 2405 literatorum
965 2333 1525 2404 Alexandrinorum
1597 2353 1661 2403 et
1715 2344 2033 2422 Pergame-
2103 2410 2114 2429 ,-

250 2463 472 2503 norum
515 2464 771 2504 numero
815 2445 1023 2504 nullus
1067 2446 1434 2505 nominatim
1479 2444 1767 2525 proditur
1809 2444 2033 2525 Orphi-

252 2563 462 2604 corum
507 2547 847 2604 carminum
889 2545 994 2604 vel
1049 2544 1367 2608 ordinator
1419 2545 1523 2606 vel
1578 2552 1882 2604 corrector
1930 2545 2036 2607 vel
2110 2562 2115 2605 τ

251 2647 585 2725 interpres,
640 2654 848 2703 tamen
899 2643 1106 2701 nescio
1162 2661 1242 2702 an
1284 2643 1588 2723 Epigenes
1643 2645 1787 2703 huic
1830 2643 2034 2703 ordini

232 2744 526 2804 adscribi
568 2752 903 2816 mereatur,
965 2743 1069 2820 qui
1113 2745 1180 2805 ἐν
1233 2749 1362 2812 τοῖς
1417 2744 1556 2827 περὶ
1596 2751 1704 2823 τῆς
1757 2749 1841 2814 εἷς
1878 2746 2032 2827 Ὀρ-

256 2845 376 2927 φέα
418 2843 713 2924 ποιήσεως
756 2842 878 2902 duo
926 2841 1159 2922 Orphei
1213 2845 1485 2903 carmina
1529 2841 1785 2925 Cercopi
1839 2855 2032 2905 trans-

256 2946 533 3024 scripsit,
577 2943 958 3023 totidemque
1004 2943 1126 3002 alia
1166 2943 1494 3018 Brontin0,
1546 2963 1742 3025 neque
1784 2963 1909 3005 non
1952 2946 2034 3008 τὰ

261 3042 583 3119 ἰδιάζοντα
638 3045 779 3127 παρ’
815 3045 1065 3126 “Ὅρφεῖ
1116 3048 1411 3124 exposuit
1463 3065 1526 3107 v.
1585 3044 1649 3104 P.
1703 3045 1809 3105 111.
1866 3065 1912 3104 c.
1970 3045 2027 3104 9.

257 3141 599 3223 Epigenem
639 3144 801 3204 hunc
828 3140 1224 3205 casaubonus
1267 3165 1393 3206 non
1431 3145 1671 3205 dubitat
1714 3139 2038 3224 antiquum

261 3238 573 3318 Criticum,
616 3245 1068 3327 multorumque
1090 3256 1413 3327 poetarum
1433 3248 1829 3327 interpretem
1854 3263 2031 3325 prae-

261 3339 465 3402 dicare
507 3343 588 3404 ad
627 3343 850 3406 Athen.
892 3344 1000 3407 XI.
1041 3347 1186 3408 468.
1232 3345 1298 3408 C.
1341 3366 1689 3428 quanquam
1728 3345 2030 3407 Athenaei
