2158 3848
828 256 1282 300 ORPHICA.
1367 300 1407 332 ·.
1820 246 1943 308 355

163 387 248 467 τή
264 411 387 470 ρια
402 406 415 419 ”
470 395 671 451 ταῦτα
721 386 1087 468 Τιμοκλέους
1128 393 1242 448 τοῦ
1289 392 1732 470 Συρακουσίου
1778 398 1940 482 λέγε-

162 512 265 549 ται
317 486 423 549 καὶ
463 486 628 564 (fort.
668 484 738 565 ἢ)
783 484 1101 571 Περγίνου
1157 494 1271 549 τοῦ
1315 489 1633 567 Μιλησίου
1651 509 1664 522 ·
1734 501 1802 555 K
1807 521 1841 577 ρ
1858 522 1898 559 α
1914 537 1942 545 -

158 595 424 668 τῆρας·
512 593 714 649 ταῦτα
778 583 1094 669 Ζωπύρου
1174 608 1346 670 φασι.
1401 609 1407 615 ·
1455 594 1944 674 Θρονισμούς

157 684 512 770 μητρῴου
534 712 564 756 ς
629 685 736 749 καὶ
799 685 1152 766 Βακχικά
1171 706 1184 718 ·
1271 696 1472 751 ταῦτα
1545 690 1759 755 Νικίου
1828 702 1941 756 τοῦ

153 785 433 850 Ἐλεάτου
490 787 688 870 φασὶν
747 786 922 850 εἶναι.
1007 792 1141 857 Εἲς
1201 788 1390 869 ᾅδου
1457 789 1937 875 κατάβασιν·

153 895 355 950 ταῦτα
390 886 722 970 Ἡροδίκου
759 895 875 950 τοῦ
898 887 1252 968 Περινθίου
1267 909 1280 919 ·
1328 893 1410 950 Π
1410 890 1444 950 ε’
1449 914 1495 951 π
1510 898 1543 952 λ
1558 917 1590 953 ο
1605 916 1646 954 ν
1686 892 1793 955 καὶ
1816 898 1874 954 A
1885 893 1939 955 ί-

153 1010 417 1051 κτυον·
475 988 582 1049 καὶ
622 995 823 1051 ταῦτα
868 985 1180 1068 Ζωπύρου
1224 996 1338 1051 τοῦ
1376 988 1801 1072 Ἡρακλεώτου
1814 1020 1845 1066 ,·
1883 997 1942 1056 οἱ

154 1087 226 1150 δὲ
248 1087 618 1170 Βροντίνου.
653 1084 1313 1170 ὈνομαστικόνΠ]
1357 1090 1470 1168 ἔπη
1497 1110 1611 1171 Ιασ.
1650 1090 1944 1176 Ἀστρο-

152 1188 454 1268 νομίαν.
518 1185 1004 1268 Ἀμοκοπίαν.
1079 1187 1579 1266 Θυηπολικόν.
1652 1191 1941 1255 Ὠοθυ-

149 1285 329 1350 τικά
391 1287 432 1367 ἢ
490 1285 963 1349 Ὠοσκοπικά
1005 1283 1334 1368 ἑστηώς-[Ἴ.
1423 1290 1892 1365 Καταζωστι
1913 1333 1942 1341 -

150 1384 309 1451 κόν.
336 1381 715 1470 ῨἽῙμνους.
772 1386 1388 1469 Κορυβαντικόν
1441 1389 1548 1452 καὶ
1593 1391 1939 1467 Φυσικοί,

152 1488 194 1547 ἃ
239 1487 595 1569 Βροντίνου
643 1487 857 1570 φασίν.
912 1549 917 1553 μ
1109 1499 1112 1501 ’

320 1586 545 1647 Suidas
588 1587 775 1664 igitur
816 1603 1007 1646 unum
1071 1596 1133 1645 et
1178 1588 1396 1664 viginti
1439 1588 1632 1648 libros
1693 1609 1938 1650 enume-

148 1697 274 1761 rat,
319 1706 579 1767 quotum
603 1686 822 1746 decem
848 1705 891 1745 a
912 1684 1234 1745 Clemente
1259 1689 1746 1767 praetermissoS,
1789 1693 1939 1754 Κλί-

153 1806 294 1860 σεις,
319 1785 755 1860 Νεοτευκτικοί,
771 1788 790 1810 ³
801 1785 1258 1868 Ονομαστικόν,
1274 1788 1738 1869 Ἀστρονομίαν,
1759 1791 1936 1872 Ἀμο-

147 1887 406 1961 κοπίαν,
483 1885 907 1967 Θυηπολικόν,
963 1885 1312 1949 Ὠοθυτικά
1325 1931 1345 1959 ,
1428 1887 1933 1964 Καταζωστικόν,

147 1986 421 2068 “Υμνους
502 1996 568 2047 et
635 1985 1147 2070 Κορυβαντικόν,
1234 1986 1299 2044 in
1369 1986 1931 2048 Grammaticorum

146 2085 712 2147 Alexandrinorum
745 2089 1164 2173 Ἀναγραφαῒς
1195 2086 1441 2164 (Athen.
1469 2085 1630 2146 VIII.
1661 2087 1808 2147 336.
1833 2088 1933 2163 Ε.)

146 2204 273 2248 non
316 2189 791 2269 comprehensos
834 2188 1060 2260 fuisse,
1106 2190 1293 2246 etiam
1328 2187 1471 2245 hine
1514 2188 1816 2270 suspicari
1858 2188 1933 2247 li-

144 2297 277 2359 eet,
320 2287 489 2366 quod
520 2305 734 2346 eorum
767 2298 1076 2359 auctores,
1121 2297 1365 2366 praeter
1394 2305 1566 2359 eum,
1611 2288 1716 2366 qui
1742 2288 1929 2365 vulgo

147 2386 618 2467 praescribitur,
672 2385 1024 2468 produntur
1065 2386 1250 2459 nulli,
1313 2395 1375 2444 et
1418 2388 1561 2466 quia
1604 2387 1926 2446 nonnullo-

147 2506 284 2547 rum
327 2487 528 2565 elogia
570 2489 865 2549 novitatis
908 2488 1179 2566 speciem
1223 2485 1478 2559 habent,
1525 2485 1602 2544 de
1641 2487 1927 2547 omnibus

146 2597 355 2647 autem
401 2603 709 2647 summum
752 2596 848 2647 est
868 2584 1037 2667 apud
1063 2587 1350 2665 antiquos
1384 2585 1713 2646 silentium.
1802 2587 1925 2647 Sed

143 2688 343 2749 multo
385 2690 582 2768 magis
623 2706 780 2769 quae
821 2690 889 2748 in
917 2687 1112 2747 altera
1139 2688 1364 2767 pagina
1394 2697 1751 2766 sequuntur,
1794 2706 1923 2747 ma-

146 2790 472 2866 gistrorum
539 2789 984 2867 Byzantiorum
1043 2787 1326 2867 pergulas
1394 2787 1704 2846 redolent:
1767 2787 1921 2870 Ὄρ-

148 2889 298 2970 φεὺς
349 2896 680 2960 Κικοναῖος
729 2889 768 2969 ἢ
820 2888 1034 2972 Ἀρκὰς
1090 2887 1230 2970 (sic)
1298 2892 1363 2950 ἐκ
1416 2886 1750 2957 Βισαλτίας
1812 2894 1921 2965 τῆς

154 2993 465 3070 Θρᾳκικῆς.
552 2990 776 3075 Γέγονε
819 2989 887 3053 δὲ
930 2989 1035 3052 καὶ
1079 2984 1258 3059 οὗτος
1299 2988 1418 3070 πρὸ
1469 2985 1752 3069 Ὀμήρου
1796 2985 1914 3050 δύο

267 3185 328 3242 [⁰]
354 3184 699 3246 Ὀνομαστικῶν
728 3173 868 3231 eodd'.
898 3192 944 3231 et
971 3185 1084 3231 Edd.
1114 3191 1222 3230 vett.
1254 3184 1367 3242 quod
1398 3186 1605 3241 praestat.

266 3283 326 3342 [f]
359 3285 619 3332 Adverbium
658 3288 740 3331 hoc
778 3288 947 3344 saepius
993 3286 1220 3330 carminum
1261 3284 1399 3327 titulis
1441 3283 1625 3327 additur.
1656 3298 1698 3326 v.
1727 3283 1911 3339 Bentley

148 3345 308 3414 Opusc:
340 3359 381 3401 p.
410 3341 510 3387 864.
553 3346 627 3389 ned
659 3347 740 3389 hoc
769 3345 863 3388 loco
894 3359 1042 3402 pamm
1072 3352 1186 3402 apte.
1245 3343 1376 3386 Latet
1405 3343 1589 3385 fortasse
1620 3342 1705 3395 ἔπη
1736 3347 1780 3385 et
1811 3348 1909 3386 nota

149 3417 311 3447 numen
341 3416 552 3446 versuum.

1420 3473 1501 3533 23
1547 3475 1583 3515 *
