2158 3848
774 217 1226 262 ORPHICA.
1769 207 1896 267 249

116 361 441 415 manarunt
479 351 622 423 illa,
685 365 844 428 quae
897 344 976 404 de
1021 343 1290 406 'vitando
1346 364 1553 406 rerum
1609 350 1896 413 feralium

118 467 181 515 et
255 453 568 535 puerperii
615 440 914 509 ‘contactu
978 443 1176 525 deque
1251 447 1594 506 morticinis
1666 455 1898 528 praeci-

112 557 393 634 piantur,
459 561 521 610 et
560 567 782 627 magna
824 565 970 628 pars
1013 545 1559 624 Pythagoricarum
1605 552 1895 611 constitu-

112 655 377 711 tionum:
419 648 818 729 ἄνυπόὸητον
846 646 1032 710 θύειν
1049 644 1156 728 [¹¹]‚
1198 647 1285 728 μὴ
1310 647 1540 711 τίκτειν
1566 651 1634 711 ἐν
1662 650 1805 733 ἱερῷ
1821 653 1893 732 [⁸]

112 764 175 812 et
228 753 351 811 alia
405 748 716 828 ejusmodi
743 745 814 830 [¹⁹]
889 767 1046 828 quae
1103 748 1238 827 quis
1306 750 1546 828 primus
1605 753 1895 825 sanxerit,

108 870 232 910 non
274 851 468 928 magis
512 850 725 932 quaeri
768 847 982 920 debet,
1050 867 1233 927 quam
1278 849 1384 927 qui
1423 851 1662 929 primus
1703 862 1898 912 nauta

107 959 215 1010 aut
259 951 527 1029 agricola
568 949 774 1009 fuerit.
861 949 1392 1026 Pythagoreorum
1436 951 1766 1011 nonnullos
1804 954 1900 1033 pi-

106 1051 311 1111 scibus
385 1049 728 1123 abstinere,
812 1049 1115 1129 hujusque
1187 1047 1642 1127 observationis
1712 1050 1900 1137 λόγον

108 1151 430 1214 ἀπόθετον
472 1151 579 1213 καὶ
622 1149 972 1231 ἅπόῤῥητον
1027 1147 1353 1230 praetendi
1398 1149 1759 1211 Plutarchus
1802 1171 1898 1210 re-
1984 1228 1987 1232 .

102 1251 224 1310 fert
267 1251 486 1330 Symp.
530 1250 694 1310 VIII.
764 1248 1012 1323 Quaest.
1056 1248 1221 1308 VIII.
1280 1270 1327 1308 c.
1378 1248 1432 1308 l.
1497 1267 1611 1311 nec
1666 1254 1900 1312 omittit

103 1350 272 1432 apud
314 1349 658 1430 Aegyptios
705 1369 948 1431 quoque
992 1358 1055 1409 et
1097 1349 1292 1427 Syros
1338 1359 1400 1409 et
1443 1350 1744 1430 quosdam
1777 1353 1887 1415 Ne-

100 1451 280 1531 ptuni
323 1449 672 1510 sacerdotes
718 1450 990 1510 Graecos
1033 1449 1099 1509 id
1145 1448 1380 1510 castum
1401 1452 1680 1526 -haberi‚
1747 1473 1898 1534 quo-

101 1571 239 1610 rum
293 1551 402 1610 alii
464 1551 654 1610 aliam
687 1553 1024 1612 ,rationem
1090 1551 1338 1630 sequuti
1392 1559 1567 1627 sunt;
1657 1553 1897 1627 Graeci,

102 1669 243 1710 mea
271 1649 534 1730 'quidem
581 1652 906 1730 opinione,
950 1651 1107 1710 hanc
1148 1652 1543 1730 potissimum
1581 1653 1766 1733 quod.
1788 1653 1900 1714 he-

101 1753 285 1811 roicis
344 1750 732 1831 temporibus
792 1754 992 1832 pisces
1056 1749 1223 1810 haud
1280 1751 1463 1810 facile
1528 1755 1650 1812 nisi
1707 1773 1898 1832 quum

102 1852 433 1910 necessitas
477 1860 749 1928 urgeret,
815 1853 883 1910 in
939 1869 1130 1910 coena
1185 1851 1585 1931 apponebant
1644 1872 1704 1915 v.
1743 1854 1895 1914 Plat.

103 1951 254 2031 Rep.
298 1951 405 2009 ΙΠ.
447 1949 594 2010 404.
640 1950 707 2010 B.
765 1958 830 2010 et
882 1969 1037 2030 quos
1093 1950 1319 2010 Astius
1366 1951 1592 2030 allegat
1645 1974 1706 2034 p.
1749 1948 1896 2015 461.

101 2050 373 2111 Nitzsch.
417 2047 660 2147 Comm.
705 2049 783 2111 ad
832 2050 1055 2128 Odyss.
1099 2050 1203 2110 lV.
1247 2052 1487 2112 v.'363.
1531 2073 1734 2134 neque
1777 2054 1898 2116 diis

107 2149 592 2212 immolabantur
608 2150 702 2233 [⁸].
789 2150 917 2211 Sed
970 2151 1137 2231 quod
1193 2150 1275 2211 ad
1335 2153 1693 2231 hujusmodi
1736 2155 1897 2216 arbi-

225 2333 288 2392 [d]
321 2336 431 2379 Post
457 2337 718 2392 Braunium,
750 2337 976 2394 Bynaeum
1005 2338 1216 2396 aliosque,
1247 2352 1354 2396 quos
1383 2339 1635 2382 Lomeierus
1666 2340 1719 2383 de
1748 2341 1895 2384 Lustr.

100 2408 143 2450 p.
174 2390 273 2438 429.
315 2401 361 2436 et
404 2395 667 2439 Schmidtiu's'
710 2396 770 2438 de'
794 2396 975 2438 Sacerd.
1005 2412 1047 2454 p.
1078 2397 1148 2441 42.
1183 2397 1399 2454 allegant,
1443 2399 1569 2454 plura
1600 2399 1654 2441 de
1685 2399 1766 2441 hoc
1795 2413 1896 2456 per-

101 2458 263 2508 vagato
306 2466 426 2497 more
467 2455 644 2510 collegit
682 2455 968 2512 Spanhemius
1013 2456 1067 2498 ad
1113 2455 1284 2499 Gallim.
1325 2457 1383 2499 H.
1413 2457 1459 2499 in
1491 2457 1590 2499 Cer.
1624 2456 1721 2501 125.
1753 2460 1895 2501 Varro

100 2526 171 2567 ap.
212 2512 398 2555 Nonium
437 2528 478 2570 p.
522 2512 621 2556 231.
654 2514 694 2556 b.
727 2513 849 2570 (478.
881 2514 948 2557 ed.
978 2514 1122 2571 Lips.)
1154 2529 1280 2570 quum
1310 2515 1394 2557 duo
1424 2515 1587 2573 templa
1615 2522 1822 2559 memorat
1850 2517 1895 2559 in

101 2584 212 2625 quae
253 2571 518 2614 introeuntes
558 2586 606 2614 se
644 2587 729 2615 non
772 2571 1044 2625 excalceent‚
1087 2586 1177 2614 rem
1208 2574 1468 2630 singularem
1498 2589 1677 2618 narrare
1707 2576 1893 2619 videtur.

100 2628 275 2672 Solinus
305 2635 455 2672 contra
485 2645 521 2672 c.
552 2630 632 2672 XI.
664 2631 718 2673 de
736 2631 1001 2674 Britomarte
1023 2631 1204 2688 loquens
1231 2634 1433 2676 Aedem
1463 2634 1709 2678 numinis
1740 2649 1895 2693 prae-

99 2694 359 2744 terquam
390 2687 571 2730 nudus
599 2689 864 2746 vestigia
894 2689 1090 2746 nullus
1121 2690 1294 2734 l-icito
1323 2693 1678 2748 ingreditur.

217 2761 280 2818 [θ]
313 2777 354 2804 v.
384 2761 695 2817 Wyttenbach.
726 2763 782 2806 ad
813 2763 928 2806 Plut.
959 2763 1013 2806 de
1044 2764 1242 2822 Superst.
1273 2779 1318 2822 p.
1353 2764 1482 2808 1030.

218 2830 280 2891 [f]
312 2832 362 2878 τὸ
403 2831 799 2894 προςκυνήσαντας
846 2838 1082 2891 καθῆσθαι
1121 2837 1293 2881 Numae
1334 2842 1612 2896 praeceptum
1654 2842 1750 2880 erat
1787 2839 1892 2881 Tri-

105 2894 212 2932 stan.
242 2891 475 2936 Comment.
507 2894 564 2936 T.
595 2895 632 2936 Ι.
662 2892 761 2936 340.
802 2894 1020 2938 Brouckh.
1053 2896 1122 2939 ad.
1155 2897 1321 2939 Tibull.
1352 2898 1387 2940 I.
1417 2897 1459 2941 3.
1491 2897 1561 2942 30.
1606 2896 1766 2939 Marini
1808 2898 1893 2953 gli

105 2948 221 2991 atti
256 2950 298 2993 d.
327 2953 467 3009 frat.
499 2954 626 2996 Arv.
657 2952 714 2996 Τ.
743 2953 803 2995 Π.
834 2952 934 2998 523.
966 2968 1049 2997 non
1078 2955 1383 3012 Pythagorae,
1425 2961 1475 2999 ut
1506 2956 1629 2998 multi
1659 2955 1891 3009 affirmant,

107 3005 209 3049 licet
243 3021 271 3050 a
311 3009 495 3053 Graecis
536 3025 708 3068 quoque
748 3012 1023 3057 observatum
1067 3014 1138 3056 sit.
1179 3030 1224 3057 v.
1265 3015 1420 3070 Polyb.
1465 3014 1562 3058 XV.
1604 3014 1676 3058 29.
1730 3014 1887 3074 Epigr.

2 3109 7 3136 Ἰ
100 3062 279 3109 mean.
309 3066 562 3112 chxxv.
593 3084 635 3127 p.
668 3069 766 3112 172.

223 3137 290 3194 [ε]
321 3139 541 3185 Plutarch.
572 3156 609 3185 c.
638 3141 722 3185 III.
753 3142 781 3186 l.
812 3158 849 3187 c.
880 3141 1054 3201 ἰχθύων
1083 3141 1281 3202 θύσιμος
1304 3142 1461 3195 οὐδεὶς
1484 3143 1591 3190 οὐδὲ
1616 3142 1886 3205 ἴερεύσιμος·

105 3195 219 3296 ἓυοᾱ
259 3196 304 3239 in
341 3199 581 3245 universum
609 3200 754 3253 valet,
796 3215 1037 3260 quanquam
1067 3218 1151 3246 non
1192 3203 1442 3257 defuerunt,
1474 3204 1548 3261 qui
1576 3205 1769 3263 piscibus
1798 3219 1887 3248 rem

137 3253 295 3298 ivinam
339 3257 546 3303 facerent.
586 3275 631 3303 v.
672 3259 785 3302 Lud.
822 3261 957 3305 Nonii
997 3263 1065 3305 De
1105 3276 1152 3304 re
1195 3262 1330 3305 cibar.
1359 3262 1413 3305 L.
1443 3263 1528 3306 ΙΙΙ.
1559 3279 1598 3309 c.
1631 3265 1672 3309 3.
1703 3264 1886 3307 Festus:

106 3313 396 3357 Pisciculi
426 3318 604 3361 vivia
634 3323 916 3375 praetore
945 3335 1046 3376 pro
1087 3320 1293 3364 animis
1325 3321 1597 3366 hominum
1628 3323 1887 3366 Vulcano

108 3371 261 3422 ἀπιεὶς
292 3379 337 3415 et
368 3374 535 3419 eosdem
565 3377 761 3420 Julianus
794 3376 900 3421 dicit
929 3379 1008 3424 Or.
1031 3380 1086 3421 V.
1106 3395 1148 3437 p.
1172 3379 1269 3423 176.
1302 3380 1479 3437 perinde
1495 3386 1545 3427 ut
1562 3397 1706 3436 cauea,
1738 3396 1886 3439 equos,
