2158 3848
231 204 357 265 702
760 215 1000 260 LIBER
1042 216 1474 262 SECUNDUS.

228 348 360 408 Ast.
399 343 497 405 ·ad
527 343 705 405 :Plan
762 343 940 406 Polit.
999 365 1059 424 p.
1113 344 1286 425 496.)
1341 345 1578 429 ῥόμβος
1621 356 1686 406 et
1726 355 1899 430 μῆλα
1935 369 2011 418 ex

230 448 464 528 Orphei
528 444 810 509 versibus
881 443 1164 505 traducta
1229 456 1374 506 sunt
1441 466 1567 507 una
1632 466 1768 507 cum
1830 448 2011 508 melis

226 546 658 628 Hesperiisff}
703 543 1039 623 Speculum
1082 545 1245 604 inter-
1270 548 1452 624 pueri
1476 546 1676 608 divini
1702 548 1892 608 illicia
1918 566 2012 607 re-

224 650 423 709 latum
482 661 672 723 supra
726 641 933 704 Nonni
989 652 1052 703 et
1104 643 1333 703 Plotini
1389 648 1759 708 testimoniis
1804 648 2012 728 expla-

224 748 544 817 navimus3
606 743 748 803 hinc
802 741 884 800 ad
941 761 1117 802 sacra
1172 743 1518 806 traductum
1574 765 1708 807 esse
1750 767 1790 808 a
1830 747 2012 825 Lydo

225 846 554 905 edocemur
598 842 677 902 de
719 842 914 903 Mens.
958 862 1020 923 p.
1063 844 1167 903 82.
1214 845 1506 915 Φαλλοῦς
1549 849 1617 909 ἐν
1657 853 1786 918 τοῖς
1829 850 2014 931 ἱεροῖς

224 947 426 1010 αὐτοῦ
461 941 956 1027 παρελάμβανον
981 944 1087 1006 καὶ
1113 946 1406 1027 ἔςοπτρον
1433 946 1622 1010 οἱονεὶ
1642 946 1756 1010 τὸν
1781 947 2011 1034 διαυγῆ
2086 998 2093 1006 „

224 1043 538 1130 οὐρανόν,
584 1049 864 1129 σφαῖραν
906 1043 975 1106 δὲ
1019 1045 1209 1108 οἱονεὶ
1250 1046 1366 1125 τὴν
1407 1050 1544 1131 γῆν.
1625 1046 2010 1107 Postremum
2061 1083 2064 1085 -

227 1145 600 1210 vocabulum
644 1142 833 1216 πόκος
866 1162 1064 1224 neque
1100 1162 1318 1207 sanum
1354 1163 1490 1204 esse
1518 1155 1693 1226 puto,
1734 1182 1821 1194 -—-
1866 1146 2012 1228 quid

225 1248 393 1308 enim
436 1261 592 1325 puer
633 1243 1012 1305 ludibundus
1056 1244 1201 1304 lana
1244 1245 1493 1305 succida
1531 1245 1734 1306 facere
1776 1247 2012 1327 possit?

222 1365 420 1426 neque
465 1346 766 1421 corrigere
808 1362 1098 1424 possum,
1139 1345 1262 1404 nisi
1303 1346 1459 1404 mihi
1494 1345 1894 1420 concedatur,
1939 1358 2012 1407 ut

221 1454 422 1515 κῶνος
488 1442 814 1521 subrogem
883 1443 986 1503 vel
1051 1443 1274 1526 τροχός
1333 1444 1743 1505 volubiles
1807 1457 2010 1506 rotu-

219 1546 372 1620 lae,
427 1553 498 1604 ut
539 1542 852 1604 Arnobius
894 1544 1339 1623 interpretatur
1377 1546 1784 1627 κρικηλασίαν
1826 1548 2012 1625 sigui-

218 1648 409 1708 ficans
424 1641 518 1726 [¹].
579 1643 696 1705 Est
735 1642 988 1724 quidem
1030 1644 1212 1704 lanae
1253 1661 1606 1724 purpureae
1633 1649 2010 1726 praesertim

218 1765 368 1807 usus
420 1744 751 1825 multiplex
804 1745 871 1803 in
923 1746 1112 1805 sacris
1168 1746 1448 1821 mysticis
1504 1764 1630 1806 non
1683 1747 1884 1808 solum
1928 1746 2011 1808 od

221 1847 645 1908 devinctiones
696 1847 963 1923 magicas
1019 1844 1132 1919 sed
1186 1845 1373 1906 etiam
1429 1845 1511 1906 ad
1566 1847 1692 1906 alia
1732 1847 2008 1908 recondi—

215 1948 399 2007 tiora.
442 1945 698 2005 Photius
742 1965 804 2025 p.
853 1944 992 2005 133.
1035 1947 1098 2008 οἱ
1138 1943 1372 2027 μύσται
1413 1945 1606 2030 κρόκῃ
1648 1947 1764 2027 τὴν
1792 1949 2008 2021 δεξιὰν

215 2052 394 2130 χεῖρα
455 2044 562 2108 καὶ
602 2044 718 2108 τὸν
759 2043 928 2108 πόδα
973 2046 1360 2110 ἀναδοῦνται
1394 2048 1501 2110 καὶ
1543 2047 1779 2133 λέγεται
1819 2054 2005 2112 τοῦτο

220 2153 511 2230 κροκοῦν,
557 2147 617 2207 οἱ
656 2144 728 2208 δὲ
763 2145 860 2208 ὅτι
894 2149 1047 2210 ἔνιοι
1077 2144 1284 2230 κρόκῳ
1317 2145 1755 2230 καθαίρονται.
1794 2148 2006 2226 Etym.

219 2247 306 2308 M.
348 2247 495 2308 429.
536 2245 641 2307 42.
681 2245 1085 2328 ἡμεροκαλλές
1108 2281 1193 2293 ·-
1219 2249 1402 2331 ἔριον
1431 2255 1758 2330 φοινικοῦν
1785 2248 2007 2313 ’διαπε-

220 2348 636 2430 ποικιλμένον,
683 2341 734 2429 ᾧ
768 2355 1053 2431 χρῶνται
1094 2347 1251 2430 πρὸς
1283 2347 1401 2418 τὰς
1436 2347 1787 2435 ἱερουργίας
1817 2351 2000 2430 Ἀθη-

219 2455 386 2513 ναῖοι
409 2450 502 2526 [8].
599 2445 829 2507 Verum
882 2447 950 2508 id
1004 2446 1085 2508 ad
1141 2456 1528 2529 praesentem
1581 2451 2004 2530 quaestionem

218 2548 374 2609 nihil
417 2546 817 2606 emolumenti
858 2549 1048 2608 affert.

387 2647 504 2707 Illa
572 2654 776 2704 autem
839 2646 1068 2705 frivola
1132 2648 1198 2705 in
1254 2649 1531 2723 mysticis
1587 2650 1754 2708 cistis
1807 2666 1999 2707 asser-

220 2757 386 2822 vata,
429 2748 496 2807 in
539 2763 709 2806 sacro
754 2745 892 2826 ipso
938 2746 1218 2828 exposita
1259 2746 1451 2807 fuisse
1495 2746 1602 2807 vix
1643 2745 1999 2826 ambiguum

218 2848 434 2909 haberi
475 2855 684 2928 potest
724 2847 1023 2928 perlectis,
1065 2864 1219 2926 quae
1262 2855 1618 2926 sequuntur,
1664 2845 2000 2907 Clementis
2058 2874 2061 2879 s

339 3030 402 3088 [θ]
436 3030 595 3074 Strabo
625 3031 706 3073 ΙΙΙ.
739 3030 836 3074 150.
867 3032 912 3075 οἱ
939 3028 1053 3089 μετὰ
1082 3031 1220 3073 ταῦτα
1241 3030 1520 3088 (Homerum)
1548 3032 1732 3086 ποιηταὶ
1751 3033 1997 3091 θρυλλοῦσι

221 3086 303 3143 τὴν
330 3091 409 3134 ἐπὶ
435 3088 490 3133 τὰ
519 3092 643 3148 μῆλα
671 3090 762 3133 τῶν
785 3087 1064 3150 Ἑσπερίδων
1091 3085 1318 3148 στρατιάν.
1776 3110 1778 3112 ’

296 3175 406 3279 233]
438 3192 481 3220 v.
511 3176 710 3221 Scheffer
748 3177 803 3220 de
832 3191 881 3221 re
909 3177 1046 3221 vehic.
1075 3177 1125 3220 L.
1156 3177 1191 3220 Ι.
1224 3192 1260 3220 c.
1291 3176 1333 3220 6.
1364 3192 1406 3235 p.
1438 3176 1509 3222 57.
1542 3175 1705 3233 Caylus
1735 3177 1840 3220 Rec.
1872 3176 1928 3220 T.
1960 3177 1994 3220 1.

223 3249 267 3292 p.
388 3267 398 3280 .

340 3322 406 3379 [Β]
437 3323 537 3366 Huc
575 3324 760 3366 fortasse
799 3322 1032 3392 referenda·
1064 3323 1163 3393 ἔρια
1211 3321 1386 3383 πυρῤά,
1444 3336 1555 3378 quae
1598 3322 1794 3366 Clemens
1834 3322 1993 3365 Str-om.

224 3380 321 3424 VII.
354 3379 396 3423 4.
426 3379 524 3424 843.
556 3385 811 3439 καθαρμοῖς
840 3382 1035 3425 adiubet-1
1064 3381 1182 3424 dicit.
