<?xml version="1.0" encoding="UTF-8"?>
<!DOCTYPE html PUBLIC "-//W3C//DTD XHTML 1.0 Transitional//EN"
    "http://www.w3.org/TR/xhtml1/DTD/xhtml1-transitional.dtd">
<html xmlns="http://www.w3.org/1999/xhtml" xml:lang="en" lang="en">
 <head>
  <title>
</title>
<meta http-equiv="Content-Type" content="text/html;charset=utf-8" />
  <meta name='ocr-system' content='tesseract 3.04.00' />
  <meta name='ocr-capabilities' content='ocr_page ocr_carea ocr_par ocr_line ocrx_word'/>
</head>
<body>
  <div class='ocr_page' id='page_1' title='image "./aglaophamussived01lobeuoft_0416.png"; bbox 0 0 2158 3848; ppageno 0'>
   <div class='ocr_carea' id='block_1_1' title="bbox 270 216 1509 277">
    <p class='ocr_par' dir='ltr' id='par_1_1' title="bbox 270 216 1509 277">
     <span class='ocr_line' id='line_1_1' title="bbox 270 216 1509 277; baseline -0.005 0"><span class='ocrx_word' id='word_1_1' title='bbox 270 216 397 277; x_wconf 87' lang='lat'><strong>400</strong></span> <span class='ocrx_word' id='word_1_2' title='bbox 803 225 1037 271; x_wconf 66' lang='lat' dir='ltr'><strong>Lmen</strong></span> <span class='ocrx_word' id='word_1_3' title='bbox 1081 225 1509 271; x_wconf 77' lang='lat' dir='ltr'>SECUNDUS.</span> 
     </span>
    </p>
   </div>
   <div class='ocr_carea' id='block_1_2' title="bbox 254 356 2036 3426">
    <p class='ocr_par' dir='ltr' id='par_1_2' title="bbox 254 356 2036 3426">
     <span class='ocr_line' id='line_1_2' title="bbox 270 356 2031 443; baseline 0.001 -21"><span class='ocrx_word' id='word_1_4' title='bbox 270 361 514 443; x_wconf 91' lang='lat' dir='ltr'><strong>Orpheo</strong></span> <span class='ocrx_word' id='word_1_5' title='bbox 548 362 806 442; x_wconf 86' lang='lat' dir='ltr'><strong>scriptos</strong></span> <span class='ocrx_word' id='word_1_6' title='bbox 831 367 1036 439; x_wconf 86' lang='lat' dir='ltr'><strong>putat3</strong></span> <span class='ocrx_word' id='word_1_7' title='bbox 1083 356 1243 418; x_wconf 89' lang='lat' dir='ltr'><strong>unde</strong></span> <span class='ocrx_word' id='word_1_8' title='bbox 1268 357 1598 420; x_wconf 82' lang='lat' dir='ltr'><strong>clarissime</strong></span> <span class='ocrx_word' id='word_1_9' title='bbox 1623 372 1813 441; x_wconf 88' lang='lat' dir='ltr'><strong>patet,</strong></span> <span class='ocrx_word' id='word_1_10' title='bbox 1856 382 2031 443; x_wconf 83' lang='lat' dir='ltr'><strong>pror·</strong></span> 
     </span>
     <span class='ocr_line' id='line_1_3' title="bbox 267 457 2034 540; baseline -0.001 -18"><span class='ocrx_word' id='word_1_11' title='bbox 267 480 370 521; x_wconf 90' lang='lat' dir='ltr'><strong>sus</strong></span> <span class='ocrx_word' id='word_1_12' title='bbox 426 462 503 522; x_wconf 90' lang='lat' dir='ltr'><strong>ab</strong></span> <span class='ocrx_word' id='word_1_13' title='bbox 555 461 678 521; x_wconf 91' lang='lat' dir='ltr'><strong>illis</strong></span> <span class='ocrx_word' id='word_1_14' title='bbox 734 459 1011 519; x_wconf 85' lang='lat' dir='ltr'><strong>diversos</strong></span> <span class='ocrx_word' id='word_1_15' title='bbox 1067 459 1285 531; x_wconf 85' lang='lat' dir='ltr'><strong>fuisse3</strong></span> <span class='ocrx_word' id='word_1_16' title='bbox 1329 457 1622 540; x_wconf 82' lang='lat' dir='ltr'>additque</span> <span class='ocrx_word' id='word_1_17' title='bbox 1666 465 1881 534; x_wconf 88' lang='lat' dir='ltr'><strong>etiam,</strong></span> <span class='ocrx_word' id='word_1_18' title='bbox 1927 481 2034 522; x_wconf 93' lang='lat' dir='ltr'><strong>eos</strong></span> 
     </span>
     <span class='ocr_line' id='line_1_4' title="bbox 267 558 2034 635; baseline 0 -15"><span class='ocrx_word' id='word_1_19' title='bbox 267 570 328 620; x_wconf 90' lang='lat' dir='ltr'><strong>et</strong></span> <span class='ocrx_word' id='word_1_20' title='bbox 383 561 597 620; x_wconf 92' lang='lat' dir='ltr'><strong>breves</strong></span> <span class='ocrx_word' id='word_1_21' title='bbox 653 577 783 616; x_wconf 90' lang='lat' dir='ltr'><strong>esse</strong></span> <span class='ocrx_word' id='word_1_22' title='bbox 829 566 889 616; x_wconf 92' lang='lat' dir='ltr'><strong>et</strong></span> <span class='ocrx_word' id='word_1_23' title='bbox 930 575 1188 635; x_wconf 87' lang='lat' dir='ltr'><strong>paucos3</strong></span> <span class='ocrx_word' id='word_1_24' title='bbox 1248 558 1364 618; x_wconf 91' lang='lat' dir='ltr'><strong>hoc</strong></span> <span class='ocrx_word' id='word_1_25' title='bbox 1408 568 1501 619; x_wconf 90' lang='lat' dir='ltr'><strong>est</strong></span> <span class='ocrx_word' id='word_1_26' title='bbox 1544 570 1706 620; x_wconf 90' lang='lat' dir='ltr'><strong>certe</strong></span> <span class='ocrx_word' id='word_1_27' title='bbox 1748 561 2034 620; x_wconf 88' lang='lat' dir='ltr'><strong>Homeri-</strong></span> 
     </span>
     <span class='ocr_line' id='line_1_5' title="bbox 265 659 2034 739; baseline 0.001 -19"><span class='ocrx_word' id='word_1_28' title='bbox 265 662 369 733; x_wconf 83' lang='lat' dir='ltr'><strong>ciS,</strong></span> <span class='ocrx_word' id='word_1_29' title='bbox 415 659 772 739; x_wconf 88' lang='lat' dir='ltr'><strong>quibuscum</strong></span> <span class='ocrx_word' id='word_1_30' title='bbox 817 667 1286 736; x_wconf 89' lang='lat' dir='ltr'><strong>componuntur,</strong></span> <span class='ocrx_word' id='word_1_31' title='bbox 1328 662 1676 736; x_wconf 86' lang='lat' dir='ltr'><strong>pauciores3</strong></span> <span class='ocrx_word' id='word_1_32' title='bbox 1719 660 1906 720; x_wconf 90' lang='lat' dir='ltr'><strong>hodie</strong></span> <span class='ocrx_word' id='word_1_33' title='bbox 1930 681 2034 720; x_wconf 90' lang='lat' dir='ltr'><strong>au-</strong></span> 
     </span>
     <span class='ocr_line' id='line_1_6' title="bbox 261 758 2032 839; baseline 0.001 -22"><span class='ocrx_word' id='word_1_34' title='bbox 261 769 385 817; x_wconf 92' lang='lat' dir='ltr'><strong>tem</strong></span> <span class='ocrx_word' id='word_1_35' title='bbox 443 758 748 833; x_wconf 84' lang='lat' dir='ltr'><strong>octoginta</strong></span> <span class='ocrx_word' id='word_1_36' title='bbox 790 764 1024 834; x_wconf 84' lang='lat' dir='ltr'><strong>septem</strong></span> <span class='ocrx_word' id='word_1_37' title='bbox 1068 768 1464 816; x_wconf 82' lang='lat' dir='ltr'><strong>numerantur</strong></span> <span class='ocrx_word' id='word_1_38' title='bbox 1504 759 1758 836; x_wconf 59' lang='lat' dir='ltr'><strong>Hymni*</strong></span> <span class='ocrx_word' id='word_1_39' title='bbox 1786 759 2032 839; x_wconf 86' lang='lat' dir='ltr'><strong>Orphei.</strong></span> 
     </span>
     <span class='ocr_line' id='line_1_7' title="bbox 258 852 2036 935; baseline 0.001 -18"><span class='ocrx_word' id='word_1_40' title='bbox 258 856 420 917; x_wconf 91' lang='lat' dir='ltr'><strong>Num</strong></span> <span class='ocrx_word' id='word_1_41' title='bbox 478 858 612 935; x_wconf 90' lang='lat' dir='ltr'><strong>quis</strong></span> <span class='ocrx_word' id='word_1_42' title='bbox 669 873 809 933; x_wconf 86' lang='lat' dir='ltr'><strong>ergo</strong></span> <span class='ocrx_word' id='word_1_43' title='bbox 867 854 1031 914; x_wconf 91' lang='lat' dir='ltr'><strong>dicat</strong></span> <span class='ocrx_word' id='word_1_44' title='bbox 1074 852 1198 914; x_wconf 92' lang='lat' dir='ltr'><strong>duo</strong></span> <span class='ocrx_word' id='word_1_45' title='bbox 1244 855 1434 914; x_wconf 89' lang='lat' dir='ltr'><strong>fuisse</strong></span> <span class='ocrx_word' id='word_1_46' title='bbox 1476 856 1873 933; x_wconf 91' lang='lat' dir='ltr'><strong>Hymnorum</strong></span> <span class='ocrx_word' id='word_1_47' title='bbox 1923 859 2036 918; x_wconf 91' lang='lat' dir='ltr'><strong>Or-</strong></span> 
     </span>
     <span class='ocr_line' id='line_1_8' title="bbox 257 957 2036 1036; baseline 0.002 -21"><span class='ocrx_word' id='word_1_48' title='bbox 257 957 577 1036; x_wconf 89' lang='lat' dir='ltr'><strong>phicorum</strong></span> <span class='ocrx_word' id='word_1_49' title='bbox 622 974 859 1034; x_wconf 87' lang='lat' dir='ltr'><strong>genera,</strong></span> <span class='ocrx_word' id='word_1_50' title='bbox 904 974 1164 1035; x_wconf 90' lang='lat' dir='ltr'><strong>quorum</strong></span> <span class='ocrx_word' id='word_1_51' title='bbox 1208 973 1397 1013; x_wconf 90' lang='lat' dir='ltr'><strong>unum</strong></span> <span class='ocrx_word' id='word_1_52' title='bbox 1443 958 1768 1033; x_wconf 87' lang='lat' dir='ltr'><strong>genuinum</strong></span> <span class='ocrx_word' id='word_1_53' title='bbox 1799 958 2036 1036; x_wconf 87' lang='lat' dir='ltr'><strong>judica-</strong></span> 
     </span>
     <span class='ocr_line' id='line_1_9' title="bbox 256 1054 2035 1134; baseline 0.002 -20"><span class='ocrx_word' id='word_1_54' title='bbox 256 1068 351 1116; x_wconf 90' lang='lat' dir='ltr'><strong>ret</strong></span> <span class='ocrx_word' id='word_1_55' title='bbox 394 1057 757 1128; x_wconf 79' lang='lat' dir='ltr'><strong>PausaniaS,</strong></span> <span class='ocrx_word' id='word_1_56' title='bbox 802 1056 1060 1115; x_wconf 90' lang='lat' dir='ltr'><strong>alterum</strong></span> <span class='ocrx_word' id='word_1_57' title='bbox 1100 1055 1176 1114; x_wconf 90' lang='lat' dir='ltr'><strong>ab</strong></span> <span class='ocrx_word' id='word_1_58' title='bbox 1217 1054 1613 1114; x_wconf 89' lang='lat' dir='ltr'><strong>Onomacrito</strong></span> <span class='ocrx_word' id='word_1_59' title='bbox 1653 1056 2035 1134; x_wconf 67' lang='lat' dir='ltr'><strong>subjectum&#39;.l</strong></span> 
     </span>
     <span class='ocr_line' id='line_1_10' title="bbox 259 1153 2035 1236; baseline 0.001 -22"><span class='ocrx_word' id='word_1_60' title='bbox 259 1166 320 1214; x_wconf 93' lang='lat' dir='ltr'><strong>et</strong></span> <span class='ocrx_word' id='word_1_61' title='bbox 387 1156 504 1216; x_wconf 90' lang='lat' dir='ltr'><strong>hoc</strong></span> <span class='ocrx_word' id='word_1_62' title='bbox 573 1155 953 1216; x_wconf 90' lang='lat' dir='ltr'><strong>subditivum</strong></span> <span class='ocrx_word' id='word_1_63' title='bbox 1013 1174 1199 1233; x_wconf 84' lang='lat' dir='ltr'><strong>genus</strong></span> <span class='ocrx_word' id='word_1_64' title='bbox 1267 1153 1347 1214; x_wconf 90' lang='lat' dir='ltr'><strong>ad</strong></span> <span class='ocrx_word' id='word_1_65' title='bbox 1412 1164 1625 1214; x_wconf 91' lang='lat' dir='ltr'><strong>nostra</strong></span> <span class='ocrx_word' id='word_1_66' title='bbox 1677 1159 2035 1236; x_wconf 88' lang='lat' dir='ltr'><strong>pervenisse</strong></span> 
     </span>
     <span class='ocr_line' id='line_1_11' title="bbox 257 1255 2036 1337; baseline 0.001 -23"><span class='ocrx_word' id='word_1_67' title='bbox 257 1255 576 1335; x_wconf 65' lang='lat' dir='ltr'><strong>tempora&#39;l</strong></span> <span class='ocrx_word' id='word_1_68' title='bbox 647 1257 873 1315; x_wconf 84' lang='lat' dir='ltr'><strong>Mirum</strong></span> <span class='ocrx_word' id='word_1_69' title='bbox 941 1258 1086 1334; x_wconf 90' lang='lat' dir='ltr'><strong>quin</strong></span> <span class='ocrx_word' id='word_1_70' title='bbox 1139 1256 1256 1314; x_wconf 92' lang='lat' dir='ltr'><strong>hae</strong></span> <span class='ocrx_word' id='word_1_71' title='bbox 1308 1256 1588 1314; x_wconf 89' lang='lat' dir='ltr'><strong>inficetae</strong></span> <span class='ocrx_word' id='word_1_72' title='bbox 1642 1257 2036 1337; x_wconf 84' lang='lat' dir='ltr'><strong>trivialesque</strong></span> 
     </span>
     <span class='ocr_line' id='line_1_12' title="bbox 258 1354 2036 1435; baseline 0.002 -22"><span class='ocrx_word' id='word_1_73' title='bbox 258 1356 596 1414; x_wconf 89' lang='lat' dir='ltr'><strong>cantilenae</strong></span> <span class='ocrx_word' id='word_1_74' title='bbox 651 1375 688 1414; x_wconf 93' lang='lat' dir='ltr'><strong>a</strong></span> <span class='ocrx_word' id='word_1_75' title='bbox 730 1365 916 1435; x_wconf 90' lang='lat' dir='ltr'><strong>poeta</strong></span> <span class='ocrx_word' id='word_1_76' title='bbox 960 1365 1021 1413; x_wconf 89' lang='lat' dir='ltr'><strong>et</strong></span> <span class='ocrx_word' id='word_1_77' title='bbox 1066 1354 1246 1414; x_wconf 88' lang='lat' dir='ltr'><strong>docto</strong></span> <span class='ocrx_word' id='word_1_78' title='bbox 1293 1363 1355 1412; x_wconf 92' lang='lat' dir='ltr'><strong>et</strong></span> <span class='ocrx_word' id='word_1_79' title='bbox 1396 1355 1604 1415; x_wconf 86' lang='lat' dir='ltr'><strong>Attico</strong></span> <span class='ocrx_word' id='word_1_80' title='bbox 1651 1366 1712 1414; x_wconf 92' lang='lat' dir='ltr'><strong>et</strong></span> <span class='ocrx_word' id='word_1_81' title='bbox 1756 1355 2036 1416; x_wconf 82' lang='lat' dir='ltr'><strong>Pisistra-</strong></span> 
     </span>
     <span class='ocr_line' id='line_1_13' title="bbox 256 1453 2035 1533; baseline 0.001 -20"><span class='ocrx_word' id='word_1_82' title='bbox 256 1454 526 1513; x_wconf 91' lang='lat' dir='ltr'><strong>tidarum</strong></span> <span class='ocrx_word' id='word_1_83' title='bbox 572 1455 811 1533; x_wconf 91' lang='lat' dir='ltr'><strong>aequali</strong></span> <span class='ocrx_word' id='word_1_84' title='bbox 854 1453 1135 1512; x_wconf 85' lang='lat' dir='ltr'><strong>conditae</strong></span> <span class='ocrx_word' id='word_1_85' title='bbox 1178 1455 1356 1512; x_wconf 16' lang='lat' dir='ltr'><strong>sintlss</strong></span> <span class='ocrx_word' id='word_1_86' title='bbox 1382 1454 1520 1514; x_wconf 88' lang='lat' dir='ltr'><strong>Scio</strong></span> <span class='ocrx_word' id='word_1_87' title='bbox 1567 1453 1812 1533; x_wconf 88' lang='lat' dir='ltr'><strong>quidem</strong></span> <span class='ocrx_word' id='word_1_88' title='bbox 1858 1457 2035 1515; x_wconf 89' lang='lat' dir='ltr'><strong>aliter</strong></span> 
     </span>
     <span class='ocr_line' id='line_1_14' title="bbox 257 1553 2032 1629; baseline 0.001 -16"><span class='ocrx_word' id='word_1_89' title='bbox 257 1555 517 1613; x_wconf 85' lang='lat' dir='ltr'><strong>sensisse</strong></span> <span class='ocrx_word' id='word_1_90' title='bbox 587 1553 642 1612; x_wconf 86' lang='lat' dir='ltr'><strong>V</strong></span> <span class='ocrx_word' id='word_1_91' title='bbox 645 1553 1059 1612; x_wconf 89' lang='lat' dir='ltr'><strong>alckenarium</strong></span> <span class='ocrx_word' id='word_1_92' title='bbox 1075 1597 1092 1626; x_wconf 94' lang='lat'><strong>,</strong></span> <span class='ocrx_word' id='word_1_93' title='bbox 1165 1555 1391 1612; x_wconf 92' lang='lat' dir='ltr'><strong>summi</strong></span> <span class='ocrx_word' id='word_1_94' title='bbox 1459 1554 1756 1612; x_wconf 84' lang='lat' dir='ltr'><strong>acuminis</strong></span> <span class='ocrx_word' id='word_1_95' title='bbox 1810 1557 2032 1629; x_wconf 87' lang='lat' dir='ltr'><strong>virum,</strong></span> 
     </span>
     <span class='ocr_line' id='line_1_15' title="bbox 255 1651 2032 1734; baseline 0 -20"><span class='ocrx_word' id='word_1_96' title='bbox 255 1671 648 1734; x_wconf 82' lang='lat' dir='ltr'><strong>summaeque</strong></span> <span class='ocrx_word' id='word_1_97' title='bbox 694 1653 1043 1726; x_wconf 89' lang='lat' dir='ltr'><strong>doctrinae,</strong></span> <span class='ocrx_word' id='word_1_98' title='bbox 1090 1655 1189 1733; x_wconf 91' lang='lat' dir='ltr'><strong>qui</strong></span> <span class='ocrx_word' id='word_1_99' title='bbox 1239 1652 1316 1712; x_wconf 88' lang='lat' dir='ltr'><strong>ad</strong></span> <span class='ocrx_word' id='word_1_100' title='bbox 1362 1652 1594 1713; x_wconf 89' lang='lat' dir='ltr'><strong>Herod.</strong></span> <span class='ocrx_word' id='word_1_101' title='bbox 1637 1651 1740 1711; x_wconf 90' lang='lat' dir='ltr'><strong>IV.</strong></span> <span class='ocrx_word' id='word_1_102' title='bbox 1787 1673 1846 1732; x_wconf 91' lang='lat' dir='ltr'><strong>p.</strong></span> <span class='ocrx_word' id='word_1_103' title='bbox 1891 1656 2032 1716; x_wconf 80' lang='lat'><strong>296.</strong></span> 
     </span>
     <span class='ocr_line' id='line_1_16' title="bbox 256 1752 2034 1834; baseline 0 -20"><span class='ocrx_word' id='word_1_104' title='bbox 256 1754 396 1814; x_wconf 92' lang='lat' dir='ltr'><strong>sub</strong></span> <span class='ocrx_word' id='word_1_105' title='bbox 454 1753 776 1834; x_wconf 86' lang='lat' dir='ltr'><strong>Orphei,</strong></span> <span class='ocrx_word' id='word_1_106' title='bbox 844 1753 1077 1832; x_wconf 91' lang='lat' dir='ltr'><strong>inquit,</strong></span> <span class='ocrx_word' id='word_1_107' title='bbox 1145 1754 1454 1812; x_wconf 86' lang='lat' dir='ltr'><strong>nomine</strong></span> <span class='ocrx_word' id='word_1_108' title='bbox 1510 1753 1705 1830; x_wconf 86' lang='lat' dir='ltr'><strong>legit</strong></span> <span class='ocrx_word' id='word_1_109' title='bbox 1760 1752 2034 1814; x_wconf 90' lang='lat' dir='ltr'><strong>Pausa-</strong></span> 
     </span>
     <span class='ocr_line' id='line_1_17' title="bbox 255 1841 2033 1933; baseline 0.001 -21"><span class='ocrx_word' id='word_1_110' title='bbox 255 1856 424 1913; x_wconf 90' lang='lat' dir='ltr'><strong>nias</strong></span> <span class='ocrx_word' id='word_1_111' title='bbox 468 1841 832 1930; x_wconf 78' lang='lat' dir='ltr'><strong>HymnoS,</strong></span> <span class='ocrx_word' id='word_1_112' title='bbox 879 1871 1066 1932; x_wconf 88' lang='lat' dir='ltr'><strong>quos</strong></span> <span class='ocrx_word' id='word_1_113' title='bbox 1109 1852 1482 1912; x_wconf 92' lang='lat' dir='ltr'><strong>habemus</strong></span> <span class='ocrx_word' id='word_1_114' title='bbox 1525 1855 2033 1933; x_wconf 86' lang='lat' dir='ltr'><strong>superstites3</strong></span> 
     </span>
     <span class='ocr_line' id='line_1_18' title="bbox 255 1953 2034 2032; baseline 0.001 -20"><span class='ocrx_word' id='word_1_115' title='bbox 255 1955 332 2012; x_wconf 90' lang='lat' dir='ltr'><strong>in</strong></span> <span class='ocrx_word' id='word_1_116' title='bbox 387 1953 508 2011; x_wconf 92' lang='lat' dir='ltr'><strong>his</strong></span> <span class='ocrx_word' id='word_1_117' title='bbox 568 1955 851 2011; x_wconf 90' lang='lat' dir='ltr'><strong>merito</strong></span> <span class='ocrx_word' id='word_1_118' title='bbox 910 1968 1267 2012; x_wconf 89' lang='lat' dir='ltr'><strong>versuum</strong></span> <span class='ocrx_word' id='word_1_119' title='bbox 1329 1954 1693 2011; x_wconf 83' lang='lat' dir='ltr'><strong>miramur</strong></span> <span class='ocrx_word' id='word_1_120' title='bbox 1737 1954 2034 2032; x_wconf 87' lang='lat' dir='ltr'><strong>elegan-</strong></span> 
     </span>
     <span class='ocr_line' id='line_1_19' title="bbox 255 2051 2034 2132; baseline 0.001 -21"><span class='ocrx_word' id='word_1_121' title='bbox 255 2053 460 2111; x_wconf 89' lang='lat' dir='ltr'><strong>tiam.</strong></span> <span class='ocrx_word' id='word_1_122' title='bbox 557 2051 864 2131; x_wconf 89' lang='lat' dir='ltr'><strong>Equidem</strong></span> <span class='ocrx_word' id='word_1_123' title='bbox 919 2051 1179 2110; x_wconf 91' lang='lat' dir='ltr'><strong>multum</strong></span> <span class='ocrx_word' id='word_1_124' title='bbox 1237 2051 1443 2110; x_wconf 90' lang='lat' dir='ltr'><strong>tribuo</strong></span> <span class='ocrx_word' id='word_1_125' title='bbox 1498 2051 1888 2113; x_wconf 91' lang='lat' dir='ltr'><strong>Valckenarii</strong></span> <span class='ocrx_word' id='word_1_126' title='bbox 1933 2055 2034 2132; x_wconf 87' lang='lat' dir='ltr'><strong>ju-</strong></span> 
     </span>
     <span class='ocr_line' id='line_1_20' title="bbox 257 2151 2035 2233; baseline 0.001 -22"><span class='ocrx_word' id='word_1_127' title='bbox 257 2151 450 2224; x_wconf 92' lang='lat' dir='ltr'><strong>dicio,</strong></span> <span class='ocrx_word' id='word_1_128' title='bbox 529 2151 638 2211; x_wconf 89' lang='lat' dir='ltr'><strong>sed</strong></span> <span class='ocrx_word' id='word_1_129' title='bbox 693 2153 833 2231; x_wconf 91' lang='lat' dir='ltr'><strong>plus</strong></span> <span class='ocrx_word' id='word_1_130' title='bbox 890 2151 1194 2223; x_wconf 88' lang='lat' dir='ltr'><strong>Platonis,</strong></span> <span class='ocrx_word' id='word_1_131' title='bbox 1250 2151 1571 2210; x_wconf 88' lang='lat' dir='ltr'><strong>domestici</strong></span> <span class='ocrx_word' id='word_1_132' title='bbox 1626 2151 1873 2225; x_wconf 86' lang='lat' dir='ltr'><strong>arbitri,</strong></span> <span class='ocrx_word' id='word_1_133' title='bbox 1931 2155 2035 2233; x_wconf 91' lang='lat' dir='ltr'><strong>qui</strong></span> 
     </span>
     <span class='ocr_line' id='line_1_21' title="bbox 254 2248 2035 2332; baseline 0.003 -21"><span class='ocrx_word' id='word_1_134' title='bbox 254 2251 646 2313; x_wconf 83' lang='lat' dir='ltr'><strong>vehementer</strong></span> <span class='ocrx_word' id='word_1_135' title='bbox 687 2250 1000 2332; x_wconf 86' lang='lat' dir='ltr'><strong>improbat</strong></span> <span class='ocrx_word' id='word_1_136' title='bbox 1040 2249 1396 2328; x_wconf 90' lang='lat' dir='ltr'><strong>hujusmodi</strong></span> <span class='ocrx_word' id='word_1_137' title='bbox 1440 2269 1681 2310; x_wconf 90' lang='lat' dir='ltr'><strong>carmen</strong></span> <span class='ocrx_word' id='word_1_138' title='bbox 1725 2248 1800 2315; x_wconf 86' lang='grc' dir='ltr'><strong>οὗ</strong></span> <span class='ocrx_word' id='word_1_139' title='bbox 1851 2253 2035 2317; x_wconf 72' lang='grc' dir='ltr'><em>οὐδὲν</em></span> 
     </span>
     <span class='ocr_line' id='line_1_22' title="bbox 256 2349 2029 2436; baseline -0.001 -22"><span class='ocrx_word' id='word_1_140' title='bbox 256 2352 535 2434; x_wconf 71' lang='grc' dir='ltr'><em>διαφέρει</em></span> <span class='ocrx_word' id='word_1_141' title='bbox 589 2360 838 2436; x_wconf 79' lang='grc' dir='ltr'><em>πρῶτον</em></span> <span class='ocrx_word' id='word_1_142' title='bbox 891 2351 930 2430; x_wconf 81' lang='grc' dir='ltr'>ἢ</span> <span class='ocrx_word' id='word_1_143' title='bbox 986 2349 1258 2414; x_wconf 76' lang='grc' dir='ltr'><strong><em>ὕστατόν</em></strong></span> <span class='ocrx_word' id='word_1_144' title='bbox 1311 2375 1373 2412; x_wconf 85' lang='grc' dir='ltr'><strong>τι</strong></span> <span class='ocrx_word' id='word_1_145' title='bbox 1433 2352 1721 2435; x_wconf 73' lang='grc' dir='ltr'><strong><em>λέγεσθαι</em></strong></span> <span class='ocrx_word' id='word_1_146' title='bbox 1773 2351 2029 2412; x_wconf 85' lang='lat' dir='ltr'><strong>Phaedr.</strong></span> 
     </span>
     <span class='ocr_line' id='line_1_23' title="bbox 256 2450 2032 2532; baseline 0.001 -23"><span class='ocrx_word' id='word_1_147' title='bbox 256 2468 316 2530; x_wconf 89' lang='lat' dir='ltr'><strong>p.</strong></span> <span class='ocrx_word' id='word_1_148' title='bbox 361 2452 503 2510; x_wconf 79' lang='lat'><strong>264.</strong></span> <span class='ocrx_word' id='word_1_149' title='bbox 547 2452 619 2510; x_wconf 91' lang='lat' dir='ltr'><strong>E.</strong></span> <span class='ocrx_word' id='word_1_150' title='bbox 675 2451 867 2532; x_wconf 90' lang='lat' dir='ltr'><strong>Atqui</strong></span> <span class='ocrx_word' id='word_1_151' title='bbox 922 2453 976 2510; x_wconf 90' lang='lat' dir='ltr'><strong>is</strong></span> <span class='ocrx_word' id='word_1_152' title='bbox 1034 2459 1128 2510; x_wconf 88' lang='lat' dir='ltr'><strong>est</strong></span> <span class='ocrx_word' id='word_1_153' title='bbox 1185 2450 1594 2530; x_wconf 89' lang='lat' dir='ltr'><strong>Orphicorum</strong></span> <span class='ocrx_word' id='word_1_154' title='bbox 1637 2450 2032 2528; x_wconf 90' lang='lat' dir='ltr'><strong>Hymnorum</strong></span> 
     </span>
     <span class='ocr_line' id='line_1_24' title="bbox 257 2550 2030 2630; baseline 0.002 -23"><span class='ocrx_word' id='word_1_155' title='bbox 257 2559 461 2622; x_wconf 89' lang='lat' dir='ltr'><strong>tenor,</strong></span> <span class='ocrx_word' id='word_1_156' title='bbox 532 2552 598 2609; x_wconf 88' lang='lat' dir='ltr'><strong>in</strong></span> <span class='ocrx_word' id='word_1_157' title='bbox 655 2551 873 2630; x_wconf 91' lang='lat' dir='ltr'><strong>quibus</strong></span> <span class='ocrx_word' id='word_1_158' title='bbox 927 2550 1183 2609; x_wconf 90' lang='lat' dir='ltr'><strong>deorum</strong></span> <span class='ocrx_word' id='word_1_159' title='bbox 1235 2551 1488 2608; x_wconf 90' lang='lat' dir='ltr'><strong>nomina</strong></span> <span class='ocrx_word' id='word_1_160' title='bbox 1543 2560 1604 2609; x_wconf 93' lang='lat' dir='ltr'><strong>et</strong></span> <span class='ocrx_word' id='word_1_161' title='bbox 1660 2554 2030 2629; x_wconf 86' lang='lat' dir='ltr'><strong>cognomina</strong></span> 
     </span>
     <span class='ocr_line' id='line_1_25' title="bbox 257 2647 2030 2710; baseline 0.002 -3"><span class='ocrx_word' id='word_1_162' title='bbox 257 2648 568 2708; x_wconf 88' lang='lat' dir='ltr'><strong>incondite</strong></span> <span class='ocrx_word' id='word_1_163' title='bbox 622 2650 759 2710; x_wconf 88' lang='lat' dir='ltr'><strong>fusa</strong></span> <span class='ocrx_word' id='word_1_164' title='bbox 811 2650 981 2710; x_wconf 92' lang='lat' dir='ltr'><strong>nullo</strong></span> <span class='ocrx_word' id='word_1_165' title='bbox 1041 2668 1153 2706; x_wconf 89' lang='lat' dir='ltr'><strong>nec</strong></span> <span class='ocrx_word' id='word_1_166' title='bbox 1208 2647 1422 2706; x_wconf 91' lang='lat' dir='ltr'><strong>ordine</strong></span> <span class='ocrx_word' id='word_1_167' title='bbox 1475 2667 1588 2706; x_wconf 91' lang='lat' dir='ltr'><strong>nec</strong></span> <span class='ocrx_word' id='word_1_168' title='bbox 1645 2648 1881 2709; x_wconf 90' lang='lat' dir='ltr'><strong>delectu</strong></span> <span class='ocrx_word' id='word_1_169' title='bbox 1926 2650 2030 2710; x_wconf 89' lang='lat' dir='ltr'><strong>de-</strong></span> 
     </span>
     <span class='ocr_line' id='line_1_26' title="bbox 260 2740 2026 2827; baseline 0.001 -20"><span class='ocrx_word' id='word_1_170' title='bbox 260 2740 611 2823; x_wconf 86' lang='lat' dir='ltr'><strong>cantantur,</strong></span> <span class='ocrx_word' id='word_1_171' title='bbox 659 2750 813 2810; x_wconf 91' lang='lat' dir='ltr'><strong>nihil</strong></span> <span class='ocrx_word' id='word_1_172' title='bbox 866 2759 935 2809; x_wconf 93' lang='lat' dir='ltr'><strong>ut</strong></span> <span class='ocrx_word' id='word_1_173' title='bbox 988 2750 1069 2807; x_wconf 92' lang='lat' dir='ltr'><strong>sit</strong></span> <span class='ocrx_word' id='word_1_174' title='bbox 1124 2747 1426 2827; x_wconf 90' lang='lat' dir='ltr'><strong>primum,</strong></span> <span class='ocrx_word' id='word_1_175' title='bbox 1477 2746 1632 2805; x_wconf 90' lang='lat' dir='ltr'><strong>nihil</strong></span> <span class='ocrx_word' id='word_1_176' title='bbox 1674 2748 2026 2824; x_wconf 89' lang='lat' dir='ltr'><strong>secundum,</strong></span> 
     </span>
     <span class='ocr_line' id='line_1_27' title="bbox 260 2847 2024 2925; baseline 0.001 -18"><span class='ocrx_word' id='word_1_177' title='bbox 260 2858 322 2907; x_wconf 92' lang='lat' dir='ltr'><strong>et</strong></span> <span class='ocrx_word' id='word_1_178' title='bbox 387 2847 553 2908; x_wconf 91' lang='lat' dir='ltr'><strong>idem</strong></span> <span class='ocrx_word' id='word_1_179' title='bbox 619 2868 863 2909; x_wconf 89' lang='lat' dir='ltr'><strong>carmen</strong></span> <span class='ocrx_word' id='word_1_180' title='bbox 929 2865 1136 2907; x_wconf 91' lang='lat' dir='ltr'><strong>sursus</strong></span> <span class='ocrx_word' id='word_1_181' title='bbox 1193 2864 1407 2907; x_wconf 84' lang='lat' dir='ltr'><strong>versus</strong></span> <span class='ocrx_word' id='word_1_182' title='bbox 1459 2855 1744 2925; x_wconf 90' lang='lat' dir='ltr'><strong>retroque</strong></span> <span class='ocrx_word' id='word_1_183' title='bbox 1799 2849 2024 2909; x_wconf 88' lang='lat' dir='ltr'><strong>lectum</strong></span> 
     </span>
     <span class='ocr_line' id='line_1_28' title="bbox 261 2945 2028 3029; baseline 0.001 -23"><span class='ocrx_word' id='word_1_184' title='bbox 261 2946 520 3007; x_wconf 91' lang='lat' dir='ltr'><strong>eandem</strong></span> <span class='ocrx_word' id='word_1_185' title='bbox 587 2967 827 3029; x_wconf 89' lang='lat' dir='ltr'><strong>semper</strong></span> <span class='ocrx_word' id='word_1_186' title='bbox 883 2947 1108 3007; x_wconf 90' lang='lat' dir='ltr'><strong>habeat</strong></span> <span class='ocrx_word' id='word_1_187' title='bbox 1174 2946 1553 3006; x_wconf 89' lang='lat' dir='ltr'><strong>sententiam.</strong></span> <span class='ocrx_word' id='word_1_188' title='bbox 1638 2945 2028 3026; x_wconf 91' lang='lat' dir='ltr'><strong>Respondeat</strong></span> 
     </span>
     <span class='ocr_line' id='line_1_29' title="bbox 259 3044 2025 3131; baseline 0.001 -25"><span class='ocrx_word' id='word_1_189' title='bbox 259 3047 523 3107; x_wconf 89' lang='lat' dir='ltr'><strong>fortasse</strong></span> <span class='ocrx_word' id='word_1_190' title='bbox 581 3049 797 3129; x_wconf 88' lang='lat' dir='ltr'><strong>aliquis</strong></span> <span class='ocrx_word' id='word_1_191' title='bbox 852 3048 1007 3107; x_wconf 89' lang='lat' dir='ltr'><strong>hanc</strong></span> <span class='ocrx_word' id='word_1_192' title='bbox 1059 3045 1474 3131; x_wconf 77' lang='grc' dir='ltr'><em>βαττολογίαν</em></span> <span class='ocrx_word' id='word_1_193' title='bbox 1530 3044 1755 3105; x_wconf 91' lang='lat' dir='ltr'><strong>directe</strong></span> <span class='ocrx_word' id='word_1_194' title='bbox 1810 3048 2025 3107; x_wconf 86' lang='lat' dir='ltr'><strong>Ethni-</strong></span> 
     </span>
     <span class='ocr_line' id='line_1_30' title="bbox 262 3144 2030 3228; baseline 0 -23"><span class='ocrx_word' id='word_1_195' title='bbox 262 3148 346 3205; x_wconf 90' lang='lat' dir='ltr'><strong>cis</strong></span> <span class='ocrx_word' id='word_1_196' title='bbox 403 3149 766 3228; x_wconf 87' lang='lat' dir='ltr'><strong>exprobrari</strong></span> <span class='ocrx_word' id='word_1_197' title='bbox 820 3146 1033 3207; x_wconf 89' lang='lat' dir='ltr'><strong>Matth.</strong></span> <span class='ocrx_word' id='word_1_198' title='bbox 1086 3145 1187 3205; x_wconf 89' lang='lat' dir='ltr'><strong>VI.</strong></span> <span class='ocrx_word' id='word_1_199' title='bbox 1231 3147 1291 3205; x_wconf 88' lang='lat'><strong>7.</strong></span> <span class='ocrx_word' id='word_1_200' title='bbox 1347 3144 1685 3224; x_wconf 91' lang='lat' dir='ltr'><strong>eodemque</strong></span> <span class='ocrx_word' id='word_1_201' title='bbox 1727 3146 1914 3205; x_wconf 91' lang='lat' dir='ltr'><strong>modo</strong></span> <span class='ocrx_word' id='word_1_202' title='bbox 1957 3149 2030 3206; x_wconf 76' lang='lat' dir='ltr'><strong>in&#39;</strong></span> 
     </span>
     <span class='ocr_line' id='line_1_31' title="bbox 260 3243 2022 3324; baseline -0.001 -19"><span class='ocrx_word' id='word_1_203' title='bbox 260 3244 528 3322; x_wconf 90' lang='lat' dir='ltr'><strong>Hymnis</strong></span> <span class='ocrx_word' id='word_1_204' title='bbox 585 3245 1068 3308; x_wconf 88' lang='lat' dir='ltr'><strong>Christianorum</strong></span> <span class='ocrx_word' id='word_1_205' title='bbox 1136 3246 1430 3324; x_wconf 86' lang='lat' dir='ltr'><strong>liturgicis</strong></span> <span class='ocrx_word' id='word_1_206' title='bbox 1496 3243 1679 3304; x_wconf 90' lang='lat' dir='ltr'><strong>deum</strong></span> <span class='ocrx_word' id='word_1_207' title='bbox 1746 3253 1808 3304; x_wconf 91' lang='lat' dir='ltr'><strong>et</strong></span> <span class='ocrx_word' id='word_1_208' title='bbox 1865 3243 2022 3303; x_wconf 87' lang='lat' dir='ltr'><strong>San—</strong></span> 
     </span>
     <span class='ocr_line' id='line_1_32' title="bbox 262 3345 2019 3426; baseline -0.002 -22"><span class='ocrx_word' id='word_1_209' title='bbox 262 3352 393 3405; x_wconf 89' lang='lat' dir='ltr'><strong>ctos</strong></span> <span class='ocrx_word' id='word_1_210' title='bbox 471 3345 750 3407; x_wconf 88' lang='lat' dir='ltr'><strong>fluctibus</strong></span> <span class='ocrx_word' id='word_1_211' title='bbox 840 3345 1255 3426; x_wconf 85' lang='lat' dir='ltr'><strong>epithetorum</strong></span> <span class='ocrx_word' id='word_1_212' title='bbox 1342 3354 1403 3404; x_wconf 92' lang='lat' dir='ltr'><strong>et</strong></span> <span class='ocrx_word' id='word_1_213' title='bbox 1481 3345 2019 3426; x_wconf 88' lang='lat' dir='ltr'><strong>epiphonematum</strong></span> 
     </span>
    </p>
   </div>
  </div>
 </body>
</html>
