2176 3886
803 170 1399 268 PRAEFAsrio.
1907 200 1992 243 vu

205 338 552 398 tisfactums
608 331 918 405 videatur3
979 334 1306 410 insequens
1366 340 1534 389 aetas
1595 330 1825 390 caduca
1869 334 2032 457 sta-W
2083 343 2176 396 Ave

204 452 406 521 hinet,
452 450 607 508 orsis
652 446 961 519 adsumet,
1006 446 1246 506 defecta
1289 444 1619 527 supplebit.
1696 446 1767 502 In
1812 446 1992 503 tertio
2015 413 2176 497 (45⁴⁸

198 575 415 629 autem¹
452 563 643 635 libro,
687 564 793 642 qui
838 571 931 621 est
973 560 1053 622 de
1097 561 1567 621 Samothracum
1612 560 1835 631 initiis,
1893 579 1996 618 ne-

202 680 535 740 cessarium
588 676 738 736 duxi
794 677 1004 737 omnia
1017 720 1035 750 ‚
1092 694 1249 756 quae
1305 674 1383 735 de
1441 673 1678 746 Cabiris
1737 674 1997 754 antiqui-

203 806 323 854 tus·
355 791 610 885 prodita
660 802 834 859 sunt,
894 803 955 851 et
984 799 1301 869 cognatas
1358 791 1453 850 his
1499 787 1827 862 Curetum,
1884 785 1998 862 Co—

164 946 182 963 .
202 907 531 985 rybantum
595 918 657 967 et
700 907 1110 985 Dactylorum
1157 905 1401 966 fabulas
1445 924 1630 986 quam
1674 905 2000 964 accuratisss

202 1010 359 1084 sime
403 1020 664 1110 'possem
708 1040 993 1082 enarrare
1010 1066 1028 1095 ,
1090 1038 1216 1080 non
1258 1031 1328 1081 ut
1370 1022 1628 1080 lectores
1673 1018 1754 1079 ad
1798 1021 2001 1098 cogni-

204 1142 436 1198 tionem
481 1140 616 1200 veri
660 1137 1046 1198 traducerem
1089 1135 1201 1196 sed
1243 1146 1315 1196 ut
1357 1135 1741 1198 vindicarem
1785 1154 1825 1195 a
1861 1154 2003 1195 con—

201 1271 387 1313 sensu
429 1253 602 1328 falsi3
674 1272 795 1334 qua
836 1263 1015 1334 parte
1058 1253 1219 1313 lecta
1263 1254 1319 1311 si
1364 1253 1501 1333 quis
1545 1270 1584 1311 a
1624 1251 1806 1312 nobis
1850 1252 2006 1311 nihil

202 1369 470 1450 amplius
515 1387 702 1449 quam
745 1369 902 1430 nihil
946 1371 1102 1429 scire
1147 1366 1437 1428 didicisse
1481 1385 1549 1426 se
1592 1365 1783 1442 dicet,
1841 1369 2006 1449 equi—

204 1483 346 1544 dem
415 1486 623 1544 nescio
697 1503 779 1544 an
836 1484 914 1544 de
970 1486 1067 1545 his
1122 1484 1305 1545 rebus
1360 1481 1528 1544 idem
1583 1502 1746 1545 nunc
1799 1484 2007 1544 valeat

203 1598 371 1680 quod
425 1601 576 1660 olim
627 1599 940 1679 judicavit
997 1599 1348 1661 Diodorus:
1409 1600 1557 1669 τοὺς
1610 1600 1693 1662 τὰ
1752 1605 2007 1663 πλεῖστα

206 1716 751 1797 ἀποφαινομένους
821 1716 1100 1800 ὀλίγιστα
1170 1715 1415 1778 εἰδέναι.
1516 1713 1821 1794 Fingendi
1877 1716 2008 1794 qui-

206 1828 353 1888 dem
410 1830 590 1908 copia
647 1830 920 1889 maxima
976 1803 1256 1887 estnon
1314 1828 1519 1887 solum
1574 1831 1643 1886 in
1699 1828 1816 1887 hoc
1870 1828 2008 1889 loco

205 1942 316 2005 sed
371 1961 735 2023 quacunque
794 1943 946 2003 haec
1005 1942 1348 2024 disputatio
1394 1952 1604 2024 patet,
1651 1942 1729 2002 de
1775 1946 2009 2025 opertis

206 2057 523 2138 OrphiciS‚
598 2057 677 2118 de
745 2060 982 2118 arcanis
1052 2059 1421 2131 Eleusiniis»,
1478 2057 1559 2119 de
1612 2059 2010 2138 Pelasgorum

206 2174 519 2250 mysteriis
563 2175 834 2248 intimi83
900 2192 1163 2254 eamque
1209 2174 1289 2234 ob
1333 2192 1582 2235 causam
1608 2173 1778 2234 haec
1821 2173 2037 2258 §Q

207 2288 421 2367 Repoa
476 2307 515 2347 a
575 2288 1015 2369 Damasippis‚
1070 2290 1174 2368 qui
1228 2301 1442 2350 nostra
1484 2291 1732 2368 negotia
1775 2301 2010 2364 curam,

200 2401 575 2480 jamdudum
635 2422 878 2463 sursum
937 2380 1226 2464 deorsum
1284 2413 1603 2479 versatur,
1660 2423 1858 2485 neque
1911 2415 2011 2466 est

209 2518 336 2577 ulla
378 2536 522 2598 pars
568 2521 954 2599 antiquariae
999 2519 1346 2593 doetrinae,
1391 2523 1458 2580 in
1502 2540 1624 2603 qua
1666 2522 1856 2596 fram,
1900 2540 2009 2584 va-

207 2636 397 2707 nitas,
451 2633 647 2693 libido
702 2646 980 2713 grassata
1034 2637 1116 2695 sit
1161 2635 1528 2697 effrenatius.
1618 2635 1756 2711 Quo
1801 2641 2010 2699 minus
2039 2637 2061 2668 ⁴

205 2750 343 2829 quis
386 2751 675 2824 miretur,
732 2753 786 2811 si
830 2750 979 2831 quid
1019 2752 1472 2813 stomachosius
1518 2752 1750 2821 dictum
1794 2676 2071 2829 fueri-uf

209 2864 374 2945 quod
428 2864 738 2926 interdum
797 2865 1046 2928 difficile
1102 2867 1222 2926 fuit
1276 2886 1402 2927 non
1456 2869 1662 2929 facere
1718 2868 1827 2928 sed
1873 2886 2009 2929 om-

209 2981 359 3040 nino
412 2981 642 3042 factum
702 2992 797 3042 est
852 3001 993 3042 raro
1012 3026 1027 3055 ,
1087 2984 1379 3063 quoniam
1442 2985 1763 3057 constitui,
1832 2983 2009 3064 quid-

213 3094 361 3173 quid
413 3098 533 3156 isto
595 3096 786 3157 modo
843 3098 1049 3158 lusum
1075 3109 1217 3172 est,
1271 3100 1516 3159 silentio
1556 3101 2008 3174 =transmittere3
2062 3087 2092 3186 ’j‘

214 3227 408 3289 neque
462 3211 540 3271 ab
586 3212 702 3272 hoc
748 3214 1002 3274 consilio
1049 3213 1393 3287 discedam,
1451 3217 1570 3276 nisi
1614 3218 1749 3297 quis
1795 3215 2007 3276 admo-

217 3325 363 3386 dum
420 3326 799 3404 flagitaverit.
903 3328 1027 3389 Sed
1082 3333 1330 3410 saepius
1388 3339 1450 3389 et
1508 3331 1797 3392 libentius
1854 3333 2005 3392 viris
2058 3336 2067 3343 “
