2158 3848
203 187 328 247 632
731 197 969 243 numa
1012 196 1444 242 SECUNDUS.

201 353 384 411 μεναι
427 326 723 414 ἄγύρταις
763 327 869 390 καὶ
909 324 1369 412 μητραγύρταις
1410 328 1516 390 καὶ
1555 327 1800 413 γραίαις
1840 332 1970 410 βω-

200 425 484 510 μολόχοις
528 423 1135 509 συμπομπευόμεναι.
1512 427 1519 435 “

370 525 495 587 Sed
536 527 715 602 longe
757 525 1105 602 graviorem
1142 540 1465 585 censuram·
1493 543 1770 586 meruere
1799 543 1974 604 agyr—

203 636 302 685 tae
356 627 476 705 ipsi
534 625 756 683 horum
810 640 1124 682 sacrorum
1179 625 1499 683 antistites·
1547 624 1683 685 *Hi
1734 634 1976 685 nostro-

199 745 339 784 rum
379 723 702 799 Magorum
747 722 983 781 similes
1028 722 1422 800 omniumque
1466 724 1838 785 occultarum
1881 743 1977 791 ar-

201 826 358 882 tium
412 823 597 902 periti
634 821 790 880 aliis
846 839 996 903 opes
1052 830 1114 879 et
1169 819 1419 881 divitias
1437 822 1528 901 [¹¹¹]
1576 823 1715 905 aliis
1760 820 1976 886 divum

200 903 644 1000 hominumque
697 922 956 998 gratiam
1015 930 1077 978 et
1131 930 1262 978 tum
1309 921 1584 998 corporis
1617 909 1979 996 'sanitatem,

204 1032 336 1082 tum
419 1023 665 1083 veniam
731 1007 1123 1100 peccatorum
1193 1020 1584 1099 promittere,
1664 1009 1995 1103 postremo*

203 1121 435 1203 philtra
492 1131 553 1180 et
609 1121 966 1196 charitesia,
1024 1113 1243 1199 quibus
1297 1123 1454 1200 opus
1512 1131 1703 1194 esset,
1763 1140 2051 1202 parare,

203 1221 514 1294 solebant,
570 1221 883 1280 communi
938 1220 1188 1279 nomine
1230 1217 1484 1299 μάντεις
1524 1220 1983 1304 φαρμακομάν-

202 1348 357 1394 τεις,
416 1319 878 1402 ἰατρομάντεις,
946 1317 1301 1399 ἄπομάκται
1356 1328 1418 1378 et
1471 1321 1793 1402 καθαρταί
1834 1320 1983 1381 dicti
2072 1326 2076 1330 ’
2156 1369 2158 1381 1

208 1433 270 1482 et
293 1439 372 1481 ex
401 1421 596 1479 altero
623 1437 771 1478 sexu
800 1417 1272 1503 ἐγκυλικίστριαι
1292 1418 1388 1498 [¹¹]‚
1412 1418 1843 1503 περιμάκτριαι
1859 1422 1983 1501 [¹¹¹¹]‚

326 1562 396 1619 [¹¹¹]
444 1563 694 1618 Θησαυρῶν
744 1554 1021 1617 ἀναπομπάς
1070 1558 1299 1616 pollicetur
1347 1559 1676 1603 Pseudomantis
1723 1559 1983 1605 Lucianeun.

208 1622 371 1664 Contra
410 1621 534 1662 Plato
578 1619 719 1674 Legg.
762 1618 839 1660 XI.
871 1616 969 1660 913.
1000 1617 1052 1659 Β.
1093 1615 1329 1676 θησαυρὸν
1366 1615 1476 1676 μήθ’
1522 1616 1672 1677 εὑρεῖν
1709 1634 1818 1664 ποτε
1859 1624 1987 1671 θεοῖς

209 1679 449 1740 εὐξαίμην,
492 1674 600 1736 μήθ’
645 1674 791 1735 εὑρὼν
834 1672 1091 1733 κινήσαιμι,
1129 1675 1244 1734 μηδ’
1280 1668 1337 1718 αὖ
1365 1681 1457 1725 τοῖς
1485 1677 1746 1735 λεγομένοις
1772 1673 1984 1736 μάντε-

208 1752 304 1782 σιν
344 1733 728 1794 ἀνακοινώσαιμι,
771 1735 863 1777 scil.
904 1735 958 1777 de
986 1734 1209 1791 placandis
1240 1735 1471 1778 inferorum
1498 1736 1764 1790 numinibus,
1807 1751 1985 1793 quorum

208 1798 253 1839 in
285 1801 498 1853 potestate
529 1800 626 1837 sunt
665 1793 858 1835 thesauri
893 1793 938 1834 in
981 1798 1144 1836 terram
1182 1793 1354 1835 defossi.
1414 1794 1541 1850 Apud
1580 1794 1891 1837 Philostratum
1929 1796 1984 1837 V.

211 1855 350 1911 Apoll.
396 1854 470 1895 VI.
514 1852 584 1895 39.
627 1852 726 1894 275.
769 1852 881 1896 ἔθυέ
917 1867 982 1900 τις
1021 1848 1136 1909 ὑπὲρ
1177 1854 1413 1908 θησαυροῦ
1450 1855 1503 1911 τῇ
1542 1855 1632 1912 Γῇ,
1677 1858 1723 1896 et
1763 1854 1988 1897 arcessivit

213 1913 483 1969 Apollonium
513 1912 676 1967 ipsum,
722 1909 795 1965 qui
827 1906 1184 1968 προςευξάμενος
1212 1912 1264 1969 τῇ
1292 1907 1523 1967 Πανδώρᾳ
1562 1915 1767 1954 thesauro
1806 1912 1983 1970 potitur.

211 1971 539 2027 Inscriptionem
570 1968 861 2023 Ligorianaln,
892 1967 937 2009 in
967 1982 1053 2023 qua
1084 1968 1254 2009 Terrae
1284 1970 1339 2010 ob
1368 1974 1583 2024 repertum
1612 1969 1859 2013 thesaurum
1886 1983 1986 2026 gra-

210 2037 277 2073 tes
308 2033 518 2086 aguntur,
549 2027 693 2082 rejicit
724 2026 925 2068 Fabi-etti
956 2026 1010 2068 ad
1043 2026 1137 2068 Col.
1172 2027 1303 2082 Traj.
1334 2042 1376 2084 p.
1408 2026 1509 2070 236.

333 2118 394 2175 [¹¹]
427 2116 699 2171 Hesychius:
724 2114 1095 2175 Ἐγκυλικίστρια,
1128 2119 1484 2174 περιαγνίστρια.
1517 2115 1662 2160 Schol.
1693 2116 1828 2161 Arist.
1856 2119 1987 2176 Vesp.

212 2177 312 2220 288.
343 2177 674 2233 ἔγχυτρίστριαι
703 2175 750 2216 αἱ
785 2172 863 2222 τὰς
894 2172 1012 2230 χοὰς
1035 2179 1129 2226 τοῖς
1152 2170 1508 2227 τετελευτηκόσιν
1531 2174 1856 2233 ἐπιφέρουσαι·
1888 2178 1989 2222 ἕλε..

212 2249 300 2293 γον
339 2235 390 2278 δὲ
431 2236 508 2277 καὶ
549 2231 598 2276 τὸ
640 2228 814 2287 βλάψαι
845 2236 1193 2290 καταχυτρίσαι·
1225 2234 1561 2292 ἐγχυτριστρίας
1590 2233 1640 2277 δὲ
1670 2237 1886 2292 λέγεσθαι
1915 2237 1992 2279 καὶ

216 2292 319 2338 ὅσαι
357 2290 460 2341 τοὺς
499 2291 675 2348 ἐναγεῖς
714 2294 1014 2349 καθαίρουσιν
1050 2286 1164 2349 αἷμα
1194 2292 1359 2349 ἱερείου
1389 2291 1662 2348 ἔπιχέουσαι.
1693 2307 1804 2349 quae
1834 2293 1982 2336 eodem

216 2352 340 2395 modo
383 2352 429 2394 in
470 2350 614 2393 SchoL
655 2348 765 2391 Plat.
806 2364 848 2405 p.
887 2349 989 2393 212.
1021 2349 1191 2392 Ruhnk.
1231 2365 1273 2406 p.
1304 2347 1403 2392 336.
1434 2349 1572 2392 Bekk.
1603 2357 1647 2393 et
1677 2365 1745 2409 ap.
1777 2351 1898 2394 Suid.
1929 2353 1993 2395 le-

218 2416 402 2465 guntur3
433 2408 510 2450 sed
539 2407 682 2449 nescio
714 2421 767 2449 an
797 2421 874 2463 pro
904 2404 1078 2463 βλάψαι
1108 2407 1377 2451 scribendum
1408 2409 1464 2450 sit
1492 2404 1671 2465 θάψαι,
1714 2410 1828 2466 quod
1857 2411 1991 2454 facie-

218 2469 325 2510 bant
364 2466 466 2509 illae
507 2480 606 2508 ossa
645 2465 902 2510 cadaverum
942 2466 986 2507 in
1030 2466 1171 2508 ollis
1212 2467 1468 2518 condentes3
1511 2481 1688 2522 quarum
1717 2483 1838 2511 usum
1866 2469 1992 2512 docet

219 2525 464 2581 Stephanus
508 2538 541 2564 s.
576 2520 740 2578 ‘HQat‘oe
770 2548 825 2555 -—
856 2522 879 2566 ὀ
913 2520 1092 2573 ύξαντες
1119 2522 1292 2582 τάφους
1315 2521 1483 2583 χύτρας
1512 2517 1645 2583 εὗρον
1674 2529 1750 2570 καὶ
1780 2526 1904 2570 ὀστᾶ.
1948 2541 1991 2570 v.

220 2598 328 2640 quos
358 2582 579 2624 Gesnerus
620 2580 727 2621 citat
766 2580 811 2621 in
841 2579 882 2621 T
916 2595 975 2622 es.
1017 2597 1052 2625 s.
1085 2582 1199 2624 Olla.
1259 2584 1327 2624 Ab
1358 2582 1441 2624 alio
1473 2582 1584 2624 ollae
1612 2597 1692 2626 usu
1722 2584 1865 2627 dictae
1894 2590 1994 2627 sunt

221 2644 566 2699 ἔγχυτρίστριαι,
598 2651 706 2692 quas
735 2637 940 2690 Romani,
972 2640 1014 2681 ni
1044 2639 1195 2691 fallor,
1237 2639 1579 2695 simpuviatrices
1607 2642 1700 2683 sive
1729 2641 1993 2698 simpulatri-

223 2715 295 2742 ces
325 2699 549 2749 dicebant,
601 2696 684 2738 hoc
713 2700 803 2747 est,
856 2695 1128 2738 mulieres
1171 2697 1383 2756 divinis
1422 2698 1595 2739 rebus
1637 2699 1902 2753 deditae,
1942 2706 1994 2745 ut

222 2758 382 2801 Festus
423 2755 500 2798 ait.
568 2754 714 2808 Atque
754 2753 836 2794 hoc
874 2758 986 2795 testu
1003 2786 1015 2805 ,
1057 2769 1140 2810 quo
1181 2759 1229 2796 αἱ
1267 2770 1295 2796 α
1338 2756 1504 2814 ἱερείου
1546 2761 1676 2812 atque
1705 2756 1792 2800 alia
1821 2758 1993 2814 piacula

225 2815 579 2864 continebantur,
618 2810 863 2865 Hesychius
893 2811 1137 2866 significare
1165 2770 1360 2855 νίἆιὲῐιιτε
1403 2811 1629 2871 Φαρμακή
1643 2848 1655 2870 ‚
1685 2813 1713 2870 ἡ
1733 2812 1906 2877 χύτρα,
1937 2815 1995 2872 ἢν

224 2872 467 2932 ἡτοίμαζον
505 2874 599 2918 τοῖς
638 2873 910 2928 καθαίρουσι
937 2868 1015 2919 τὰς
1043 2866 1218 2925 πόλεις,
1260 2876 1304 2913 et
1333 2877 1560 2926 cognatum
1591 2873 1690 2916 huic
1718 2889 1877 2930 genus,
1909 2891 1995 2932 qun

228 2932 472 2975 suffimenta
511 2929 776 2980 efferebant,
807 2927 950 2970 Schol.
981 2929 1135 2970 Aesch.
1166 2929 1357 2986 Choeph.
1388 2930 1457 2971 96.
1483 2929 1713 2986 Ἀθηναῖοι
1742 2938 1995 2994 καθαίρον-

227 3005 299 3039 τες
327 2993 473 3034 οἰκίαν
502 2986 750 3044 ὀστρακίνῳ
780 2990 1058 3046 θυιιιατηρίῳ
1089 2988 1302 3044 ῥίψαντες
1330 2989 1380 3031 ἓν
1407 2991 1503 3038 ταῖς
1530 2987 1722 3050 τριόδοις
1749 2990 1798 3036 τὸ
1825 2988 1991 3052 ὄστρα-

230 3062 315 3094 κον
343 3047 675 3106 ἀμεταστρεπτὶ
706 3025 982 3104 ἀνεχώρουν.
1959 3063 1965 3066 -

350 3135 448 3192 [nn]
480 3134 645 3177 Harum
674 3146 825 3176 munus
853 3132 1059 3178 describit
1089 3134 1325 3178 Menander
1352 3136 1396 3179 in
1427 3137 1658 3181 Disidaem.
1688 3155 1729 3198 p.
1759 3124 1830 3184 42.

483 3201 870 3264 Περιμαξάτωσάν
895 3203 933 3249 1?
967 3209 1015 3250 αἱ
1043 3212 1252 3264 γυναῖκες
1280 3209 1330 3252 ἐν
1359 3206 1503 3266 κύκλῳ

486 3266 563 3306 καὶ
592 3260 1040 3323 περιθειωσάτωσαν·
1073 3264 1163 3308 ἀπὸ
1196 3270 1399 3324 κρουνῶν
1426 3271 1561 3326 τριῶν

487 3319 615 3365 ὕδατι
646 3324 913 3383 περίῤῥαναι
941 3321 1091 3379 βαλὼν
1122 3321 1250 3381 ἅλας,
1287 3323 1472 3384 φακούς.
