2158 3848
723 228 1294 273 EtnuslNIA.
1777 216 1897 278 149

7 425 9 435 A
126 363 220 422 ll.
266 362 405 422 275.
450 358 587 420 Cor.
631 362 743 423 τὸν
783 359 1066 424 θανόντα
1092 360 1431 442 χαίροντας
1459 362 1890 441 εὐφημοῦντας

0 434 10 548 n
119 464 468 542 exmffmzsm,
503 456 1594 543 't592'15'79siahz'orog-Jtpoevetinyxdva,
1639 460 1672 520 ὅ
1716 465 1889 530 θεῖος

0 549 10 647 f}
116 562 218 623 καὶ
275 560 434 641 ἱερὸς
486 566 824 644 παρεγγυᾷ·
862 558 1075 645 λόγος,··
1099 586 1104 593 ’
1129 558 1612 639 disputationem
1669 556 1748 616 de
1791 578 1887 618 sa-

6 687 7 690 *
108 662 346 743 pientia
387 657 489 716 dei
531 659 634 717 sic
660 666 845 719 vocat
888 659 1284 721 Galenusde
1324 657 1428 718 Us.
1465 658 1625 718 Part.
1647 657 1754 717 ΙΙΙ.
1789 656 1883 716 10.

111 761 251 821 361.
294 758 372 818 de
414 758 618 816 afflatu
662 757 877 819 divino
921 757 1185 819 Aristid.
1221 756 1668 838 (1οῬ313Ρ11111.
1714 755 1782 814 T.
1808 757 1883 814 ΙΙ.

109 861 248 920 392.
289 858 371 917 'de
412 857 812 934 religionibus
862 859 1144 918 Phi-lostr.
1185 858 1258 916 V.
1312 858 1432 939 Ap.
1477 858 1550 916 V.
1593 856 1696 917 43.
1738 855 1882 916 248.

105 958 419 1019 Jamblich.
462 956 535 1016 V.
570 957 636 1015 P.
660 957 760 1018 32.
785 956 950 1018 215.
983 958 1109 1018 Sed
1151 958 1882 1037 praecipuelsecretiores

102 1078 411 1120 sacrorum
475 1076 688 1118 causas
755 1060 842 1118 sic
911 1059 1266 1140 appellatas*
1324 1075 1488 1128 esse,
1576 1056 1882 1119 Lucianus

101 1161 424 1237 significat,
482 1157 560 1217 de
605 1158 722 1217 dea
766 1159 949 1235 Syria
990 1159 1186 1218 multa
1229 1156 1352 1217 dici
1393 1173 1678 1216 narrans:
1732 1163 1884 1218 πολ-ι

99 1262 192 1323 λοὶ
247 1258 435 1346 λόγοι
474 1261 788 1345 ἐλέγοντο,
846 1261 905 1321 οἱ
958 1258 1077 1342 μὲν
1120 1258 1277 1341 ἱροὶ,
1335 1260 1394 1320 οἱ
1446 1254 1517 1319 δὲ
1561 1256 1878 1339 ἐμφανέες,

98 1363 157 1424 οἱ
224 1360 292 1422 δὲ
360 1359 560 1444 κάρτα
624 1357 953 1443 μυθώδεες
1021 1379 1079 1420 c..
1135 1357 1244 1417 XI.
1302 1357 1403 1417 93.
1505 1356 1587 1415 Et
1641 1355 1888 1414 Plutar-

95 1460 240 1520 chus
260 1504 276 1533 ‚
339 1479 444 1520 cur
487 1461 836 1544 sacerdotes
879 1458 1330 1541 Aegyptiorum
1374 1456 1647 1538 piscibus
1691 1455 1878 1515 absti-

93 1570 308 1633 noant,
354 1560 663 1685 duplicem
707 1561 798 1620 ab
831 1561 928 1621 his
975 1559 1163 1646 λόγον
1206 1560 1411 1621 afferri
1455 1560 1560 1629 ait,
1605 1557 1718 1619 τὸν
1760 1555 1877 1636 μὲν

91 1662 261 1743 ἱερὸν
284 1662 390 1740 καὶ
410 1662 719 1743 περιττὸν,
751 1659 1110 1742 συνᾴδοντα
1134 1668 1263 1731 τοῖς
1285 1659 1424 1742 περὶ
1440 1647 1748 1739 Οσίριὸος
1772 1656 1877 1717 καὶ

98 1767 399 1842 Τυφῶνος
442 1762 1024 1843 φιλοσοφουμένοις,
1062 1762 1175 1824 τὸν
1218 1760 1287 1823 δὲ
1311 1764 1557 1842 ἐμφανῆ
1592 1756 1697 1819 καὶ
1721 1754 1873 1837 πρό-

83 1885 296 1942 χειρον
350 1859 428 1920 de
482 1862 559 1920 Is.
617 1859 749 1918 VII.
784 1879 866 1939 p.
924 1858 1096 1920 109.
1166 1859 1552 1937 Quamquam
1595 1854 1874 1915 triviales

88 1978 330 2042 quoque
383 1959 636 2025 fabulae
674 1960 1151 2027 machinatione
1191 1959 1411 2037 aliqua
1442 1955 1523 2015 ad
1564 1955 1736 2013 illam
1780 1973 1876 2012 re-

87 2058 386 2122 conditae
408 2061 774 2143 saplennae‘
795 2061 1067 2139 speciem
1112 2056 1353 2116 traduci
1395 2064 1716 2135 poterant,
1758 2055 1873 2113 sic-

84 2167 153 2217 ut
195 2137 552 2247 Nicephori
565 2157 903 2226 31111013ᾱο
964 2156 1235 2217 ostendit
1288 2155 1371 2216 ad
1416 2155 1565 2232 Syn.
1610 2154 1753 2213 390.
1796 2153 1870 2213 A.

86 2284 239 2340 ιεροι
280 2258 485 2344 λόγδζίς
473 2248 927 2326 οἱέὸοκοῦντες
968 2256 1086 2338 μὲν
1126 2256 1410 2342 μυθικοὶ,
1455 2257 1629 2323 ὄντες
1653 2254 1722 2317 δὲ
1747 2260 1899 2336 μυ-’

88 2359 284 2421 στικοὶ
315 2359 450 2421 καὶ
491 2355 814 2441 θειότεροι
860 2359 919 2419 οἱ
960 2355 1078 2438 μὲν
1120 2356 1244 2441 γὰρ
1286 2359 1489 2438 ιιῦθοι
1532 2357 1871 2438 Εὐρυσθέα

83 2459 341 2522 δοκοῦσι’
394 2457 659 2542 φάσκειν
712 2456 1090 2520 ἐπιτάττειν
1107 2465 1198 2517 τῶ
1237 2457 1541 2578 Ἡρακλεῖ,
1572 2480 1688 2516 και
1742 2458 1870 2515 ἔπι-

85 2561 295 2642 φέρειν
328 2560 458 2629 τὰς
481 2555 772 2627 τοιαύτας
813 2557 1038 2638 πείρας
1058 2555 1203 2619 καὶ
1217 2553 1510 2640 αναγκας
1543 2557 1618 2616 οἱ·
1654 2553 1723 2616 δὲ
1746 2580 1869 2635 μυ-

86 2661 282 2724 στικοὶ
336 2657 506 2783 λόγιοι
564 2660 969 2745 ἅναγωγικῶς
1026 2653 1528 2725 αναπτύσσοντες
1570 2679 1649 2717 τα
1694 2653 1866 2739 λεγό-

82 2783 242 2842 μενοι
296 2762 387 2843 ἐφ’
433 2761 656 2843 ἕτερον
686 2760 946 2842 φερουσι
986 2764 1162 2820 νοῦν.
1250 2755 1338 2814 Hi
1393 2765 1600 2834 autem
1641 2775 1866 2837 μυστι-

84 2859 180 2921 κοὶ
220 2848 390 2945 λόγοι
430 2857 835 2921 versabantur
875 2860 942 2917 in
975 2857 1327 2917 fabularum
1360 2856 1867 2936 interpretatione

86 2957 188 3019 vel
233 2954 457 3020 morali
502 2959 611 3021 vel
643 2958 943 3041 naturali,
987 2977 1174 3038 quam
1226 2937 1544 3017 fabulosae
1566 2956 1863 3017 narratio-

85 3058 150 3115 ni
206 3061 462 3138 opponit
507 3058 761 3126 Servius
806 3057 886 3118 ad
928 3054 1082 3126 Αο11.
1128 3057 1231 3116 VI.
1277 3054 1419 3116 295.
1476 3055 1859 3115 Acherun—

5 3171 9 3206 τ
87 3165 162 3215 ta
217 3158 424 3217 vult
443 3160 666 3239 quasi
718 3155 808 3216 de
861 3161 1017 3220 imo
1065 3143 1279 3218 nasci
1323 3140 1685 3231 Tartar03
1739 3156 1859 3214 hu-

77 3258 207 3334 jus
277 3261 674 3319 aestuaria
739 3256 1052 3338 Stygem
1121 3276 1412 3330 creare,
1480 3248 1566 3316 de
1629 3257 1860 3333 Styge

86 3366 341 3415 autem
410 3360 617 3419 nasci
690 3356 1070 3436 Cocytum.
1159 3359 1254 3417 Et
1307 3357 1491 3418 haec
1549 3367 1662 3417 est
1717 3375 1855 3434 my-

0 1006 9 1079 -nm-
0 940 9 1000 .xz
0 894 8 919 -τ
6 877 8 881 .
