2158 3848
178 199 300 262 596
702 209 936 254 huma
981 209 1410 254 SECUNDUS.

431 349 572 398 Sicut
602 348 765 396 variae
803 346 1140 409 nascentibus,
1179 349 1362 411 inquit,

323 437 608 500 contingunt
639 435 796 495 pueris
834 436 1047 493 animae,
1085 436 1154 480 sic
1190 434 1386 481 urbibus
1424 431 1580 479 adfert

325 520 444 585 hora
479 521 861 586 diesquesnum,
901 534 1045 580 quum
1081 519 1284 577 primum
1318 519 1509 566 moenia
1543 524 1764 581 surgunt,

325 613 408 652 aut
443 589 716 650 fatumaut
753 603 974 666 genium,
1001 606 1148 663 cnjus
1187 603 1509 651 moderamine
1546 609 1769 666 regnent.

187 712 246 760 et
292 687 554 773 Quintus
600 682 817 758 Parall.
862 698 969 758 XI.
1011 681 1157 757 ⁴275.

526 810 601 864 Οὐ
636 808 733 882 γάρ
771 831 818 862 τι
853 811 1220 881 μετατρέπεται
1259 808 1377 881 νόος
1410 808 1568 871 αῗνός

327 899 503 965 αἴσης,
526 896 716 949 ὅντινα
754 901 955 967 πρῶτον
992 917 1053 947 επ
1104 893 1320 966 ἀνδράσι
1356 894 1749 964 γεινομένοισιν,
1768 889 1772 891 ’

325 981 623 1052 ἀνδράσιν
606 1005 638 1050 η
664 981 934 1034 πολίεσσιν
972 978 1309 1048 ἐπικλώσηται
1350 1012 1413 1019 -—

184 1086 456 1145 italicam
503 1085 1002 1163 superstitionem
1049 1094 1359 1163 sequutuS,
1407 1083 1578 1160 cujus
1601 1074 1772 1140 nulla
1802 1078 1968 1160 apud

190 1196 425 1246 veteres
471 1182 737 1243 Graecos
781 1184 1045 1260 vestigia
1087 1184 1477 1261 reperiuntur
1523 1180 1595 1240 cf.
1639 1176 1968 1240 Burmann.

189 1286 269 1345 ad
312 1285 499 1345 Rutil.
561 1304 621 1363 p.
680 1283 823 1342 233.
883 1282 952 1340 Τ.
1009 1283 1085 1341 ΙΙ.
1145 1283 1230 1342 Ηί
1277 1283 1440 1340 enim
1483 1300 1681 1360 neque
1725 1281 1968 1360 publice

189 1385 354 1445 urbis
399 1384 501 1444 vel
544 1384 826 1462 imperii,
872 1401 983 1440 nec
1026 1384 1325 1462 privatim
1369 1382 1671 1452 muneriS,
1715 1380 1969 1451 redituS,

190 1475 543 1564 adoptionis
583 1482 872 1554 natalem,
919 1491 989 1540 ut
1017 1482 1279 1540 Romani
1294 1481 1365 1559 [ἢ]
1413 1479 1822 1554 celebrabant,
1866 1469 1971 1537 ne-

189 1606 305 1666 que
349 1569 566 1659 etiam,
621 1591 691 1640 ut
733 1582 948 1641 Italiae
995 1583 1277 1642 civitates
1309 1577 1415 1662 [b],
1448 1599 1654 1639 annos
1699 1580 1776 1639 ab
1820 1578 1972 1638 urbe

184 1685 437 1749 condita
491 1682 930 1755 numerabant,
989 1683 1350 1741 Geniorum'
1388 1688 1596 1740 autem
1638 1679 1971 1758 religionis,

191 1786 361 1862 cujus
421 1801 606 1842 causa
659 1783 768 1841 illa
823 1782 1124 1841 solemnia
1176 1781 1425 1840 urbium
1464 1779 1756 1840 natalicia
1797 1779 1972 1839 insti-

192 1894 326 1944 tuta
369 1892 538 1955 sunt,
564 1900 837 1960 vprorsus
885 1891 1164 1962 expertes
1192 1891 1413 1955 erant,
1457 1891 1786 1960 antequam
1822 1874 1971 1938 'cum'

190 1983 482 2042 Romanis
528 1982 890 2041 commercia
933 1976 1122 2061 pacis>
1145 1971 1411 2060 bellique
1435 1968 1766 2042 iniverunt.¹
1810 1976 1974 2038 Exin

193 2102 342 2147 vero
386 2082 675 2142 novimus
722 2081 886 2140 diem
930 2080 1100 2139 urbis
1129 2078 1518 2162 Constantini
1560 2081 1831 2139 natalem
1869 2079 1972 2156 (τὰ

192 2184 483 2268 γενέθλια
524 2191 630 2259 τῆς
674 2180 906 2251 πόλεως
948 2181 1164 2239 Zonar.
1209 2181 1278 2239 L.
1322 2180 1488 2239 XIII.
1534 2179 1619 2260 6.)
1656 2174 1806 2239 item
1845 2177 1973 2239 An-

192 2282 483 2354 tiochiae,
553 2278 847 2343 Coloniae
901 2275 1306 2365 Brundisinae
1364 2290 1548 2361 atque
1601 2272 1799 2360 ipsius
1855 2279 1975 2338 Ro-

192 2401 365 2454 mae,
422 2380 532 2440 sed
586 2382 814 2441 nullius
872 2381 1043 2441 urbis
1089 2400 1126 2440 a
1172 2378 1422 2441 Graecis
1467 2378 1767 2440 conditae.
1832 2378 1972 2465 'Ne-

195 2498 311 2562 que
354 2481 517 2537 enim
562 2483 862 2564 temporis
905 2491 1117 2540 notam
1163 2481 1337 2540 affert
1359 2480 1611 2554 ‘Suidas,
1657 2499 1769 2560 cuj!
1799 2498 1827 2539 s
1856 2479 1974 2539 hoc

190 2580 614 2648 ‚testimonium
661 2589 779 2638 est:
817 2579 1230 2663 Ἀστυὸρόμια
1273 2582 1444 2664 παρὰ
1486 2480 1794 2667 Alsium)
1811 2582 1971 2642 οἷον·

195 2680 248 2741 εὶ
300 2688 407 2765 τῆς
462 2676 690 2748 πόλεως
729 2680 1032 2764 γενέθλια
1085 2679 1189 2740 καὶ
1251 2678 1581 2743 Θεοδαίσια
1625 2677 1832 2762 ἑορτή,
1903 2681 1970 2742 ἐν

205 2774 234 2800 ’δ’

190 2805 233 2862 ,ῃ
280 2774 513 2861 (ἐτίμων
568 2775 881 2843 Διόνυσόν
934 2780 1039 2841 καὶ
1081 2777 1354 2862 Νύμφας
1380 2779 1482 2860 [0],
1537 2778 1701 2859 quod
1743 2775 1971 2838 nomen

315 2947 379 3003 [8]
411 2962 453 2990 v.
483 2947 775 3003 Lindenbrog.
819 2947 874 2990 ad
906 2947 1083 2990 Censor.
1116 2964 1150 2990 c.
1182 2949 1242 2990 II.
1273 2949 1417 2992 Vales.
1451 2949 1506 2991 ad
1536 2949 1693 2991 Zosim.
1722 2948 1796 2991 IV.
1827 2949 1871 2991 2.
1917 2949 1968 2992 P..

196 3004 334 3048 Fabri
364 3005 565 3052 Semestr.
596 3007 645 3053 L.
674 3006 712 3050 I.
743 3021 786 3063 p.
815 3006 886 3049 46.

312 3089 369 3147 [b]
404 3106 445 3133 v.
474 3092 620 3134 Noris.
652 3093 706 3135 de
735 3093 900 3151 Epoch.
933 3094 1209 3148 Syromaced.
1240 3109 1282 3151 p.
1312 3092 1411 3136 559

315 3176 376 3232 [⁰]
410 3177 476 3220 De
507 3179 588 3222 hoc
618 3180 724 3223 nihil
755 3195 831 3222 nos
861 3180 1015 3222 docent
1045 3181 1220 3252 Thrigii
1251 3181 1504 3251 Cyrenaica.
1535 3180 1744 3237 Hesychii
1773 3181 1964 3236 glossas:

194 3230 380 3291 ἹΙρόχια
408 3235 463 3285 τὰ
499 3238 741 3281 Θεοδαίσια
770 3244 817 3282 et
849 3239 1111 3288 Θεοδαίσιος
1141 3237 1163 3283 ὃ
1196 3237 1437 3296 Διόνυσος,
1468 3240 1711 3282 Larcherns
1742 3239 1864 3284 Sur
1879 3238 1964 3280 les

198 3293 350 3334 fetes
380 3293 414 3337 J.
447 3309 488 3351 p.
519 3295 617 3337 275.
648 3297 704 3338 Τ.
735 3295 805 3339 48.
837 3311 929 3339 cum
959 3297 1236 3354 inscriptione
1264 3298 1614 3356 Hierapytnensi‚
1646 3298 1691 3341 in
1722 3311 1805 3354 qua
1821 3296 1963 3339 Hero-

196 3350 292 3398 cbia
322 3361 620 3407 memorantur,
652 3360 753 3411 apte
783 3355 1008 3413 componit.
