2158 3848
223 236 347 296 716
747 247 983 293 numu
1026 241 1455 294 SECUNDUS.

221 381 335 439 hoc
377 377 547 438 fonte
588 378 766 439 illum
810 382 1052 460 quoque
1094 379 1493 452 versiculum,
1556 397 1735 459 quem
1779 376 1999 455 Lydus

221 479 470 560 Orpheo
511 479 822 554 attribuit,
867 478 1213 540 derivatum
1257 479 1604 555 credamus3
1646 479 1743 538 his
1788 487 1993 537 autem

224 581 493 658 vestigiis
549 578 914 638 reducemur
958 577 1035 636 ad
1079 577 1351 638 ‘Fabricii
1393 581 1762 640 sententiam
1807 579 1993 659 paulo

218 680 360 741 ante
412 679 745 758 abjectam,
804 695 1049 737 carmen
1091 695 1130 736 a
1171 671 1537 756 Pythagora<
1563 679 1810 760 Orpheo
1855 678 1997 737 sub-

209 783 443 859 jeetum
510 796 736 838 nomen
791 777 1079 836 habuisse
1125 778 1313 860 Ἱερὸν
1366 776 1568 864 λόγον.
1671 779 1775 839 Sic
1831 780 1997 838 enim

216 881 508 940 facillime
548 897 675 938 non
718 876 907 937 modo
952 896 1058 937 cur
1082 876 1298 954 Lydus
1340 878 1800 957 huicassignet,
1843 896 1998 959 quae

210 980 616 1059 ¹Pythagoreis
671 977 1057 1057 simplicius,
1115 979 1436 1058 explicari,
1481 977 1591 1038 sed
1634 979 2001 1039 etiam‘sen-

217 1080 443 1155 tentiis,
488 1098 645 1160 quae
689 1077 922 1158 Orphei
964 1095 1210 1151 nomen,
1254 1079 1635 1155 Pythagorae
1661 1077 2003 1138 doctrinam

215 1199 366 1263 prae
409 1199 476 1240 se
519 1180 741 1251 ferunt,
786 1196 934 1237 suus
978 1187 1040 1236 et
1083 1180 1372 1257 proprius
1416 1188 1629 1239 auctor
1668 1176 2003 1258 praescribi

217 1291 438 1362 potest.
510 1278 723 1355 Lydus
787 1278 859 1335 V.
914 1279 973 1336 7.
1035 1279 1298 1360 Ὀρφεὺς
1362 1280 1489 1342 τὸν·
1541 1281 1650 1341 ἕνα
1719 1278 2002 1359 ἀριθμὸν

211 1381 450 1465 Ἀγυιέα
494 1385 684 1450 καλεῖ,
729 1376 892 1455 quod
939 1375 1015 1434 ad
1065 1380 1361 1436 amussim
1409 1379 1695 1455 congruit*
1721 1396 1856 1436 cum
1885 1377 2001 1453 Py-

218 1481 650 1557 thagoreorum
695 1477 968 1557 placitiS‚
1027 1476 1356 1536 monadem
1400 1477 1709 1555 Apollinis
1753 1479 2002 1535 nomine

219 1581 587 1638 ornantium.
701 1576 939 1636 Eadem
998 1575 1277 1636 doctrina
1330 1578 1550 1636 recinit
1608 1597 1682 1636 ex
1735 1576 1845 1636 IX.
1900 1576 2000 1636 26.

225 1680 490 1764 Ὀρφεὺς

349 1804 613 1875 Ἑβδόμη,
653 1805 716 1874 ἣν
755 1805 992 1876 ἐφίλησεν
1029 1803 1159 1868 ἄναξ
1196 1803 1430 1876 ἑκάεργος
1454 1802 1732 1858 Ἀπόλλων.

217 1941 583 2003 quanquam·
620 1913 790 1980 hunc
836 1939 1084 1982 versum
1131 1921 1481 1981 credibilius
1528 1931 1620 1981 est
1664 1939 1740 1980 ex
1785 1911 2000 1979 Calen-

218 2023 395 2083 dario
456 2022 725 2101 Orphico
784 2032 1055 2081 sumtum
1111 2040 1261 2080 esse.
1361 2020 1486 2080 Sed
1529 2020 1609 2080 ad
1655 2019 1777 2079 duo
1822 2038 2001 2099 supe-

214 2125 383 2182 riora
439 2121 811 2197 Theologiae
879 2122 1300 2181 arithmeticae
1367 2122 1704 2201 specimina
1769 2119 2002 2180 accedit

219 2224 470 2281 tertium
516 2221 586 2280 V.
614 2223 672 2280 7.
720 2221 1027 2292 Φιλόλαος
1071 2220 1305 2284 δεκάδα
1350 2222 1546 2301 αὐτὴν
1589 2219 2001 2307 προςηγόρευ-

221 2344 328 2387 σεν
372 2323 456 2393 (ὃς
499 2323 783 2402 δεκτικὴν
825 2330 940 2385 τοῦ
985 2323 1240 2405 ἀπείρου
1252 2369 1273 2396 ,
1312 2322 1576 2405 Ὀρφεὺς
1620 2321 1689 2384 δὲ
1733 2314 2000 2384 κλαδοῦ-

215 2448 355 2501 χον,
402 2428 462 2493 ἐξ
504 2420 574 2502 ἧς
619 2423 764 2485 ὠσεὶ
807 2421 1026 2486 κλάδοι
1064 2421 1226 2492 τινὲς
1262 2421 1487 2492 πάντες
1512 2423 1778 2505 ἀριθμοὶ
1803 2421 2002 2505 φύον-

219 2547 338 2583 ται.
412 2541 567 2601 quae
638 2523 854 2582 eadem
909 2524 1190 2601 leguntur
1242 2522 1412 2601 apud
1468 2520 1722 2582 Cedren.
1785 2519 1996 2601 Comp.

222 2621 291 2681 Τ.
346 2623 392 2680 Ι.
449 2642 508 2701 p.
570 2621 706 2681 169.
764 2622 831 2680 Β.
889 2634 950 2680 et
1003 2623 1210 2699 Etym.
1266 2622 1351 2680 M.
1407 2641 1453 2681 s·
1511 2620 1709 2691 Δεκάς
1750 2641 1812 2701 p.
1857 2621 1999 2682 253.

223 2720 525 2796 Quartum
570 2731 663 2780 est
704 2723 772 2780 in
816 2720 1142 2799 Theologg.
1186 2720 1447 2781 Arithm.
1471 2720 1580 2780 IX.
1607 2718 1662 2800 ξ.
1691 2718 1791 2780 59.
1833 2729 1999 2785 Κου-

223 2822 444 2906 ρήτιδα
488 2821 660 2892 ἰδίως
702 2823 807 2884 καὶ
842 2824 1106 2904 Ὀρφεὺς
1148 2822 1253 2884 καὶ
1296 2819 1692 2906 Πυθαγόρας
1734 2822 1849 2900 τὴν
1900 2826 1999 2885 ἒν-

222 2921 419 2986 νεάδα
462 2921 722 2986 ἐκάλουν
768 2922 852 2994 ὥς
894 2919 1234 3003 Κουρήτων
1252 2917 1324 3002 [b]
1372 2921 1546 3004 ἱερὰν
1590 2919 1997 3005 ὑπάρχουσαν

344 3104 409 3162 [b]
441 3105 518 3148 Sic
548 3105 809 3149 correximus
839 3104 1038 3148 vitiosum
1067 3108 1255 3164 Κυρῖτιν
1287 3119 1362 3147 seu
1391 3101 1674 3162 Κουρήτιδα,
1707 3106 1820 3161 quod
1849 3106 1998 3149 Aetius
2055 3128 2057 3131 .

226 3169 373 3208 tuetur
410 3164 634 3207 Animadv.
674 3179 715 3221 p.
761 3165 856 3208 198.
900 3171 988 3207 tres
1028 3168 1169 3207 terras
1219 3178 1245 3206 a
1287 3164 1520 3206 Curetibus
1560 3163 1781 3207 habitatas
1824 3165 1998 3209 Cretam

227 3223 449 3266 Euboeam
480 3229 524 3265 et
554 3223 792 3278 Aetoliam,
833 3222 1036 3266 communi
1066 3223 1231 3266 nomine
1275 3218 1532 3279 Κουρήτιδα
1576 3223 1785 3279 appellari
1824 3230 1996 3281 putans,

224 3282 339 3338 quod
378 3295 456 3323 nec
499 3282 698 3324 traditum
741 3297 919 3339 usquam
950 3295 1027 3324 nec
1058 3282 1284 3325 verisimile
1315 3287 1404 3332 θεῖς
1447 3281 1632 3323 Curetes
1661 3282 1857 3326 Aetoliae
1887 3296 1994 3324 nun-

227 3355 351 3396 quam
402 3340 555 3383 divinis
605 3342 768 3384 naturis
820 3339 1109 3393 adnumerati,
1172 3355 1249 3384 nec
1301 3350 1393 3384 cum
1447 3340 1724 3384 Cretensibus
1773 3341 1994 3398 compositi

228 3404 337 3443 sunt.
