2158 3848
204 200 332 263 454
739 212 975 256 Lmen
1019 210 1450 255 sucuNous.

205 370 333 409 των
388 344 874 429 πρεσβυγένειαν
930 340 1285 419 ἀνατίθησι.
1387 338 1588 399 Nam*
1613 335 1781 418 quod
1840 335 1980 395 Plu-

206 444 450 506 tarchus
500 442 732 523 Orphei
799 447 1144 501 sermonem
1190 442 1198 485 Ι
1210 456 1453 497 sacrum
1510 456 1635 499 ovo·
1701 437 1980 496 omnium

207 563 416 604 rerum
459 542 945 626 πρεσβυγένειαν
987 537 1480 610 assererefdicit,
1541 537 1815 617 profecto
1859 551 1988 593 non

209 652 333 716 est,
381 660 502 723 quo
546 640 761 698 referri
804 639 1021 718 possit,
1064 637 1184 694 nisi
1228 636 1310 695 ad
1351 637 1505 697 illud
1550 635 1986 717 primigenium

209 761 397 805 ovum
453 740 741 798 Phanetis
810 738 1204 814 omniumque
1261 735 1514 795 deorum
1582 733 1987 815 conceptabu÷

206 843 366 914 lum,
439 838 516 898 de
562 857 683 918 quo
740 838 937 896 multa
993 843 1316 893 narrantur
1367 836 1433 893 in
1477 835 1829 913 Theogonia
1873 833 1987 892 Or-

206 941 407 1020 phica.
494 940 592 998 Ex
632 939 749 998 hoc
791 938 975 1014 igitur
1019 935 1304 1007 carmine,
1349 936 1447 993 cui
1491 953 1816 993 commune
1858 942 1989 992 erat

209 1059 435 1099 nomen
473 1039 645 1122 Ἱεροὶ
686 1035 888 1122 λόγοι,
947 1035 1324 1094 Testamenti
1369 1033 1688 1094 exordium
1733 1032 1990 1093 transla-

214 1150 344 1199 tum
400 1158 535 1198 esse
588 1137 978 1213 intelligitur3
1042 1154 1239 1214 neque
1295 1134 1544 1194 aliunde
1594 1132 1991 1193 Aristobulus

210 1258 317 1298 seu
376 1257 496 1319 quo
550 1238 674 1296 alio
729 1237 980 1295 nomine
1032 1234 1350 1293 falsarium
1403 1236 1580 1293 illum
1626 1252 1848 1295 vocare
1884 1233 1989 1310 jus

207 1338 422 1417 fasque
467 1348 590 1409 est,
647 1334 981 1394 secundum
1021 1344 1082 1394 et
1126 1336 1372 1393 tertium
1418 1352 1683 1394 versum.
1737 1333 1875 1407 ¹Est>
1917 1332 1985 1394 δ’

210 1441 396 1500 ἄκουε
441 1433 798 1519 φαεςφόρου
846 1436 1057 1518 ἔγγονε
1097 1431 1324 1511 Μήνης
1347 1435 1649 1496 Μουσαῖ“
1695 1468 1780 1478 —
1824 1450 1986 1491 sum-

208 1538 360 1596 sisse
404 1535 667 1597 videtur.
754 1533 928 1591 Plato
976 1531 1254 1610 quidem,
1301 1548 1480 1611 quem
1526 1533 1834 1611 poematis
1877 1532 1990 1590 hu-

201 1638 305 1714 jus
349 1637 596 1694 initium
642 1634 1015 1713 expressisse
1046 1631 1447 1705 ostendimUS,
1491 1631 1817 1691 Musaeum
1851 1651 1992 1692 ver—

209 1736 302 1795 bis
347 1753 543 1815 prope
569 1733 853 1813 Orphicis
880 1730 1155 1811 Σελήνης
1199 1734 1459 1817 ἔγγονον
1503 1742 1686 1793 vocat
1726 1731 1877 1811 Rep.
1912 1731 1992 1790 Π.

210 1835 352 1894 364.
398 1835 469 1893 Ε.
527 1844 589 1892 et
639 1832 927 1892 Hermias
989 1834 1054 1890 in
1111 1832 1366 1890 Phaedr.
1420 1851 1479 1910 p.
1531 1829 1669 1894 105.
1758 1831 1990 1910 Orphei

211 1934 522 2013 quoddam
551 1952 792 1993 carmen
821 1931 1036 1990 laudat
1059 1932 1314 1991 Musaeo
1339 1933 1703 2011 inscriptum
1729 1931 1825 1990 his
1851 1951 1990 1992 ver-

209 2034 334 2093 bis:
398 2030 920 2096 Τελεστικιότατον
966 2033 1160 2095 αὐτὸν
1206 2029 1577 2111 (Orpheum)
1620 2032 1724 2093 καὶ
1765 2056 1989 2114 μαντι-

208 2132 490 2197 κώτατον
533 2130 1022 2215 παρειλήφαμεν,
1070 2135 1156 2193 ἔτι
1183 2131 1250 2194 δὲ
1277 2128 1790 2210 ποιητικώτατον·
1837 2135 1989 2211 ἐρω-

208 2231 544 2302 τικώτατός
587 2258 652 2294 τε
698 2237 865 2295 ἐστιν
910 2232 993 2301 ὥς
1039 2233 1227 2302 αὐτὸς
1270 2229 1464 2317 λέγων
1508 2230 1794 2313 φαίνεται
1836 2231 1989 2313 πρὸς

144 2394 148 2406 ,
208 2335 322 2397 τὸν
363 2339 704 2396 Μουσαῖον
747 2332 852 2394 καὶ
894 2331 1236 2413 προτείνων
1291 2333 1464 2413 αὐτῷ
1518 2332 1598 2393 τοὶ
1641 2335 1788 2393 θεῖοι
1833 2333 1989 2416 ἄγα-

210 2431 304 2495 θοί
322 2434 413 2512 [¹].
462 2451 644 2511 quam
687 2433 1196 2511 promissionem,
1240 2431 1553 2511 pluribus,
1609 2439 1796 2511 puto,
1853 2450 1990 2492 ver-

209 2531 304 2590 bis
363 2541 423 2589 et
488 2531 890 2610 amplioribus
948 2530 1422 2589 circumductam
1469 2531 1988 2589 Testamentarius

210 2641 437 2704 noster,
478 2632 746 2702 resectis»,
789 2649 943 2709 quae
988 2631 1251 2688 colorem
1295 2641 1672 2708 respuerent,
1717 2629 1799 2688 ad
1833 2630 1988 2690 hanc
2062 2630 2065 2633 ⁴

211 2730 579 2791 brevitatem
622 2729 873 2807 redegit.
959 2731 1031 2788 In
1092 2729 1484 2808 sequentibus
1530 2727 1755 2789 Justini
1798 2730 1988 2790 versi·

211 2830 325 2890 bus
370 2831 523 2890 nihil
564 2832 900 2911 reperitur,
957 2827 1120 2908 quod
1164 2848 1288 2888 non
1333 2829 1409 2888 ab
1455 2829 1695 2889 erudito
1739 2830 1989 2890 homine

213 2931 538 3008 cujuslibet
592 2939 791 2990 sectae
852 2939 914 2988 et
975 2939 1158 2988 notae
1215 2929 1444 2988 dictum
1516 2929 1713 2990 videri
1769 2931 1988 3009 possit,

210 3048 410 3109 neque
454 3050 564 3108 ego
608 3029 1012 3102 intercedam,
1069 3031 1122 3088 si
1182 3031 1316 3109 quis
1360 3048 1610 3091 versum
1655 3031 1986 3110 septimum
2028 3104 2031 3108 ι

329 3227 389 3284 [¹]
422 3228 566 3270 Schol.
598 3227 653 3271 ad
684 3229 819 3298 Greg.
849 3229 891 3270 in
922 3227 1061 3270 Catal.
1093 3227 1260 3284 Bodlej.
1291 3243 1331 3285 p.
1365 3228 1431 3271 17.
1474 3232 1712 3277 Μουσαῖος
1740 3228 1816 3271 καὶ
1845 3228 1987 3275 Λίνος

212 3290 303 3335 τοῖς
332 3289 447 3358 περὶ
463 3286 631 3358 Ἰ)Ορ(,ιεὀι
663 3284 913 3346 ὁμόχρονοί
939 3290 1037 3330 εἰσι.
1083 3290 1330 3336 Μουσαῖος
1352 3287 1402 3332 δὲ
1432 3284 1628 3341 Σελήνης
1658 3288 1830 3344 λέγεται
1854 3281 1981 3339 εἶναι,

213 3342 326 3404 πρὸς
356 3340 409 3388 ὃν
435 3344 625 3402 ’τΟρᾳεὺς
655 3347 926 3403 ἕπογραᾳεΐ.
