<?xml version="1.0" encoding="UTF-8"?>
<!DOCTYPE html PUBLIC "-//W3C//DTD XHTML 1.0 Transitional//EN"
    "http://www.w3.org/TR/xhtml1/DTD/xhtml1-transitional.dtd">
<html xmlns="http://www.w3.org/1999/xhtml" xml:lang="en" lang="en">
 <head>
  <title>
</title>
<meta http-equiv="Content-Type" content="text/html;charset=utf-8" />
  <meta name='ocr-system' content='tesseract 3.04.00' />
  <meta name='ocr-capabilities' content='ocr_page ocr_carea ocr_par ocr_line ocrx_word'/>
</head>
<body>
  <div class='ocr_page' id='page_1' title='image "./aglaophamussived01lobeuoft_0750.png"; bbox 0 0 2158 3848; ppageno 0'>
   <div class='ocr_carea' id='block_1_1' title="bbox 215 180 1548 254">
    <p class='ocr_par' dir='ltr' id='par_1_1' title="bbox 215 180 1548 254">
     <span class='ocr_line' id='line_1_1' title="bbox 215 180 1548 254; baseline -0.005 0"><span class='ocrx_word' id='word_1_1' title='bbox 215 195 341 254; x_wconf 86' lang='lat'><strong>734</strong></span> <span class='ocrx_word' id='word_1_2' title='bbox 742 205 974 249; x_wconf 69' lang='lat' dir='ltr'><strong>mnan</strong></span> <span class='ocrx_word' id='word_1_3' title='bbox 1019 204 1452 249; x_wconf 73' lang='lat' dir='ltr'><strong>SECUNDUS.</strong></span> <span class='ocrx_word' id='word_1_4' title='bbox 1544 180 1548 183; x_wconf 74' lang='grc'><strong>’</strong></span> 
     </span>
    </p>
   </div>
   <div class='ocr_carea' id='block_1_2' title="bbox 200 335 2065 3213">
    <p class='ocr_par' dir='ltr' id='par_1_2' title="bbox 200 335 2065 3213">
     <span class='ocr_line' id='line_1_2' title="bbox 213 335 1987 420; baseline -0.001 -25"><span class='ocrx_word' id='word_1_5' title='bbox 213 354 556 418; x_wconf 83' lang='lat' dir='ltr'><strong>quanquam</strong></span> <span class='ocrx_word' id='word_1_6' title='bbox 613 338 677 395; x_wconf 90' lang='lat' dir='ltr'><strong>in</strong></span> <span class='ocrx_word' id='word_1_7' title='bbox 731 337 846 397; x_wconf 84' lang='lat' dir='ltr'><strong>hoc</strong></span> <span class='ocrx_word' id='word_1_8' title='bbox 889 355 1106 416; x_wconf 81' lang='lat' dir='ltr'><strong>genere</strong></span> <span class='ocrx_word' id='word_1_9' title='bbox 1148 337 1342 398; x_wconf 88' lang='lat' dir='ltr'><strong>multa</strong></span> <span class='ocrx_word' id='word_1_10' title='bbox 1384 338 1771 417; x_wconf 83' lang='lat' dir='ltr'><strong>reperiuntur</strong></span> <span class='ocrx_word' id='word_1_11' title='bbox 1814 335 1987 420; x_wconf 27' lang='lat' dir='ltr'><strong>facti.</strong></span> 
     </span>
     <span class='ocr_line' id='line_1_3' title="bbox 213 433 1987 523; baseline -0.002 -26"><span class='ocrx_word' id='word_1_12' title='bbox 213 440 317 497; x_wconf 89' lang='lat' dir='ltr'><strong>tia.</strong></span> <span class='ocrx_word' id='word_1_13' title='bbox 403 436 776 512; x_wconf 78' lang='lat' dir='ltr'><strong>Hesychius:</strong></span> <span class='ocrx_word' id='word_1_14' title='bbox 832 435 1055 523; x_wconf 74' lang='grc' dir='ltr'><em>Γοργώ</em></span> <span class='ocrx_word' id='word_1_15' title='bbox 1107 433 1484 517; x_wconf 76' lang='lat' dir='ltr'><strong>(Cleomenis</strong></span> <span class='ocrx_word' id='word_1_16' title='bbox 1538 437 1671 495; x_wconf 79' lang='lat' dir='ltr'><strong>filia.</strong></span> <span class='ocrx_word' id='word_1_17' title='bbox 1718 436 1836 495; x_wconf 92' lang='lat' dir='ltr'><strong>hoc</strong></span> <span class='ocrx_word' id='word_1_18' title='bbox 1877 454 1987 495; x_wconf 86' lang='lat' dir='ltr'><strong>no-</strong></span> 
     </span>
     <span class='ocr_line' id='line_1_4' title="bbox 211 534 1986 598; baseline 0 -3"><span class='ocrx_word' id='word_1_19' title='bbox 211 538 378 596; x_wconf 87' lang='lat' dir='ltr'><strong>mine</strong></span> <span class='ocrx_word' id='word_1_20' title='bbox 438 546 672 596; x_wconf 86' lang='lat' dir='ltr'><strong>vocata.</strong></span> <span class='ocrx_word' id='word_1_21' title='bbox 711 534 1011 598; x_wconf 64' lang='lat' dir='ltr'><strong>Herode-</strong></span> <span class='ocrx_word' id='word_1_22' title='bbox 1047 535 1117 594; x_wconf 88' lang='lat' dir='ltr'><strong>V.</strong></span> <span class='ocrx_word' id='word_1_23' title='bbox 1143 534 1263 595; x_wconf 78' lang='lat'><strong>51.</strong></span> <span class='ocrx_word' id='word_1_24' title='bbox 1309 547 1374 596; x_wconf 88' lang='lat' dir='ltr'><strong>et</strong></span> <span class='ocrx_word' id='word_1_25' title='bbox 1411 537 1679 597; x_wconf 86' lang='lat' dir='ltr'><strong>feminae</strong></span> <span class='ocrx_word' id='word_1_26' title='bbox 1721 535 1986 595; x_wconf 91' lang='lat' dir='ltr'><strong>Dorien-</strong></span> 
     </span>
     <span class='ocr_line' id='line_1_5' title="bbox 211 633 1988 715; baseline 0.001 -20"><span class='ocrx_word' id='word_1_27' title='bbox 211 655 308 695; x_wconf 90' lang='lat' dir='ltr'><strong>ses</strong></span> <span class='ocrx_word' id='word_1_28' title='bbox 352 634 518 715; x_wconf 88' lang='lat' dir='ltr'><strong>apud</strong></span> <span class='ocrx_word' id='word_1_29' title='bbox 559 633 1039 715; x_wconf 82' lang='lat' dir='ltr'><strong>Aristophanem</strong></span> <span class='ocrx_word' id='word_1_30' title='bbox 1084 640 1146 693; x_wconf 87' lang='lat' dir='ltr'><strong>et</strong></span> <span class='ocrx_word' id='word_1_31' title='bbox 1189 635 1605 714; x_wconf 80' lang='lat' dir='ltr'><strong>Theocritum)</strong></span> <span class='ocrx_word' id='word_1_32' title='bbox 1650 637 1988 698; x_wconf 76' lang='grc' dir='ltr'><strong><em>πέπλασται</em></strong></span> 
     </span>
     <span class='ocr_line' id='line_1_6' title="bbox 212 732 1988 818; baseline 0 -20"><span class='ocrx_word' id='word_1_33' title='bbox 212 737 294 806; x_wconf 77' lang='grc' dir='ltr'><strong>ὥς</strong></span> <span class='ocrx_word' id='word_1_34' title='bbox 339 732 552 812; x_wconf 76' lang='grc' dir='ltr'><strong><em>Ζηλώ,</em></strong></span> <span class='ocrx_word' id='word_1_35' title='bbox 595 733 852 815; x_wconf 81' lang='grc' dir='ltr'><strong>Χρυσώ.</strong></span> <span class='ocrx_word' id='word_1_36' title='bbox 911 734 1082 794; x_wconf 81' lang='lat' dir='ltr'><strong>Idem</strong></span> <span class='ocrx_word' id='word_1_37' title='bbox 1120 734 1394 817; x_wconf 50' lang='lat' dir='ltr'><strong>Rufino,</strong></span> <span class='ocrx_word' id='word_1_38' title='bbox 1439 736 1611 818; x_wconf 76' lang='grc' dir='ltr'><strong><em>παρὰ</em></strong></span> <span class='ocrx_word' id='word_1_39' title='bbox 1651 736 1726 798; x_wconf 83' lang='grc' dir='ltr'><strong>τὸ</strong></span> <span class='ocrx_word' id='word_1_40' title='bbox 1769 736 1988 818; x_wconf 75' lang='grc' dir='ltr'><strong><em>ἐμβλέ-</em></strong></span> 
     </span>
     <span class='ocr_line' id='line_1_7' title="bbox 210 833 1990 918; baseline -0.002 -21"><span class='ocrx_word' id='word_1_41' title='bbox 210 859 347 898; x_wconf 81' lang='grc' dir='ltr'><strong><em>πειν</em></strong></span> <span class='ocrx_word' id='word_1_42' title='bbox 400 834 772 906; x_wconf 82' lang='grc' dir='ltr'><strong><em>πέπλασται,</em></strong></span> <span class='ocrx_word' id='word_1_43' title='bbox 830 834 914 904; x_wconf 76' lang='grc' dir='ltr'><strong>ὥς</strong></span> <span class='ocrx_word' id='word_1_44' title='bbox 967 834 1005 913; x_wconf 84' lang='grc' dir='ltr'>ἡ</span> <span class='ocrx_word' id='word_1_45' title='bbox 1063 833 1263 918; x_wconf 76' lang='grc' dir='ltr'><em>Δωριό</em></span> <span class='ocrx_word' id='word_1_46' title='bbox 1306 836 1413 897; x_wconf 80' lang='grc' dir='ltr'><strong>καὶ</strong></span> <span class='ocrx_word' id='word_1_47' title='bbox 1453 836 1491 914; x_wconf 83' lang='grc' dir='ltr'>ἡ</span> <span class='ocrx_word' id='word_1_48' title='bbox 1537 834 1726 905; x_wconf 80' lang='grc' dir='ltr'><strong>Δεξώ.</strong></span> <span class='ocrx_word' id='word_1_49' title='bbox 1813 834 1990 894; x_wconf 88' lang='lat' dir='ltr'><strong>Idem</strong></span> 
     </span>
     <span class='ocr_line' id='line_1_8' title="bbox 210 931 1990 1018; baseline 0.001 -21"><span class='ocrx_word' id='word_1_50' title='bbox 210 933 413 1007; x_wconf 71' lang='grc' dir='ltr'><strong><em>Εἰδώ,</em></strong></span> <span class='ocrx_word' id='word_1_51' title='bbox 459 931 800 1016; x_wconf 77' lang='grc' dir='ltr'><em>φρόνησιν,</em></span> <span class='ocrx_word' id='word_1_52' title='bbox 845 935 1013 1016; x_wconf 75' lang='grc' dir='ltr'><strong>ὄψιν.</strong></span> <span class='ocrx_word' id='word_1_53' title='bbox 1068 944 1132 993; x_wconf 87' lang='lat' dir='ltr'><strong>ct</strong></span> <span class='ocrx_word' id='word_1_54' title='bbox 1173 932 1344 1006; x_wconf 79' lang='grc' dir='ltr'><em>Δεξιό</em></span> <span class='ocrx_word' id='word_1_55' title='bbox 1387 939 1694 1018; x_wconf 78' lang='grc' dir='ltr'><strong><em>Κρατῖνος</em></strong></span> <span class='ocrx_word' id='word_1_56' title='bbox 1738 935 1990 1015; x_wconf 70' lang='grc' dir='ltr'><strong><em>ὠνομα-</em></strong></span> 
     </span>
     <span class='ocr_line' id='line_1_9' title="bbox 208 1032 1988 1118; baseline -0.001 -21"><span class='ocrx_word' id='word_1_57' title='bbox 208 1033 564 1114; x_wconf 79' lang='grc' dir='ltr'><strong><em>τοποίησεν,</em></strong></span> <span class='ocrx_word' id='word_1_58' title='bbox 637 1033 811 1111; x_wconf 84' lang='lat' dir='ltr'><strong>cujus</strong></span> <span class='ocrx_word' id='word_1_59' title='bbox 867 1043 1092 1113; x_wconf 87' lang='lat' dir='ltr'><strong>poetae</strong></span> <span class='ocrx_word' id='word_1_60' title='bbox 1149 1043 1243 1093; x_wconf 91' lang='lat' dir='ltr'><strong>est</strong></span> <span class='ocrx_word' id='word_1_61' title='bbox 1298 1036 1486 1094; x_wconf 86' lang='lat' dir='ltr'><strong>etiam</strong></span> <span class='ocrx_word' id='word_1_62' title='bbox 1542 1032 1744 1118; x_wconf 79' lang='grc' dir='ltr'><em>Δωρώ</em></span> <span class='ocrx_word' id='word_1_63' title='bbox 1798 1032 1988 1095; x_wconf 71' lang='lat' dir='ltr'><strong>Arist.</strong></span> 
     </span>
     <span class='ocr_line' id='line_1_10' title="bbox 207 1131 1989 1217; baseline 0.001 -23"><span class='ocrx_word' id='word_1_64' title='bbox 207 1136 358 1215; x_wconf 89' lang='lat' dir='ltr'><strong>qu.</strong></span> <span class='ocrx_word' id='word_1_65' title='bbox 416 1131 558 1192; x_wconf 84' lang='lat'><strong>529.</strong></span> <span class='ocrx_word' id='word_1_66' title='bbox 612 1131 833 1215; x_wconf 71' lang='grc' dir='ltr'><em>Κερὸοό</em></span> <span class='ocrx_word' id='word_1_67' title='bbox 877 1133 987 1196; x_wconf 71' lang='grc' dir='ltr'><strong>διὰ</strong></span> <span class='ocrx_word' id='word_1_68' title='bbox 1029 1134 1145 1214; x_wconf 81' lang='grc' dir='ltr'><strong>τὴν</strong></span> <span class='ocrx_word' id='word_1_69' title='bbox 1187 1133 1608 1217; x_wconf 55' lang='grc' dir='ltr'><strong><em>κερδοσύνῃ,</em></strong></span> <span class='ocrx_word' id='word_1_70' title='bbox 1663 1135 1747 1205; x_wconf 78' lang='grc' dir='ltr'><strong>ὥς</strong></span> <span class='ocrx_word' id='word_1_71' title='bbox 1790 1132 1989 1206; x_wconf 70' lang='grc' dir='ltr'><strong><em>Εἰδώ,</em></strong></span> 
     </span>
     <span class='ocr_line' id='line_1_11' title="bbox 201 1231 1991 1318; baseline -0.003 -22"><span class='ocrx_word' id='word_1_72' title='bbox 201 1232 370 1318; x_wconf 54' lang='lat' dir='ltr'><strong>‘Yazd</strong></span> <span class='ocrx_word' id='word_1_73' title='bbox 417 1232 621 1293; x_wconf 86' lang='lat' dir='ltr'><strong>Schol.</strong></span> <span class='ocrx_word' id='word_1_74' title='bbox 662 1232 814 1312; x_wconf 86' lang='lat' dir='ltr'><strong>qu.</strong></span> <span class='ocrx_word' id='word_1_75' title='bbox 866 1231 1047 1292; x_wconf 89' lang='lat'><strong>1077.</strong></span> <span class='ocrx_word' id='word_1_76' title='bbox 1092 1233 1237 1293; x_wconf 86' lang='lat' dir='ltr'><strong>Lais</strong></span> <span class='ocrx_word' id='word_1_77' title='bbox 1281 1252 1509 1296; x_wconf 89' lang='lat' dir='ltr'><strong>nomen</strong></span> <span class='ocrx_word' id='word_1_78' title='bbox 1549 1231 1779 1297; x_wconf 76' lang='grc' dir='ltr'><strong><em>Μιλτώ</em></strong></span> <span class='ocrx_word' id='word_1_79' title='bbox 1823 1252 1991 1293; x_wconf 78' lang='lat' dir='ltr'><strong>acce-</strong></span> 
     </span>
     <span class='ocr_line' id='line_1_12' title="bbox 205 1330 1988 1415; baseline 0.001 -23"><span class='ocrx_word' id='word_1_80' title='bbox 205 1336 305 1413; x_wconf 85' lang='lat' dir='ltr'><strong>pit</strong></span> <span class='ocrx_word' id='word_1_81' title='bbox 365 1332 604 1392; x_wconf 85' lang='lat' dir='ltr'><strong>Aelian.</strong></span> <span class='ocrx_word' id='word_1_82' title='bbox 663 1330 735 1390; x_wconf 88' lang='lat' dir='ltr'><strong>V.</strong></span> <span class='ocrx_word' id='word_1_83' title='bbox 788 1330 872 1390; x_wconf 82' lang='lat' dir='ltr'><strong>H.</strong></span> <span class='ocrx_word' id='word_1_84' title='bbox 925 1332 1065 1392; x_wconf 88' lang='lat' dir='ltr'><strong>XII.</strong></span> <span class='ocrx_word' id='word_1_85' title='bbox 1124 1332 1177 1391; x_wconf 91' lang='lat' dir='ltr'><strong>l.</strong></span> <span class='ocrx_word' id='word_1_86' title='bbox 1238 1333 1555 1392; x_wconf 79' lang='lat' dir='ltr'><strong>Salmonei</strong></span> <span class='ocrx_word' id='word_1_87' title='bbox 1613 1333 1743 1392; x_wconf 85' lang='lat' dir='ltr'><strong>filia</strong></span> <span class='ocrx_word' id='word_1_88' title='bbox 1803 1332 1988 1415; x_wconf 77' lang='grc' dir='ltr'><em>Τυρώ</em></span> 
     </span>
     <span class='ocr_line' id='line_1_13' title="bbox 205 1429 1989 1512; baseline -0.001 -20"><span class='ocrx_word' id='word_1_89' title='bbox 205 1430 395 1492; x_wconf 83' lang='lat' dir='ltr'><strong>Diod.</strong></span> <span class='ocrx_word' id='word_1_90' title='bbox 451 1430 555 1489; x_wconf 88' lang='lat' dir='ltr'><strong>Vl.</strong></span> <span class='ocrx_word' id='word_1_91' title='bbox 609 1446 669 1509; x_wconf 90' lang='lat' dir='ltr'><strong>p.</strong></span> <span class='ocrx_word' id='word_1_92' title='bbox 733 1429 829 1489; x_wconf 89' lang='grc'><strong>10.</strong></span> <span class='ocrx_word' id='word_1_93' title='bbox 876 1430 945 1490; x_wconf 92' lang='grc' dir='ltr'><strong>Τ.</strong></span> <span class='ocrx_word' id='word_1_94' title='bbox 989 1431 1095 1490; x_wconf 88' lang='lat' dir='ltr'><strong>IV..</strong></span> <span class='ocrx_word' id='word_1_95' title='bbox 1151 1440 1481 1510; x_wconf 76' lang='lat' dir='ltr'><strong>utrumque</strong></span> <span class='ocrx_word' id='word_1_96' title='bbox 1525 1450 1564 1490; x_wconf 87' lang='lat' dir='ltr'><strong>a</strong></span> <span class='ocrx_word' id='word_1_97' title='bbox 1607 1432 1843 1506; x_wconf 80' lang='lat' dir='ltr'><strong>colore3</strong></span> <span class='ocrx_word' id='word_1_98' title='bbox 1881 1451 1989 1512; x_wconf 86' lang='lat' dir='ltr'><strong>pe-</strong></span> 
     </span>
     <span class='ocr_line' id='line_1_14' title="bbox 204 1527 1989 1614; baseline 0.002 -22"><span class='ocrx_word' id='word_1_99' title='bbox 204 1531 381 1592; x_wconf 84' lang='lat' dir='ltr'><strong>rinde</strong></span> <span class='ocrx_word' id='word_1_100' title='bbox 443 1527 687 1602; x_wconf 76' lang='grc' dir='ltr'><strong><em>Θαλλώ,</em></strong></span> <span class='ocrx_word' id='word_1_101' title='bbox 743 1529 981 1613; x_wconf 61' lang='lat' dir='ltr'><strong>Kamai</strong></span> <span class='ocrx_word' id='word_1_102' title='bbox 1038 1541 1099 1590; x_wconf 91' lang='lat' dir='ltr'><strong>et</strong></span> <span class='ocrx_word' id='word_1_103' title='bbox 1150 1530 1368 1604; x_wconf 76' lang='grc' dir='ltr'><strong><em>Αὐξώ,</em></strong></span> <span class='ocrx_word' id='word_1_104' title='bbox 1424 1528 1658 1613; x_wconf 79' lang='grc' dir='ltr'><em>Κοσμώ</em></span> <span class='ocrx_word' id='word_1_105' title='bbox 1715 1540 1777 1590; x_wconf 88' lang='lat' dir='ltr'><strong>et</strong></span> <span class='ocrx_word' id='word_1_106' title='bbox 1825 1538 1989 1614; x_wconf 78' lang='grc' dir='ltr'><strong><em>Τρα-</em></strong></span> 
     </span>
     <span class='ocr_line' id='line_1_15' title="bbox 205 1630 1990 1708; baseline -0.002 -13"><span class='ocrx_word' id='word_1_107' title='bbox 205 1630 368 1708; x_wconf 80' lang='grc' dir='ltr'><strong><em>πεζιό</em></strong></span> <span class='ocrx_word' id='word_1_108' title='bbox 424 1630 679 1690; x_wconf 88' lang='lat' dir='ltr'><strong>dearum</strong></span> <span class='ocrx_word' id='word_1_109' title='bbox 741 1641 803 1690; x_wconf 88' lang='lat' dir='ltr'><strong>et</strong></span> <span class='ocrx_word' id='word_1_110' title='bbox 845 1631 1231 1691; x_wconf 76' lang='lat' dir='ltr'><strong>sacerdotum</strong></span> <span class='ocrx_word' id='word_1_111' title='bbox 1274 1630 1587 1693; x_wconf 80' lang='lat' dir='ltr'><strong>vocabula</strong></span> <span class='ocrx_word' id='word_1_112' title='bbox 1623 1641 1767 1691; x_wconf 85' lang='lat' dir='ltr'><strong>sunt</strong></span> <span class='ocrx_word' id='word_1_113' title='bbox 1809 1639 1990 1691; x_wconf 85' lang='lat' dir='ltr'><strong>natu-</strong></span> 
     </span>
     <span class='ocr_line' id='line_1_16' title="bbox 205 1731 1991 1812; baseline -0.001 -21"><span class='ocrx_word' id='word_1_114' title='bbox 205 1732 376 1792; x_wconf 87' lang='lat' dir='ltr'><strong>ralia.</strong></span> <span class='ocrx_word' id='word_1_115' title='bbox 471 1731 574 1790; x_wconf 88' lang='lat' dir='ltr'><strong>De</strong></span> <span class='ocrx_word' id='word_1_116' title='bbox 637 1732 927 1812; x_wconf 81' lang='lat' dir='ltr'><strong>positivis</strong></span> <span class='ocrx_word' id='word_1_117' title='bbox 997 1739 1206 1792; x_wconf 83' lang='lat' dir='ltr'><strong>autem</strong></span> <span class='ocrx_word' id='word_1_118' title='bbox 1285 1732 1455 1793; x_wconf 83' lang='lat' dir='ltr'><strong>valet</strong></span> <span class='ocrx_word' id='word_1_119' title='bbox 1505 1733 1577 1790; x_wconf 86' lang='lat' dir='ltr'><strong>in</strong></span> <span class='ocrx_word' id='word_1_120' title='bbox 1625 1732 1991 1791; x_wconf 71' lang='lat' dir='ltr'><strong>universum</strong></span> 
     </span>
     <span class='ocr_line' id='line_1_17' title="bbox 205 1831 1991 1911; baseline -0.001 -20"><span class='ocrx_word' id='word_1_121' title='bbox 205 1832 377 1892; x_wconf 86' lang='lat' dir='ltr'><strong>nulla</strong></span> <span class='ocrx_word' id='word_1_122' title='bbox 408 1835 839 1911; x_wconf 84' lang='lat' dir='ltr'><strong>patronymica</strong></span> <span class='ocrx_word' id='word_1_123' title='bbox 873 1833 976 1894; x_wconf 87' lang='lat' dir='ltr'><strong>vel</strong></span> <span class='ocrx_word' id='word_1_124' title='bbox 1009 1833 1456 1909; x_wconf 86' lang='lat' dir='ltr'><strong>metronymica</strong></span> <span class='ocrx_word' id='word_1_125' title='bbox 1487 1833 1555 1890; x_wconf 91' lang='lat' dir='ltr'><strong>in</strong></span> <span class='ocrx_word' id='word_1_126' title='bbox 1587 1831 1704 1892; x_wconf 89' lang='lat' dir='ltr'><strong>hoc</strong></span> <span class='ocrx_word' id='word_1_127' title='bbox 1729 1849 1991 1891; x_wconf 86' lang='lat' dir='ltr'><strong>numero</strong></span> 
     </span>
     <span class='ocr_line' id='line_1_18' title="bbox 204 1929 1987 2013; baseline 0 -22"><span class='ocrx_word' id='word_1_128' title='bbox 204 1933 492 2013; x_wconf 81' lang='lat' dir='ltr'><strong>reperiri,</strong></span> <span class='ocrx_word' id='word_1_129' title='bbox 566 1950 764 2010; x_wconf 85' lang='lat' dir='ltr'><strong>neque</strong></span> <span class='ocrx_word' id='word_1_130' title='bbox 827 1932 1037 1991; x_wconf 83' lang='lat' dir='ltr'><strong>Inachi</strong></span> <span class='ocrx_word' id='word_1_131' title='bbox 1092 1933 1290 1996; x_wconf 82' lang='lat' dir='ltr'><strong>filiam</strong></span> <span class='ocrx_word' id='word_1_132' title='bbox 1334 1929 1550 2010; x_wconf 78' lang='grc' dir='ltr'><strong><em>Ἶναχώ</em></strong></span> <span class='ocrx_word' id='word_1_133' title='bbox 1603 1931 1987 1991; x_wconf 77' lang='lat' dir='ltr'><strong>nominatam</strong></span> 
     </span>
     <span class='ocr_line' id='line_1_19' title="bbox 207 2027 1990 2105; baseline 0 -15"><span class='ocrx_word' id='word_1_134' title='bbox 207 2050 372 2105; x_wconf 89' lang='lat' dir='ltr'><strong>esse,</strong></span> <span class='ocrx_word' id='word_1_135' title='bbox 417 2040 488 2090; x_wconf 86' lang='lat' dir='ltr'><strong>ut</strong></span> <span class='ocrx_word' id='word_1_136' title='bbox 531 2027 836 2090; x_wconf 84' lang='lat' dir='ltr'><strong>Creuzero</strong></span> <span class='ocrx_word' id='word_1_137' title='bbox 881 2033 1103 2091; x_wconf 88' lang='lat' dir='ltr'><strong>visum.</strong></span> <span class='ocrx_word' id='word_1_138' title='bbox 1148 2050 1207 2092; x_wconf 91' lang='lat' dir='ltr'><strong>v.</strong></span> <span class='ocrx_word' id='word_1_139' title='bbox 1251 2030 1586 2091; x_wconf 78' lang='lat' dir='ltr'><strong>Hermann.</strong></span> <span class='ocrx_word' id='word_1_140' title='bbox 1630 2028 1832 2091; x_wconf 86' lang='lat' dir='ltr'><strong>Ueber</strong></span> <span class='ocrx_word' id='word_1_141' title='bbox 1876 2028 1990 2090; x_wconf 86' lang='lat' dir='ltr'><strong>das</strong></span> 
     </span>
     <span class='ocr_line' id='line_1_20' title="bbox 204 2125 1986 2213; baseline -0.002 -22"><span class='ocrx_word' id='word_1_142' title='bbox 204 2130 433 2192; x_wconf 80' lang='lat' dir='ltr'><strong>Wesen</strong></span> <span class='ocrx_word' id='word_1_143' title='bbox 501 2129 632 2190; x_wconf 89' lang='lat' dir='ltr'><strong>und</strong></span> <span class='ocrx_word' id='word_1_144' title='bbox 702 2131 803 2190; x_wconf 91' lang='lat' dir='ltr'><strong>die</strong></span> <span class='ocrx_word' id='word_1_145' title='bbox 871 2130 1164 2190; x_wconf 84' lang='lat' dir='ltr'><strong>Behandl.</strong></span> <span class='ocrx_word' id='word_1_146' title='bbox 1235 2130 1298 2189; x_wconf 81' lang='lat' dir='ltr'><strong>d.</strong></span> <span class='ocrx_word' id='word_1_147' title='bbox 1348 2130 1610 2213; x_wconf 86' lang='lat' dir='ltr'><strong>Mythol.</strong></span> <span class='ocrx_word' id='word_1_148' title='bbox 1664 2151 1728 2211; x_wconf 89' lang='lat' dir='ltr'><strong>p.</strong></span> <span class='ocrx_word' id='word_1_149' title='bbox 1780 2125 1986 2210; x_wconf 74' lang='lat'><strong>95.[¹].</strong></span> 
     </span>
     <span class='ocr_line' id='line_1_21' title="bbox 203 2227 1986 2311; baseline -0.002 -18"><span class='ocrx_word' id='word_1_150' title='bbox 203 2231 362 2293; x_wconf 88' lang='lat' dir='ltr'><strong>Nam</strong></span> <span class='ocrx_word' id='word_1_151' title='bbox 407 2233 476 2291; x_wconf 66' lang='lat' dir='ltr'><strong>si*</strong></span> <span class='ocrx_word' id='word_1_152' title='bbox 507 2229 785 2291; x_wconf 87' lang='lat' dir='ltr'><strong>Clesonis</strong></span> <span class='ocrx_word' id='word_1_153' title='bbox 830 2231 1148 2310; x_wconf 86' lang='lat' dir='ltr'><strong>cujusdam</strong></span> <span class='ocrx_word' id='word_1_154' title='bbox 1190 2231 1321 2290; x_wconf 85' lang='lat' dir='ltr'><strong>filia</strong></span> <span class='ocrx_word' id='word_1_155' title='bbox 1359 2248 1591 2290; x_wconf 86' lang='lat' dir='ltr'><strong>nomen</strong></span> <span class='ocrx_word' id='word_1_156' title='bbox 1620 2227 1846 2311; x_wconf 77' lang='grc' dir='ltr'><em>Κλησώ</em></span> <span class='ocrx_word' id='word_1_157' title='bbox 1879 2229 1986 2290; x_wconf 75' lang='lat' dir='ltr'><strong>ha—</strong></span> 
     </span>
     <span class='ocr_line' id='line_1_22' title="bbox 203 2321 1987 2413; baseline -0.002 -22"><span class='ocrx_word' id='word_1_158' title='bbox 203 2332 338 2392; x_wconf 83' lang='lat' dir='ltr'><strong>buit</strong></span> <span class='ocrx_word' id='word_1_159' title='bbox 392 2332 567 2391; x_wconf 86' lang='lat' dir='ltr'><strong>Paus.</strong></span> <span class='ocrx_word' id='word_1_160' title='bbox 624 2333 670 2391; x_wconf 93' lang='lat' dir='ltr'><strong>I.</strong></span> <span class='ocrx_word' id='word_1_161' title='bbox 725 2331 826 2391; x_wconf 87' lang='lat'><strong>42.</strong></span> <span class='ocrx_word' id='word_1_162' title='bbox 878 2321 948 2391; x_wconf 81' lang='lat' dir='ltr'><strong>id</strong></span> <span class='ocrx_word' id='word_1_163' title='bbox 1005 2351 1043 2392; x_wconf 88' lang='lat' dir='ltr'><strong>a</strong></span> <span class='ocrx_word' id='word_1_164' title='bbox 1095 2340 1274 2413; x_wconf 91' lang='lat' dir='ltr'><strong>patre</strong></span> <span class='ocrx_word' id='word_1_165' title='bbox 1331 2329 1580 2411; x_wconf 81' lang='lat' dir='ltr'><strong>quidem</strong></span> <span class='ocrx_word' id='word_1_166' title='bbox 1629 2329 1987 2392; x_wconf 77' lang='lat' dir='ltr'><strong>derivatum—</strong></span> 
     </span>
     <span class='ocr_line' id='line_1_23' title="bbox 203 2431 1985 2511; baseline -0.001 -20"><span class='ocrx_word' id='word_1_167' title='bbox 203 2451 315 2491; x_wconf 85' lang='lat' dir='ltr'><strong>nec</strong></span> <span class='ocrx_word' id='word_1_168' title='bbox 357 2441 564 2491; x_wconf 88' lang='lat' dir='ltr'><strong>tamen</strong></span> <span class='ocrx_word' id='word_1_169' title='bbox 606 2434 1102 2511; x_wconf 85' lang='lat' dir='ltr'><strong>patronymicum</strong></span> <span class='ocrx_word' id='word_1_170' title='bbox 1146 2431 1254 2492; x_wconf 90' lang='lat' dir='ltr'><strong>sed</strong></span> <span class='ocrx_word' id='word_1_171' title='bbox 1298 2449 1690 2511; x_wconf 85' lang='lat' dir='ltr'><strong>paronymon</strong></span> <span class='ocrx_word' id='word_1_172' title='bbox 1733 2439 1860 2504; x_wconf 77' lang='lat' dir='ltr'><strong>est,</strong></span> <span class='ocrx_word' id='word_1_173' title='bbox 1915 2439 1985 2488; x_wconf 91' lang='lat' dir='ltr'><strong>ut</strong></span> 
     </span>
     <span class='ocr_line' id='line_1_24' title="bbox 203 2530 1982 2610; baseline -0.001 -19"><span class='ocrx_word' id='word_1_174' title='bbox 203 2530 484 2591; x_wconf 90' lang='lat' dir='ltr'><strong>solebant</strong></span> <span class='ocrx_word' id='word_1_175' title='bbox 540 2532 758 2590; x_wconf 85' lang='lat' dir='ltr'><strong>Graeci</strong></span> <span class='ocrx_word' id='word_1_176' title='bbox 818 2535 1071 2592; x_wconf 90' lang='lat' dir='ltr'><strong>nomina</strong></span> <span class='ocrx_word' id='word_1_177' title='bbox 1126 2530 1399 2610; x_wconf 86' lang='lat' dir='ltr'><strong>ejusdem</strong></span> <span class='ocrx_word' id='word_1_178' title='bbox 1445 2531 1720 2590; x_wconf 89' lang='lat' dir='ltr'><strong>familiae</strong></span> <span class='ocrx_word' id='word_1_179' title='bbox 1762 2530 1839 2590; x_wconf 92' lang='lat' dir='ltr'><strong>ab</strong></span> <span class='ocrx_word' id='word_1_180' title='bbox 1884 2548 1982 2588; x_wconf 86' lang='lat' dir='ltr'><strong>ea-</strong></span> 
     </span>
     <span class='ocr_line' id='line_1_25' title="bbox 203 2629 1982 2710; baseline -0.002 -20"><span class='ocrx_word' id='word_1_181' title='bbox 203 2629 344 2690; x_wconf 86' lang='lat' dir='ltr'><strong>dem</strong></span> <span class='ocrx_word' id='word_1_182' title='bbox 389 2631 580 2710; x_wconf 83' lang='lat' dir='ltr'><strong>stirpe</strong></span> <span class='ocrx_word' id='word_1_183' title='bbox 625 2629 843 2689; x_wconf 90' lang='lat' dir='ltr'><strong>ducere</strong></span> <span class='ocrx_word' id='word_1_184' title='bbox 888 2650 945 2691; x_wconf 88' lang='lat' dir='ltr'><strong>v.</strong></span> <span class='ocrx_word' id='word_1_185' title='bbox 992 2652 1039 2690; x_wconf 90' lang='lat' dir='ltr'><strong>c.</strong></span> <span class='ocrx_word' id='word_1_186' title='bbox 1083 2631 1432 2710; x_wconf 89' lang='lat' dir='ltr'><strong>Lycophro,</strong></span> <span class='ocrx_word' id='word_1_187' title='bbox 1477 2631 1811 2707; x_wconf 81' lang='lat' dir='ltr'><strong>LycurguS‚</strong></span> <span class='ocrx_word' id='word_1_188' title='bbox 1858 2629 1982 2704; x_wconf 92' lang='lat' dir='ltr'><strong>Ly-</strong></span> 
     </span>
     <span class='ocr_line' id='line_1_26' title="bbox 204 2727 1981 2807; baseline -0.002 -17"><span class='ocrx_word' id='word_1_189' title='bbox 204 2729 506 2805; x_wconf 84' lang='lat' dir='ltr'><strong>comedes,</strong></span> <span class='ocrx_word' id='word_1_190' title='bbox 549 2731 652 2792; x_wconf 85' lang='lat' dir='ltr'><strong>vel</strong></span> <span class='ocrx_word' id='word_1_191' title='bbox 697 2729 1119 2807; x_wconf 81' lang='lat' dir='ltr'><strong>Thrasybulus</strong></span> <span class='ocrx_word' id='word_1_192' title='bbox 1165 2729 1517 2801; x_wconf 81' lang='lat' dir='ltr'><strong>ThrasoniS,</strong></span> <span class='ocrx_word' id='word_1_193' title='bbox 1562 2728 1798 2787; x_wconf 87' lang='lat' dir='ltr'><strong>Eraton</strong></span> <span class='ocrx_word' id='word_1_194' title='bbox 1829 2727 1981 2786; x_wconf 75' lang='lat' dir='ltr'><strong>Era-</strong></span> 
     </span>
     <span class='ocr_line' id='line_1_27' title="bbox 201 2825 1982 2912; baseline -0.003 -22"><span class='ocrx_word' id='word_1_195' title='bbox 201 2830 539 2912; x_wconf 79' lang='lat' dir='ltr'><strong>siphontiS‚</strong></span> <span class='ocrx_word' id='word_1_196' title='bbox 581 2830 957 2891; x_wconf 82' lang='lat' dir='ltr'><strong>Erasistrati.</strong></span> <span class='ocrx_word' id='word_1_197' title='bbox 1049 2830 1345 2890; x_wconf 86' lang='lat' dir='ltr'><strong>Similiter</strong></span> <span class='ocrx_word' id='word_1_198' title='bbox 1388 2847 1575 2908; x_wconf 87' lang='lat' dir='ltr'><strong>quum</strong></span> <span class='ocrx_word' id='word_1_199' title='bbox 1620 2825 1871 2886; x_wconf 86' lang='lat' dir='ltr'><strong>nomina</strong></span> <span class='ocrx_word' id='word_1_200' title='bbox 1914 2828 1982 2885; x_wconf 85' lang='lat' dir='ltr'><strong>in</strong></span> 
     </span>
     <span class='ocr_line' id='line_1_28' title="bbox 202 2928 1977 3000; baseline -0.002 -8"><span class='ocrx_word' id='word_1_201' title='bbox 202 2957 251 2992; x_wconf 89' lang='grc' dir='ltr'>ω</span> <span class='ocrx_word' id='word_1_202' title='bbox 308 2929 652 2991; x_wconf 83' lang='lat' dir='ltr'><strong>desinentia</strong></span> <span class='ocrx_word' id='word_1_203' title='bbox 710 2951 747 2991; x_wconf 88' lang='lat' dir='ltr'><strong>a</strong></span> <span class='ocrx_word' id='word_1_204' title='bbox 790 2931 1141 2991; x_wconf 87' lang='lat' dir='ltr'><strong>masculinis</strong></span> <span class='ocrx_word' id='word_1_205' title='bbox 1198 2932 1530 2990; x_wconf 84' lang='lat' dir='ltr'><strong>existerent</strong></span> <span class='ocrx_word' id='word_1_206' title='bbox 1571 2928 1817 3000; x_wconf 78' lang='grc' dir='ltr'><strong><em>Βίτων,</em></strong></span> <span class='ocrx_word' id='word_1_207' title='bbox 1861 2932 1977 2990; x_wconf 88' lang='grc' dir='ltr'><strong>Βι-</strong></span> 
     </span>
     <span class='ocr_line' id='line_1_29' title="bbox 200 3024 2065 3119; baseline -0.005 -26"><span class='ocrx_word' id='word_1_208' title='bbox 200 3030 289 3094; x_wconf 65' lang='lat' dir='ltr'><strong>w)</strong></span> <span class='ocrx_word' id='word_1_209' title='bbox 335 3031 671 3113; x_wconf 73' lang='lat' dir='ltr'><strong>(Bimva)</strong></span> <span class='ocrx_word' id='word_1_210' title='bbox 714 3030 1070 3114; x_wconf 77' lang='grc' dir='ltr'><strong><em>Ποτάμων,</em></strong></span> <span class='ocrx_word' id='word_1_211' title='bbox 1135 3029 1417 3112; x_wconf 80' lang='grc' dir='ltr'><strong><em>Ποταμώ</em></strong></span> <span class='ocrx_word' id='word_1_212' title='bbox 1474 3033 1559 3112; x_wconf 86' lang='lat' dir='ltr'><strong>(V.</strong></span> <span class='ocrx_word' id='word_1_213' title='bbox 1603 3025 1808 3119; x_wconf 80' lang='lat' dir='ltr'><strong>Reisk.</strong></span> <span class='ocrx_word' id='word_1_214' title='bbox 1852 3024 1978 3086; x_wconf 87' lang='lat' dir='ltr'><strong>An·</strong></span> <span class='ocrx_word' id='word_1_215' title='bbox 2063 3117 2065 3119; x_wconf 15' lang='grc' dir='ltr'>Ι</span> 
     </span>
     <span class='ocr_line' id='line_1_30' title="bbox 200 3130 1975 3213; baseline -0.001 -22"><span class='ocrx_word' id='word_1_216' title='bbox 200 3130 350 3191; x_wconf 87' lang='lat' dir='ltr'><strong>thol.</strong></span> <span class='ocrx_word' id='word_1_217' title='bbox 396 3131 499 3189; x_wconf 87' lang='lat' dir='ltr'><strong>Gr.</strong></span> <span class='ocrx_word' id='word_1_218' title='bbox 544 3151 603 3210; x_wconf 91' lang='lat' dir='ltr'><strong>p.</strong></span> <span class='ocrx_word' id='word_1_219' title='bbox 656 3130 820 3210; x_wconf 90' lang='lat' dir='ltr'><strong>lll.)</strong></span> <span class='ocrx_word' id='word_1_220' title='bbox 865 3132 966 3193; x_wconf 88' lang='lat' dir='ltr'><strong>vel</strong></span> <span class='ocrx_word' id='word_1_221' title='bbox 1012 3130 1088 3190; x_wconf 89' lang='lat' dir='ltr'><strong>ab</strong></span> <span class='ocrx_word' id='word_1_222' title='bbox 1134 3130 1379 3206; x_wconf 87' lang='lat' dir='ltr'><strong>Eratus,</strong></span> <span class='ocrx_word' id='word_1_223' title='bbox 1423 3131 1634 3202; x_wconf 76' lang='lat' dir='ltr'><strong>Eram,</strong></span> <span class='ocrx_word' id='word_1_224' title='bbox 1678 3136 1748 3186; x_wconf 90' lang='lat' dir='ltr'><strong>ut</strong></span> <span class='ocrx_word' id='word_1_225' title='bbox 1789 3144 1828 3186; x_wconf 82' lang='lat' dir='ltr'><strong>a</strong></span> <span class='ocrx_word' id='word_1_226' title='bbox 1860 3150 1975 3213; x_wconf 74' lang='lat' dir='ltr'><strong>yv—</strong></span> 
     </span>
    </p>
   </div>
   <div class='ocr_carea' id='block_1_3' title="bbox 204 3295 1967 3415">
    <p class='ocr_par' dir='ltr' id='par_1_3' title="bbox 204 3295 1967 3415">
     <span class='ocr_line' id='line_1_31' title="bbox 318 3295 1967 3358; baseline -0.003 -16"><span class='ocrx_word' id='word_1_227' title='bbox 318 3297 380 3356; x_wconf 77' lang='lat' dir='ltr'><strong>[f]</strong></span> <span class='ocrx_word' id='word_1_228' title='bbox 407 3300 504 3344; x_wconf 80' lang='grc' dir='ltr'><em>’Ῑνω</em></span> <span class='ocrx_word' id='word_1_229' title='bbox 535 3299 614 3354; x_wconf 78' lang='grc' dir='ltr'><strong>τὴν</strong></span> <span class='ocrx_word' id='word_1_230' title='bbox 642 3298 815 3358; x_wconf 82' lang='grc' dir='ltr'><em>Ἰνάχου</em></span> <span class='ocrx_word' id='word_1_231' title='bbox 845 3301 999 3343; x_wconf 84' lang='lat' dir='ltr'><strong>Liban.</strong></span> <span class='ocrx_word' id='word_1_232' title='bbox 1031 3299 1151 3342; x_wconf 86' lang='lat' dir='ltr'><strong>Decl.</strong></span> <span class='ocrx_word' id='word_1_233' title='bbox 1184 3299 1241 3342; x_wconf 92' lang='lat' dir='ltr'><strong>T.</strong></span> <span class='ocrx_word' id='word_1_234' title='bbox 1273 3299 1349 3342; x_wconf 89' lang='lat' dir='ltr'><strong>IV.</strong></span> <span class='ocrx_word' id='word_1_235' title='bbox 1380 3298 1451 3341; x_wconf 73' lang='lat'><strong>24.</strong></span> <span class='ocrx_word' id='word_1_236' title='bbox 1493 3298 1660 3341; x_wconf 84' lang='lat' dir='ltr'><strong>Aelian.</strong></span> <span class='ocrx_word' id='word_1_237' title='bbox 1693 3297 1751 3342; x_wconf 88' lang='lat' dir='ltr'><strong>H.</strong></span> <span class='ocrx_word' id='word_1_238' title='bbox 1780 3300 1859 3340; x_wconf 81' lang='lat' dir='ltr'><strong>An.</strong></span> <span class='ocrx_word' id='word_1_239' title='bbox 1891 3295 1967 3338; x_wconf 85' lang='lat' dir='ltr'><strong>XI.</strong></span> 
     </span>
     <span class='ocr_line' id='line_1_32' title="bbox 204 3358 1259 3415; baseline -0.001 -16"><span class='ocrx_word' id='word_1_240' title='bbox 204 3360 268 3400; x_wconf 91' lang='lat'><strong>10.</strong></span> <span class='ocrx_word' id='word_1_241' title='bbox 299 3358 517 3415; x_wconf 86' lang='lat' dir='ltr'><strong>vulgatam</strong></span> <span class='ocrx_word' id='word_1_242' title='bbox 547 3359 758 3402; x_wconf 86' lang='lat' dir='ltr'><strong>Herodoti</strong></span> <span class='ocrx_word' id='word_1_243' title='bbox 789 3360 1041 3415; x_wconf 85' lang='lat' dir='ltr'><strong>scripturam</strong></span> <span class='ocrx_word' id='word_1_244' title='bbox 1073 3364 1259 3401; x_wconf 85' lang='lat' dir='ltr'><strong>tuentur.</strong></span> 
     </span>
    </p>
   </div>
  </div>
 </body>
</html>
