2158 3848
321 192 443 255 332
848 205 1084 249 LIBER
1127 205 1557 250 SECUNDUS.

1106 376 1159 458 ξ.
1247 377 1304 437 2.

324 583 328 586 ,
372 577 376 582 ,
429 576 432 580 1
491 523 954 595 Onomacritum
1010 522 1196 597 igitur
1222 584 1224 586 ,
1250 521 1412 595 hunc
1462 520 1820 582 Herodotus
1862 522 1992 598 VII.
2039 523 2097 580 6.

311 622 747 707 χρησμολόγον
790 628 974 681 Vocat
1018 627 1081 676 et
1107 619 1409 698 διαθέτην
1429 628 1731 705 χρησμῶν
1750 630 1884 696 ’τῶν
1907 630 2095 684 Μου-

317 723 528 786 σαίου’
589 739 708 799 quo
765 720 1020 791 nomine
1064 717 1512 796 Wesselingiusv
1557 721 1660 783 vel
1715 721 2097 802 dispensato,-

316 840 450 882 rem
477 819 597 892 ,Vel
640 814 1072 898 interpretem,
1119 817 1588 895 Gronoviuset.
1620 822 1729 880 alii
1774 821 2097 898 edisserta-

313 930 512 980 torem
541 929 666 994 *aut
709 917 1163 998 venditatorem
1210 919 1536 996 significari
1548 929 1793 999 putant.
1878 920 1952 980 Id
1985 922 2087 998 igi-

312 1030 415 1089 tur
454 1022 725 1101 primum
768 1021 835 1078 in
880 1017 1374 1098 disquisitionem
1419 1020 1630 1097 yenit,
1658 1055 1660 1057 ·
1687 1038 1763 1079 ex
1815 1019 2096 1099 pluribus

311 1121 499 1202 verbi,
531 1121 887 1198 διατιθέναι
929 1118 1471 1199 significationibus
1515 1138 1672 1199 quae
1699 1120 2095 1200 potissimum

310 1222 453 1280 huic
495 1220 632 1280 loco
679 1222 1021 1301 conveniat.
1106 1219 1191 1277 Et
1246 1218 1558 1295 vendendi
1600 1219 1850 1300 quidem
1903 1219 2096 1290 notio,

302 1340 497 1405 ,quam
538 1321 851 1383 illustrant
876 1318 1278 1380 Grammatici
1323 1319 1399 1379 ab
1444 1319 1623 1380 Astio
1667 1312 1973 1381 nominati
2015 1317 2097 1379 ad
2156 1334 2158 1338 ⁴

309 1421 463 1481 Plat.
507 1421 687 1498 Legg.
730 1440 791 1499 p.
835 1419 980 1479 427.
1027 1418 1229 1501 aliena
1274 1430 1367 1480 est
1410 1439 1450 1490 a
1491 1430 1771 1482 veterum
1815 1420 2095 1498 fatilego-

307 1542 447 1581 rum
488 1518 864 1602 ratio-nibus,
927 1521 1032 1599 qui
1077 1522 1361 1599 quamvis
1417 1539 1456 1601 a
1509 1509 1766 1603 quaestu
1791 1577 1794 1580 .
1820 1540 1946 1581 non
1989 1520 2094 1580 ab·
2157 1509 2158 1543 ³

308 1621 668 1694 horrebant,
755 1630 964 1679 tamen
1021 1620 1255 1679 nullam
1290 1648 1294 1655 1
1326 1619 1633 1698 ejusmodi
1684 1603 2094 1685 mercaturam

309 1722 701 1795 exercebant,
746 1719 832 1780 ut'
858 1719 1033 1781 velut
1066 1721 1323 1800 proprio
1350 1715 1620 1800 quodam
1663 1712 1914 1783 nomine
1958 1738 2094 1780 ora-

256 1824 264 1827 ”
308 1823 584 1883 culorum
638 1820 994 1899 venditores
1066 1819 1190 1879 diei
1261 1821 1533 1899 possent.
1632 1820 1853 1901 Neque
1897 1822 2092 1899 magis

308 1924 598 1983 convenit
660 1917 962 1980 recitandi
1023 1920 1430 1997 significatio„
1510 1919 1669 1980 Nam
1737 1922 2093 1984 διατιθέναι

306 2023 410 2095 vel
433 2022 842 2086 διατίθεσθαι
875 2020 1161 2080 dicuntur
1204 2019 1518 2100 rhapsodi,
1563 2021 1911 2095 histrioneS,
1955 2039 2090 2080 ora-

307 2134 471 2182 tores
487 2165 504 2196 ,
545 2141 733 2201 quum
779 2120 882 2182 vel
925 2139 1038 2194 sua
1080 2120 1184 2182 vel
1209 2121 1470 2180 aliorum
1510 2139 1700 2201 opera
1724 2122 2089 2201 recitant[⁰];

305 2242 418 2289 nec
462 2221 721 2281 dubium
765 2214 890 2293 est,
948 2221 1095 2299 quin
1137 2222 1213 2293 ii,
1271 2223 1376 2300 qui
1410 2219 1830 2306 χρησμολόγοι
1883 2222 2089 2282 vocati

304 2333 475 2403 sunt,
521 2323 749 2382 omissa
782 2324 1038 2401 propter
1079 2320 1426 2380 incredulos
1471 2321 1862 2382 simulatione
1889 2319 2090 2399 divini

305 2424 560 2496 afflatuS,
607 2422 1004 2500 antiquorum
1030 2430 1248 2480 vatum
1285 2422 1532 2481 oracula
1561 2421 1886 2502 tranquille
1910 2440 2086 2501 prae-

303 2524 560 2601 legerint
577 2522 703 2601 [⁰⁰];
749 2520 911 2599 quod
944 2519 1407 2581 Onomacritum
1449 2523 1656 2601 ipsum
1702 2522 1918 2581 fecisse
1960 2522 2084 2586 alio

304 2625 544 2703 aptiore
586 2622 723 2679 loco
771 2617 1181 2679 ostendemus.
1271 2619 1397 2680 Sed
1437 2623 1655 2680 iccirco
1710 2638 1838 2679 non
1890 2622 2083 2697 magis

303 2724 592 2786 διαθέται
635 2719 756 2779 dici
799 2727 1110 2778 merentur
1153 2738 1337 2799 quam
1392 2720 1628 2780 scribae
1680 2718 1912 2799 publici
1956 2719 2082 2779 edi-

421 2893 483 2948 [0]
511 2888 744 2946 Ῥαψῳδὸς
783 2890 929 2938 καλῶς
952 2886 1117 2932 Ἰλιάδα
1147 2887 1174 2944 ἢ
1200 2887 1465 2934 Ὀδύσσειαν
1485 2889 1703 2938 διατιθείς
1723 2889 1835 2931 Plat.
1859 2890 2000 2945 Legg.
2020 2890 2078 2932 II.

303 2950 403 2994 658.
445 2953 625 3009 ἔπεμψε
666 2946 768 2997 τοὺς
805 2944 1144 3005 εὐφωνοτάτους
1182 2951 1271 2991 τῶν
1309 2947 1567 3008 ὑποκριτῶν
1596 2948 1956 3007 διαθησομένους
1982 2947 2074 3006 μετ’

303 3010 420 3066 ᾠδῆς
447 3008 504 3053 τὰ
533 3004 760 3065 ποιήματα
790 3006 967 3049 Diodor.
983 3007 1079 3049 XV.
1103 3007 1145 3048 7.
1177 3004 1416 3066 ὑποκριτὴς
1444 3009 1590 3055 κακῶς
1620 3006 1836 3055 διατιθεὶς
1862 3006 1916 3049 τὰ
1939 3004 2076 3061 ποιή-

303 3084 424 3126 ματα
465 3068 592 3110 Plato
624 3066 796 3108 Charm.
826 3081 868 3122 p.
897 3065 968 3106 22.
999 3071 1044 3107 et
1074 3066 1322 3123 saepissime
1351 3064 1489 3124 λόγον
1518 3066 1588 3108 vel
1618 3065 1900 3124 δημηγορίαν
1929 3064 2074 3107 διατι-

303 3131 436 3171 θέναι
464 3127 535 3168 vel
567 3126 853 3168 διατίθεσθαι
882 3123 1064 3180 Appian.
1096 3125 1223 3167 Civil.
1252 3125 1312 3167 ΙΙ.
1335 3125 1405 3167 22.
1435 3125 1614 3167 Lucian.
1645 3123 1698 3166 de
1720 3124 1839 3167 Dem.
1860 3124 1896 3165 I.
1922 3122 1991 3164 90.
2016 3123 2072 3165 Τ.

303 3186 426 3227 VIII.
456 3185 610 3239 Polyb.
642 3184 722 3225 III.
753 3180 822 3226 34.
853 3183 981 3237 Diog.
1013 3182 1092 3224 La.
1124 3183 1182 3228 II.
1214 3183 1285 3225 94.
1315 3184 1472 3227 Julian.
1502 3184 1580 3228 Or.
1611 3183 1711 3224 VII.
1742 3179 1843 3224 204.
1873 3184 1924 3224 A.
1984 3182 2070 3223 Hic

303 3243 406 3286 mihi
433 3243 586 3286 vellem
616 3242 672 3284 ad
702 3257 849 3285 manus
877 3241 1032 3284 fuisset
1059 3242 1298 3285 Heinrichii
1339 3241 1584 3284 dissertatio
1615 3240 1669 3284 de
1698 3240 2016 3291 DiasceuastiS,
2047 3255 2072 3282 a

306 3317 388 3358 quo
419 3317 501 3344 non
533 3301 679 3343 dubito
713 3302 813 3357 quin
846 3305 938 3343 tota
968 3313 1038 3342 res
1069 3307 1270 3346 accurate
1300 3304 1567 3358 pertractata
1597 3300 1665 3342 sit.

422 3370 499 3425 [⁰⁰]
534 3386 576 3413 v.
607 3370 815 3428 Epimetr.
848 3371 897 3412 V.
