2158 3848
221 201 346 261 320
752 211 988 256 LIBER
1031 210 1460 255 SECUNDUS.

219 345 445 406 mentis
501 352 564 403 et
618 344 792 422 quasi
819 343 822 346 ’
847 345 1204 403 maturitate
1248 343 1530 419 cognosci
1571 351 1811 423 potest,
1852 353 2004 420 quot

219 444 440 506 seculis
499 451 663 502 retro
719 451 868 501 nata
924 446 1038 516 sit,
1094 443 1191 502 his
1208 486 1225 515 ,
1282 444 1385 522 qui
1437 443 1593 502 hanc
1635 444 1770 520 sive
1811 450 2005 501 artem

218 551 352 607 sive
395 544 710 605 scientiam
754 544 890 603 sive
934 542 1380 602 divinationem
1424 544 1831 624 profitentur,
1866 560 2004 602 con-

218 644 557 706 cedendum
613 640 907 712 arbitror,
974 649 1046 698 ut
1090 640 1392 721 Orphicae
1447 643 1692 702 fabulae
1743 640 2004 714 nataleS,

215 748 788 826 hippognomonum
851 757 1055 813 more,
1127 751 1503 822 computent.
1604 741 1730 801 Sed
1783 742 1839 800 si
1895 759 2007 799 nec

216 847 337 905 fuit
379 845 733 922 quisquam,
777 859 890 898 nec
935 850 1057 912 est,
1102 858 1214 899 nec
1258 843 1406 914 erit,
1450 843 1555 920 qui
1598 842 2007 900 humanarum

218 945 580 1025 opinionum
642 949 874 1000 aetates
930 941 1210 1019 exploret
1264 950 1328 999 et
1381 927 1710 1001 intervalla
1753 940 2007 1021 dispun-

217 1054 348 1123 gat‚
409 1053 542 1103 tota
595 1043 718 1100 ista
751 1042 1144 1121 vcomputatio
1183 1041 1392 1118 jaceat
1434 1058 1682 1099 necesse
1720 1048 1836 1100 est.
1924 1041 2007 1099 Et

216 1145 328 1204 illa
384 1144 524 1223 ipsa
578 1134 941 1218 Lyricorum
999 1141 1356 1200 testimonia
1401 1159 1484 1200 ex
1526 1140 1797 1200 Fabricii
1839 1158 2007 1219 penu

218 1244 578 1324 depromta,
624 1241 773 1321 quid
819 1240 1068 1300 tandem
1117 1240 1420 1300 efficiunt?
1476 1242 1752 1301 Primum
1795 1238 2008 1301 videa-

216 1363 355 1405 mus
415 1342 494 1402 de
548 1341 926 1421 Terpandro.
1035 1341 1373 1401 Phanocles
1430 1340 1670 1400 dulcem
1727 1339 2006 1400 fabulam

216 1445 430 1505 nexuit
473 1442 701 1527 (Anall.
750 1442 818 1501 T.
845 1442 891 1500 I.
936 1461 997 1520 p.
1021 1441 1194 1517 414.)
1241 1440 1475 1520 Orphei
1519 1461 1557 1501 a
1600 1440 2007 1501 Maenadibus

217 1542 510 1622 discerpti
579 1551 764 1622 caput
829 1542 1153 1620 lyramque
1223 1540 1523 1600 decidisse
1582 1543 1648 1600 in
1705 1540 2008 1614 Hebrum,

218 1652 512 1722 aestuque
555 1643 781 1714 mariS,
827 1661 962 1700 nec
1004 1643 1174 1700 sine
1220 1640 1377 1714 dis,
1420 1640 1691 1700 Lesbum
1735 1639 2011 1700 delatam

217 1762 381 1816 esse,
449 1742 557 1801 ubi
609 1742 834 1800 Pittaci
901 1751 1103 1799 aetate
1159 1740 1363 1799 adhuc
1417 1749 1734 1802 asservata
1786 1739 2011 1801 dicitur

215 1843 468 1902 Lucian.
523 1840 687 1902 Adv.
742 1841 974 1900 Indoct.
1034 1839 1172 1899 XII.
1221 1841 1317 1899 14.
1364 1839 1434 1899 T.
1478 1840 1611 1900 VII.
1674 1838 1876 1914 Quam
1920 1842 2010 1901 fa-

215 1942 446 2015 bulam,
494 1960 741 2021 quoquo
782 1951 1034 2002 auctore
1077 1941 1414 2018 vulgatam,
1458 1941 1852 2001 manifestum
1895 1951 2008 2015 est,

215 2062 342 2102 non
385 2044 558 2122 prius
600 2044 770 2102 nasci
812 2042 1120 2121 potuisse,
1167 2061 1351 2121 quam
1395 2042 1597 2100 insula
1639 2043 1787 2122 ipsa·
1819 2043 2008 2102 musi-

218 2161 428 2203 corum
485 2141 706 2201 studiis
762 2142 1068 2200 inclaruit.
1165 2142 1368 2235 Alius'
1399 2143 1638 2223 (utique
1682 2161 1809 2203 non
1853 2143 2009 2203 Pha·
2115 2209 2117 2211 .

214 2242 447 2319 nocles)
495 2240 728 2322 Orphei
770 2243 976 2319 lyram
1020 2244 1086 2300 in
1114 2241 1459 2323 Terpandri
1501 2261 1722 2302 manus
1765 2245 2010 2304 venisse

215 2346 409 2416 finxit,
453 2362 533 2402 ne
575 2343 692 2402 hoc
736 2342 985 2422 quidem
1029 2345 1258 2422 inepte,
1303 2344 1356 2402 si
1399 2362 1515 2423 pro
1561 2350 1749 2424 poeta
1775 2343 2008 2424 ,loquu-

217 2454 316 2503 tus
373 2453 494 2515 est3
549 2441 660 2501 sed
713 2443 871 2502 illud
914 2443 1396 2523 perabsurdum,
1444 2443 1609 2524 quod
1650 2443 2008 2506 Nicomachi

216 2552 426 2603 narrat
481 2560 659 2600 musa
713 2542 1043 2621 pedestris:
1102 2543 1529 2623 Terpandrum
1582 2545 1785 2621 lyram
1829 2547 2005 2606 illam

218 2662 429 2704 secum
485 2643 551 2702 in
605 2641 959 2721 Aegyptum
1016 2643 1294 2702 attulisse
1361 2645 1467 2704 καὶ
1532 2645 1824 2716 ἐπιδεῖξαι
1877 2654 2007 2716 τοῖς
2099 2723 2102 2725 ,

219 2748 487 2826 ἱερεῦσιν
533 2742 616 2812 ὥς
658 2745 1103 2826 πρωθευρέτην
1130 2742 1468 2829 γενόμενον
1492 2742 1710 2803 Harm.
1755 2746 2003 2806 Elench.

217 2845 285 2904 L.
331 2845 408 2903 II.
452 2863 512 2923 p.
559 2843 658 2902 29.
703 2843 887 2902 Meib.
940 2845 1105 2903 Hinc
1153 2864 1299 2905 vero
1344 2846 1432 2903 sic
1476 2857 2003 2923 argumentantur:

221 2944 501 3005 Credidit
582 2943 910 3023 aliquando
980 2946 1204 3024 aliquis
1274 2945 1701 3025 Terpandrum
1770 2947 2003 3029 Orphei
2088 2973 2089 2977 ¹

219 3046 508 3105 barbiton
561 3045 961 3124 septingentis
1019 3048 1192 3104 annis
1248 3055 1391 3105 ante
1449 3058 1832 3127 compactam
1891 3051 2002 3108 cir-

221 3155 629 3222 cumgestasse
672 3146 847 3207 velut
887 3164 1119 3207 novum
1163 3148 1485 3208 inventum
1530 3159 1592 3206 et
1635 3167 1842 3223 suum3
1885 3139 2036 3207 hoc'

221 3250 325 3328 qui
369 3249 585 3307 fecisse
629 3247 705 3306 ab
753 3248 959 3326 aliquo
1005 3246 1271 3307 creditus
1299 3258 1408 3321 est,
1456 3248 1769 3329 Orpheum
1793 3251 1998 3329 ipsum

219 3353 464 3413 noverit
527 3366 773 3407 necesse
839 3357 959 3419 est3
1030 3350 1198 3427 atqui
1261 3348 1572 3428 Orpheum
1639 3350 1769 3428 qui
1803 3348 1998 3417 novit,

1749 3460 1808 3503 ,Ν
