2176 3886
219 200 260 258 8
805 204 1040 249 menn
1084 203 1392 248 ramus.

221 339 558 418 mysteria,
592 336 700 395 ita·
736 338 922 397 etiam
977 338 1293 397 Eleusinia
1348 335 1425 394 ab
1471 337 1702 395 exteris
1742 337 1988 399 invecta

222 455 397 501 veras
451 435 703 495 deorum
758 439 1041 497 notiones
1057 481 1074 511 ,
1140 437 1425 517 physicas
1482 444 1543 493 et
1596 435 1986 511 symbolicaS,

221 553 564 598 asservasse
597 538 811 596 statuit
828 535 921 618 [Ἴ.
966 537 1216 596 Possem
1249 552 1728 595 commemorare
1760 535 1988 613 plures,

219 632 327 696 sed
388 635 541 694 nihil
612 653 768 715 opus
832 636 1108 710 videtur;
1176 653 1323 694 nam
1381 628 1589 693 omnia
1641 632 1770 691 fere
1825 651 1988 694 com-

215 736 501 816 plectitur
559 731 846 794 Creuzeri
901 735 1231 806 sententia,
1286 751 1470 812 quam
1515 741 1586 791 ut
1626 731 1990 794 brevissime

217 835 568 907 absolvam,
613 834 875 893 referam
919 833 1139 892 iisdem
1182 831 1420 905 verbis,
1465 832 1684 912 quibus
1727 852 1766 892 a
1808 832 1990 893 docto

218 934 398 993 Gallo
458 932 609 993 silv.
667 933 745 992 de
803 934 962 1010 Sacy
1018 933 1297 1013 exposita
1354 940 1474 1005 est:
1527 931 1611 990 M.
1654 929 1992 992 'Creuzer

215 1051 479 1114 pense,
534 1029 887 1113 qu’apres
944 1034 1168 1094 avoir
1222 1034 1361 1092 mis
1415 1048 1590 1090 sous
1646 1031 1994 1108 lesffyeux

217 1132 352 1192 des
406 1130 684 1191 inities
740 1134 853 1192 les
897 1132 1584 1213 representations
1629 1131 1994 1208 symboli-

216 1250 395 1312 ques
441 1231 528 1290 de
570 1232 644 1290 13
687 1234 1179 1310 cosmogonie
1225 1242 1297 1292 et
1338 1231 1427 1291 de
1469 1230 1818 1309 l’origine
1861 1230 1993 1291 des

216 1333 518 1404 choseS‚
586 1332 697 1392 les
763 1334 1232 1411 migrations
1296 1341 1368 1391 et
1434 1331 1550 1390 les
1619 1331 1995 1412 purifica-

214 1432 421 1490 tions
490 1429 581 1489 de
653 1431 898 1506 l’ame,
961 1433 1320 1509 l’origine
1379 1440 1452 1489 et
1506 1431 1615 1490 les
1669 1428 1994 1511 progres

215 1528 303 1588 de
354 1530 887 1608 l’agriculture
957 1542 1028 1590 et
1082 1531 1170 1589 de
1225 1531 1299 1589 13
1355 1530 1853 1591 civilisation
1908 1529 1997 1590 de

214 1629 288 1687 la
333 1627 609 1702 Grece,
656 1650 747 1689 on
790 1633 1018 1690 tiroit
1063 1629 1154 1688 de
1199 1648 1318 1688 ces
1362 1628 1750 1705 symboles
1794 1639 1866 1689 et
1909 1629 1998 1697 de

216 1747 336 1786 ces
418 1725 719 1803 sceneS,
811 1730 998 1790 dans
1062 1729 1177 1786 les
1245 1726 1523 1807 grands
1590 1726 2001 1805 mystereS‚

214 1845 359 1885 une
413 1828 891 1887 instruction
958 1827 1306 1887 destinee
1362 1827 1792 1887 seulement
1846 1847 1999 1888 aux

213 1925 388 2005 plus
448 1927 825 2005 parfaits·‚
896 1937 970 1987 et
1038 1946 1180 2007 que
1245 1927 1385 1986 l’on
1458 1926 1799 1987 confiuit
1854 1946 1998 1988 aux

217 2025 548 2107 epoptes
620 2027 735 2087 les
806 2026 1103 2089 vetites
1174 2026 1262 2086 de
1328 2027 1780 2086 l’existence
1836 2026 2000 2086 d’un

217 2125 396 2184 dieu
452 2128 738 2207 unique
794 2136 868 2187 et
922 2126 1227 2187 eternel
1284 2136 1359 2186 et
1415 2125 1620 2186 dela
1662 2125 2002 2186 destina-

217 2227 387 2284 tion
431 2224 935 2289 de'l’univers
992 2239 1065 2286 et
1120 2226 1208 2285 de
1251 2227 1594 2286 l’homme
1639 2245 1721 2285 en
1766 2229 2005 2307 parti-

219 2325 464 2383 culier
490 2321 581 2404 [¹].
682 2325 1005 2403 Magnifica
1065 2327 1198 2386 sine
1247 2324 1446 2384 -dubio
1489 2344 1587 2385 res
1633 2336 1694 2386 et
1738 2327 2003 2387 Graeco-

217 2443 357 2483 rum
399 2426 644 2501 ingenio
689 2424 1076 2502 dignissima,
1130 2423 1469 2484 dummodo
1512 2428 1690 2486 vera!
1748 2425 1873 2486 Sed
1914 2436 2002 2485 te-

219 2525 542 2596 stimonia,
624 2543 780 2602 quae
852 2543 889 2583 3
959 2542 1199 2603 quoque
1265 2525 1484 2584 harum
1560 2528 2002 2586 sententiarum

220 2632 467 2683 auctore
508 2622 921 2703 proferuntur,
962 2625 1190 2703 partim
1232 2625 1386 2683 nihil
1429 2625 1695 2705 amplius
1739 2624 2006 2687 efficiunt

220 2724 376 2796 nisi,
436 2722 602 2803 quod
658 2742 839 2782 nemo
897 2722 1172 2796 dubitat,
1217 2723 1675 2785 Eleusiniorum
1717 2745 2004 2805 magnam

221 2823 412 2882 fuisse
456 2821 623 2902 apud
667 2833 904 2884 veteres
949 2823 1178 2882 famam
1218 2834 1280 2883 et
1314 2822 1815 2902 admirationem3
1857 2846 2003 2908 pars

222 2923 288 2980 in
333 2923 694 3000 conjecturis
739 2933 801 2982 et
843 2923 1293 3002 suspicionibus
1335 2926 1542 3004 posita
1585 2935 1710 2999 est,
1754 2927 1817 2986 in
1854 2945 2004 3008 quas

225 3040 534 3081 sacrorum
607 3033 979 3104 spectatores
1035 3024 1136 3084 vel
1198 3043 1311 3083 sua
1366 3033 1588 3104 sponte
1642 3025 2004 3101 inciderunt,

343 3204 408 3262 [k]
441 3205 573 3248 Ideen
604 3208 711 3249 iiber
741 3208 811 3250 die
842 3207 1003 3250 Politik
1032 3210 1116 3252 etc.
1149 3207 1206 3250 T.
1237 3207 1320 3249 111.
1350 3223 1391 3265 p.
1421 3208 1493 3250 90.

344 3276 410 3334 [¹]
454 3278 558 3321 Not.
601 3279 655 3321 ad
686 3279 895 3323 Saintecr.
934 3280 989 3323 T.
1019 3281 1054 3323 Ι.
1085 3295 1126 3337 p.
1156 3276 1255 3323 448.
1310 3280 1595 3335 nnmerum,
1634 3283 1709 3339 qui
1738 3283 1781 3326 in
1811 3283 2017 3334 omnibus,

230 3336 506 3380 Sancrucium
538 3338 794 3394 pedetentim
826 3339 1034 3397 sequitur,
1064 3339 1109 3382 in
1139 3338 1220 3382 hac
1251 3353 1381 3384 causa
1410 3345 1563 3398 postca
1593 3355 1676 3384 non
1706 3341 1943 3386 nominabo.

2168 0 2176 235 ι

2164 239 2176 691 ³
