2158 3848
697 227 1271 274 ELEUSINIA.
1754 215 1873 275 161

102 392 137 446 ρ
154 363 450 430 ατικοὺς
514 366 760 443 θεσμο
776 359 849 428 ὐς
917 363 1001 441 ξῑς
1070 358 1446 442 συμφωνίαν
1503 359 1872 447 συνάγειν

101 467 226 549 οἷς,
264 458 604 524 Πλάτων
657 456 1159 542 ἐδογμάτισε,
1218 457 1588 540 βούλεται
1630 459 1870 536 Fragm.

96 584 158 643 p.
211 560 352 626 244.
384 555 483 638 [Ἴ
552 555 835 622 Clemens
894 558 1150 637 Recogn.
1207 557 1280 620 L.
1336 556 1414 617 X.
1471 556 1571 637 336.
1623 576 1683 637 p.
1731 558 1870 618 321.

95 658 560 735 „Prudentes
613 658 803 733 viri,
859 677 1085 739 quum
1142 657 1503 729 viderent
1557 676 1874 727 commu-

95 778 295 835 „nem
335 777 617 837 ,εηΡθῐε
634 759 1006 818 titionem
1063 768 1215 833 tam
1259 759 1724 840 probrosam
1770 775 1874 818 es-

93 878 246 934 ,‚se‚
310 858 595 938 quibus
652 878 695 938 p
712 868 1077 918 otuerunt
1109 878 1389 937 -argum
1406 861 1609 919 entis
1655 865 1730 916 et
1770 858 1876 919 in·

95 958 843 1039 „terpretationibus
888 961 1150 1019 conati
1194 969 1373 1018 sunt
1406 978 1527 1018 res
1562 959 1876 1019 inhone-

95 1068 298 1133 „stas
340 1060 672 1117 honesto
715 1059 982 1127 velare
1025 1066 1446 1117 sermone.“
1525 1039 1736 1137 Neque
1780 1076 1878 1117 so-

95 1162 223 1220 lum
278 1169 605 1238 utrumque
646 1175 834 1235 genus
876 1159 1404 1238 interpretationis
1448 1157 1696 1217 easdem
1741 1175 1879 1216 cau-

94 1280 193 1322 sas
246 1258 358 1319 sed
412 1259 598 1316 etiam
652 1275 834 1336 pares
878 1275 1189 1332 successus
1234 1257 1467 1318 habuit.
1552 1256 1711 1317 Nam
1749 1255 1881 1316 ‘Xe-

92 1360 411 1440 nophanes
454 1375 766 1425 sacrorum
815 1359 971 1425 ritus
1013 1359 1260 1439 ineptos
1305 1378 1377 1419 ac
1418 1359 1881 1438 superstitiosos

97 1460 319 1535 eodem
362 1457 614 1545 fastidio
660 1476 781 1537 quo
826 1459 1022 1538 impia
1058 1468 1386 1538 poetarum
1414 1466 1763 1519 commenta
1786 1476 1882 1515 re-

94 1561 384 1643 pudiavit
397 1601 415 1631 ‚
475 1558 830 1638 Eleatisque
871 1559 1302 1637 quaerentibus
1346 1578 1426 1619 an
1468 1559 1885 1620 Leucotheam

98 1663 365 1721 colerent
390 1660 887 1738 plangerentque‚
930 1659 1251 1739 respondit
1284 1661 1380 1720 his
1409 1659 1645 1722 verbis:
1691 1663 1744 1720 εἰ
1766 1656 1884 1737 μὲν

96 1765 268 1828 θεὸν
291 1756 832 1840 ὑπολαμβάνουσι,
875 1759 962 1840 μὴ
995 1764 1280 1841 θρηνεῖν,
1326 1767 1378 1822 εἰ
1417 1760 1485 1822 δὲ
1511 1762 1880 1839 ἄνθρωπον,

96 1866 183 1948 μὴ
224 1861 411 1927 θύειν
452 1859 709 1920 Aristot.
751 1857 928 1917 Rhet.
967 1860 1045 1919 H.
1083 1860 1182 1918 23.
1220 1861 1363 1919 287.
1380 1856 1475 1939 [bb]
1536 1855 1714 1917 Unde
1755 1875 1885 1915 ma-

95 1965 392 2027 nifestum
432 1969 526 2021 est
548 1977 690 2018 eum
718 1957 858 2017 illas
875 1958 1257 2035 ‚symbolicas
1282 1959 1680 2031 ratiunculaS,
1726 1975 1884 2036 quae

95 2063 455 2143 lugubribus
498 2060 688 2120 sacris
730 2058 986 2119 subtexi
1029 2061 1247 2134 solent,
1291 2068 1400 2120 aut
1437 2062 1755 2138 ignorasse
1778 2065 1888 2116 aut

99 2165 511 2229 contemsisse.
565 2160 850 2239 Denique
862 2204 880 2234 ‚
923 2168 996 2220 ut
1036 2160 1388 2220 fabularum
1431 2159 1859 2239 interpretatio
1874 2171 1891 2222 -ς

97 2267 196 2325 nis
237 2262 364 2324 duo
406 2263 657 2329 fuerunt
697 2279 939 2338 genera,
981 2279 1175 2320 unum
1203 2261 1583 2333 historicum,
1626 2252 1889 2318 alterum

100 2363 415 2436 naturale,
468 2364 561 2425 ita
613 2362 802 2426 etiam
845 2361 1186 2440 priscarum
1230 2362 1704 2420 cerimoniarum
1749 2377 1891 2416 cau·
1937 2362 1942 2367 ’

9 2507 14 2524 ,
101 2485 207 2528 sae
249 2461 438 2525 modo
484 2462 561 2522 ab
606 2461 864 2533 historia
915 2459 1104 2520 modo
1148 2479 1186 2519 a
1227 2461 1622 2540 physiologia
1662 2460 1891 2539 repeti-

9 2530 15 2579 ,ἐ

0 2671 11 2711 ἐ

0 2721 17 2750 Μ’

103 2577 205 2627 tae
239 2573 416 2642 ¹sunt.
503 2560 678 2634 Quae
729 2579 829 2620 res
884 2579 962 2619 ne
1005 2560 1229 2620 falsam
1275 2560 1352 2620 de
1395 2561 1709 2638 mysteriis
1756 2561 1889 2640 opi-

101 2668 351 2727 nionem
395 2663 739 2735 confirmet,
781 2662 1088 2741 imprimis
1131 2661 1589 2742 providendum
1635 2669 1746 2720 est.
1816 2658 1890 2718 Id

0 2789 12 2822 ν.
106 2777 312 2829 autem
377 2762 669 2823 facillime
726 2760 1136 2835 obtinebitur,
1207 2764 1263 2822 si
1320 2778 1888 2832 commemoremuS,

110 2877 334 2948 quanta
373 2873 655 2926 veterum
686 2863 754 2923 in
787 2861 1168 2942 inquirendis
1197 2883 1403 2923 rerum
1438 2864 1715 2922 omnium
1748 2878 1888 2919 cau-

116 2968 200 3025 sis
242 2977 303 3026 et
344 2963 694 3024 auctoribus
736 2963 922 3022 fuerit
965 2965 1308 3036 curiositas,
1353 2971 1582 3042 quanta
1624 2962 1690 3018 in
1726 2978 1889 3019 com-

118 3063 505 3126 miniscendis
548 3064 878 3124 temeritas
924 3062 1211 3123 Graeculi
1251 3063 1364 3136 illi,
1409 3063 1514 3142 qui
1556 3079 1654 3120 res
1679 3060 1889 3140 paullo

238 3201 302 3260 [Β]
331 3202 524 3248 Eandem
563 3216 738 3260 operam
775 3202 1039 3247 Jamblichus
1079 3206 1214 3246 navat
1241 3203 1377 3246 sacris
1407 3202 1585 3259 magicis
1614 3202 1670 3245 ad
1699 3202 1888 3259 philoso-

125 3264 267 3321 phiam
298 3261 662 3306 accommodandis
692 3261 746 3304 de
776 3261 910 3317 Myst.
938 3262 992 3305 L.
1022 3262 1057 3304 Ι.
1087 3278 1131 3319 p.
1160 3263 1232 3303 20.
1263 3275 1327 3317 sq.

246 3318 328 3376 [bb]
362 3320 448 3364 Alii
485 3321 569 3364 hoc
611 3333 705 3364 eum
745 3319 800 3362 de
829 3319 1014 3364 osiridis
1045 3321 1161 3364 cultu
1199 3320 1393 3363 luctuoso
1422 3319 1582 3363 dixisse
1610 3320 1817 3364 referunt.
1847 3333 1886 3361 v.

131 3379 317 3424 Brandis
347 3377 578 3423 Commeat..
607 3378 753 3422 Eleat.
786 3393 826 3436 p.
853 3377 924 3421 70.
953 3379 1142 3424 Reimar.
1174 3379 1230 3422 ad
1260 3378 1385 3425 Dion.
1417 3379 1539 3422 Cass.
1570 3379 1620 3420 L.
1651 3377 1768 3420 LIX.
1798 3376 1838 3417 2.
