2158 3848
722 251 1294 334 EILEUSINIA.
1782 244 1902 303 179

123 387 267 446 culli
310 395 373 444 et
413 386 756 466 scapularis
791 384 1102 459 mysteriis
1119 384 1211 465 [W]
1272 385 1581 460 ingenium
1628 395 1900 467 tempus-

121 506 236 566 que
290 495 580 545 conterat.
685 483 897 565 Neque
957 494 1163 544 tamen
1217 484 1369 543 haec
1422 495 1632 542 nostra
1690 485 1900 565 dispu-

118 586 287 644 tatio
330 604 403 643 eo
453 586 720 664 pertinet
778 595 848 644 ut
899 586 966 643 in
1022 584 1277 644 deorum
1316 585 1686 643 *cerimoniis
1746 587 1901 644 nihil

116 687 519 764 significatum
566 703 699 743 esse
742 685 1137 759 contendam,
1201 703 1314 742 nec
1359 703 1499 742 sum
1544 685 1790 761 ignarus
1834 688 1898 744 in

116 804 326 863 regum
391 786 892 862 inauguratione,
970 788 1036 844 in
1094 785 1402 844 creatione
1458 786 1766 863 equitum,
1834 787 1900 844 in

113 886 564 944 renuntiatione
609 884 974 958 doctorum,
1003 887 1155 944 item
1199 887 1266 944 in
1310 884 1656 964 baptismo,
1701 886 1766 944 in
1805 904 1902 944 or-

116 985 432 1045 dinatione
468 996 530 1044 et
564 986 1145 1057 incathedratione,
1192 983 1455 1063 denique
1479 987 1544 1042 in
1571 983 1903 1044 traditione

113 1086 444 1146 fundorum
482 1097 545 1146 et
569 1086 815 1146 aedium
851 1095 912 1144 et
945 1087 1010 1143 in
1040 1085 1410 1145 investitura
1433 1082 1698 1156 feudali,
1741 1087 1903 1144 mul-

114 1197 209 1246 tas
252 1205 350 1246 res
362 1230 379 1259 ,
447 1206 602 1266 quae
661 1186 852 1246 oculis
914 1185 1131 1263 subjici
1175 1202 1303 1242 non
1356 1193 1649 1264 possunt,
1714 1186 1903 1262 signis

113 1285 477 1365 quibusdam
525 1284 782 1344 ostendi.
831 1284 994 1363 ‚Sed
1030 1285 1148 1344 hoc
1193 1283 1526 1342 concedere
1577 1302 1702 1342 non
1759 1304 1900 1366 pos-

110 1403 351 1459 sumuS,
396 1394 467 1444 ut
507 1385 963 1466 quibuscunque
1006 1384 1226 1444 ritibus
1260 1384 1547 1442 sensiculi
1589 1385 1904 1444 insinuen-

111 1497 212 1546 tur
267 1494 440 1544 extra
493 1505 623 1545 rem
677 1486 860 1566 petiti
914 1495 976 1544 et
1031 1486 1466 1544 commenticii.
1553 1484 1695 1544 Hoc
1737 1488 1901 1545 enim

111 1587 506 1667 requirimuS,
551 1595 621 1645 ut
662 1587 818 1645 ritus
860 1587 997 1666 ipse
1039 1604 1165 1643 non
1211 1587 1586 1644 extrinsecus
1622 1584 1701 1643 ad
1727 1605 1904 1666 pom-

111 1705 259 1767 pam
306 1694 368 1744 et
410 1686 882 1746 oblectationem
929 1687 1245 1745 oculorum
1303 1695 1612 1744 assumtus
1626 1729 1643 1759 ,
1708 1705 1904 1766 neque

115 1789 300 1846 etiam
347 1804 432 1844 ex
474 1805 542 1844 re
582 1787 722 1865 ipsa
752 1796 933 1845 natus
977 1785 1089 1845 sed
1131 1786 1593 1862 significationis
1640 1804 1780 1862 ergo
1810 1805 1905 1845 ar-

113 1889 366 1947 cessitus
393 1894 718 1965 appareat,
762 1895 833 1944 ut
877 1906 949 1946 ea
994 1887 1153 1945 clare
1197 1904 1526 1965 expressa,
1574 1904 1710 1944 cum
1747 1896 1903 1946 tem-

110 2008 264 2070 pore
307 1996 370 2046 et
413 2004 595 2045 causa
635 1987 904 2045 instituti
948 1987 1273 2064 conjuncta
1316 2005 1428 2044 nec
1461 1986 1665 2045 aliena
1709 1974 1789 2046 sit
1827 1988 1904 2047 ab

111 2076 327 2149 eorum
370 2087 646 2164 ingenio,
718 2105 757 2145 a
801 2085 1023 2166 quibus
1067 2105 1204 2146 mos
1261 2096 1582 2166 susceptus
1642 2097 1738 2147 est
1779 2092 1905 2168 pri—

110 2191 248 2251 mis·
335 2187 510 2247 Haec
568 2188 623 2246 si
676 2188 849 2265 signa
904 2190 1113 2246 omnia
1171 2198 1513 2265 congruunt
1578 2178 1785 2270 (quod
1837 2191 1904 2248 in

112 2289 284 2348 nullo
330 2288 718 2367 superiorum
763 2288 1186 2366 exemplorum
1233 2289 1511 2366 contigit)
1555 2307 1683 2346 non
1727 2287 1904 2347 dubi-

113 2389 380 2449 tabimus
424 2385 830 2463 symbolicum
877 2386 1111 2461 dicere,
1180 2387 1478 2468 quidquid
1533 2371 1675 2446 isto
1713 2388 1901 2448 modo

115 2495 537 2569 comparatum
583 2497 691 2546 est.
781 2487 849 2547 Si
893 2487 1214 2568 pleraque,
1260 2489 1394 2549 veri
1426 2488 1627 2546 simile
1650 2487 1900 2567 quidem

113 2589 428 2651 videbitur
469 2586 656 2660 illud,
713 2586 824 2646 sed
867 2589 1156 2667 quoniam
1200 2589 1338 2648 veri
1391 2588 1621 2647 similia
1662 2607 1905 2668 quoque

112 2687 459 2767 frequenter
515 2687 673 2747 falsa
727 2698 899 2761 sunt,
956 2700 1091 2749 ‘non
1145 2707 1519 2769 magnopere
1577 2686 1904 2747 affirmabi-

114 2807 281 2861 muS,
324 2786 554 2847 nedum
598 2807 713 2868 pro
754 2799 1116 2867 argumento
1161 2797 1439 2862 utemur,
1494 2790 1586 2847 rei
1628 2808 1906 2868 praeserf

117 2888 231 2946 tim
274 2898 708 2950 controversae
746 2898 1265 2971 concertataeque.
1356 2889 1424 2948 Si
1450 2890 1636 2968 plane
1664 2888 1904 2963 desunt,

118 2986 507 3048 irridebimus
563 2999 932 3067 argutantes.
1022 2988 1212 3069 Cujus
1270 2989 1641 3049 discriminis
1699 2988 1904 3048 obser-

122 3087 291 3146 vatio
326 3090 670 3170 praeceptis
715 3089 877 3150 tradi
919 3094 1149 3172 nequit,
1195 3090 1305 3149 sed
1339 3090 1607 3148 naturali
1633 3088 1900 3170 quodam

119 3187 397 3246 acumine
451 3191 742 3263 sentitur,
806 3208 930 3251 non
987 3211 1162 3252 secus
1207 3209 1388 3270 quam
1446 3191 1605 3249 inter
1649 3186 1897 3249 Critico-

118 3305 255 3345 rum
300 3288 673 3366 conjecturas
717 3309 927 3364 veras,
971 3295 1107 3354 veri
1150 3291 1384 3351 similes
1429 3300 1489 3349 et
1533 3308 1724 3351 vanas
1758 3289 1901 3370 quid

240 3412 307 3468 [w]
355 3428 395 3455 v.
439 3413 647 3460 Dorothei
688 3416 839 3460 Doctr.
881 3417 938 3461 Τ.
980 3419 1013 3460 Ι.
1056 3435 1098 3477 p.
1137 3418 1236 3461 755.
1269 3432 1332 3474 sq.
1362 3417 1405 3461 in
1436 3417 1550 3460 Bibl.
1580 3417 1706 3474 Bign.
1738 3415 1796 3459 T.
1828 3415 1904 3462 XI.

1412 3491 1490 3550 12
1536 3494 1571 3534 '⁴‘
