2158 3848
194 165 320 225 294
721 175 957 219 ΜΒΕΡ.
1000 175 1431 220 SECUNDUS.

68 298 77 303 ’
196 305 542 383 Hesychius
602 306 844 366 Silenos
911 306 1166 386 proprio
1237 305 1504 384 quodam
1563 306 1970 369 Macedonum

198 405 498 468 vocabulo
544 405 850 476 Σαυάὸας
893 404 1012 465 dici
1059 406 1457 466 confirmaret.

365 505 480 566 Illa
524 524 674 567 vero
717 507 855 585 ipsa
881 505 1177 564 Thraciae
1220 507 1387 581 loca,
1430 524 1586 586 quae
1610 505 1830 567 Bacchi
1871 524 1974 566 sa-

202 606 317 665 cris
361 607 651 682 insignita
695 613 868 677 sunt,
924 606 1112 663 etiam
1168 604 1399 685 Orphei
1462 608 1722 684 vestigia
1782 607 1974 686 pluri-

198 724 302 764 ma
358 703 702 764 ostendunt.
799 704 958 764 Nam
1025 701 1190 782 quod
1256 705 1679 766 Dioscuriadis
1739 706 1977 766 incolae

197 804 358 863 hunc
414 813 623 864 vatem
679 802 848 883 apud
902 821 969 862 se
1021 813 1234 862 natum
1291 805 1569 866 ferebant
1591 850 1608 880 ‚
1693 805 1978 886 quodque

199 904 433 963 Plinius
475 903 578 963 IV.
629 903 724 964 18.
780 913 844 963 et
899 903 1059 963 hunc
1100 914 1392 984 sequutus
1447 917 1627 966 vetus
1670 905 1980 966 Plutarchi

201 1007 503 1085 interpres
548 1004 626 1063 de
667 1003 874 1065 Nobil.
917 1001 1058 1063 XX.
1103 1003 1248 1063 978.
1306 1004 1502 1081 wytt.
1544 1005 1614 1065 id
1653 1006 1838 1089 decus
1882 1007 1980 1066 Si-

201 1104 429 1164 thoniis
486 1105 667 1165 Ponti
722 1102 944 1163 accolis
1002 1103 1317 1165 vindicare
1370 1085 1656 1180 student}
1687 1107 1827 1173 ‘vix
1881 1104 1982 1165 di—

200 1223 384 1282 gnum
429 1213 793 1265 memoratu.
883 1203 1186 1282 Oeagrum
1221 1203 1469 1283 quidem
1497 1205 1850 1282 Simoni-m
1891 1206 1983 1265 fa-

202 1306 286 1364 cit
326 1303 582 1365 Nonnus
626 1305 826 1366 XXII.
877 1306 1014 1366 179.
1057 1305 1169 1365 sed
1214 1305 1344 1382 ejus
1391 1295 1740 1380 Sithoniae,
1783 1324 1984 1386 quam

199 1404 559 1465 Herodotus
604 1404 810 1467 verbis
870 1406 1277 1484 apertissimis
1319 1423 1430 1465 nec
1473 1405 1832 1481 obscui'e21ii
1875 1406 1983 1466 de-

202 1506 472 1582 signant,
517 1507 622 1585 qui
648 1505 968 1565 Sithonem
1012 1522 1216 1582 regem
1243 1505 1530 1564 Pallenae
1572 1515 1816 1586 patrem
1845 1527 1984 1587 per-

200 1604 414 1664 hibent
457 1602 674 1665 Conon
728 1604 807 1665 X.
868 1604 1149 1666 Parthen.
1192 1604 1296 1663 VI.
1357 1605 1558 1666 Nonn.
1600 1605 1878 1666 XLvlu.
1921 1627 1985 1670 v.

208 1704 347 1764 186.
394 1724 698 1786 quamque
719 1705 977 1767 Nonnus
1018 1707 1156 1786 ipse
1193 1705 1468 1768 Ἀθωίὸα
1503 1716 1688 1767 vocat
1708 1704 1814 1766 m.
1840 1707 1983 1768 216.

202 1805 566 1884 Euphorion
611 1816 820 1865 autem
863 1806 1108 1885 Fragm.
1151 1825 1213 1884 p.
1263 1802 1401 1864 125.
1447 1804 1720 1882 Olyntho
1767 1807 1986 1885 adjun-

204 1906 306 1982 git.
395 1904 711 1986 Orpheum
767 1908 974 1987 ipsum
1030 1905 1400 1986 Apollonius
1455 1907 1502 1965 I.
1559 1906 1662 1966 30.
1748 1906 1984 1965 Pieriae

204 2005 552 2065 Bistonicae
594 2025 797 2084 regem
839 2015 1054 2080 vocat,
1114 2005 1220 2065 ubi
1272 2004 1419 2064 illae
1475 2003 1787 2085 Orpheo
1843 2008 1985 2065 mi-

206 2114 519 2182 grantes
606 2108 918 2185 pectine
1005 2105 1289 2179 silvae,
1374 2106 1540 2179 sive,
1627 2115 1700 2165 ut
1763 2106 1985 2167 Nican⁶

209 2203 318 2263 der
362 2206 452 2264 ait
495 2205 673 2265 Ther.
716 2206 863 2265 462.
919 2206 1143 2289 Ἕβρος
1192 2206 1299 2269 ἵνα
1346 2202 1585 2281 ζωναῒοὶ
1635 2206 1686 2267 τ’
1728 2208 1856 2288 ’ὄρη
1900 2242 1986 2254 ——-

207 2306 312 2367 καὶ
364 2304 547 2388 δρύες
607 2305 967 2392 Οῑαγρίὸαο.
1053 2304 1174 2365 His
1233 2304 1386 2364 locis
1445 2306 1839 2383 conjunctum
1895 2317 1990 2367 est

210 2404 526 2466 Serrhium
568 2407 1098 2486 promontorium,
1152 2406 1233 2466 in
1276 2424 1423 2486 quo
1466 2406 1612 2464 ille
1655 2406 1826 2468 sive
1864 2425 1988 2467 sa-

211 2523 513 2564 crorum
579 2508 750 2566 sive
816 2514 1180 2565 cantuum
1259 2515 1568 2564 secreta
1639 2507 1989 2583 agi-tasse

214 2604 503 2664 dicitur
547 2605 737 2664 Solin.
794 2625 844 2664 c.
888 2604 1052 2665 XVI.
1115 2624 1174 2667 v.
1219 2603 1554 2663 Tzschuck.
1599 2603 1682 2663 ad
1719 2604 1867 2664 Mel.
1908 2606 1985 2664 Π.

211 2707 268 2764 2.
333 2707 391 2764 8.
476 2706 548 2765 In
590 2704 870 2783 Pangaeo
914 2713 1125 2764 monte
1170 2703 1483 2784 Orpheum
1526 2721 1568 2763 a
1608 2714 1806 2763 matre
1850 2701 1987 2764 Cal-

209 2805 380 2884 liope
431 2823 824 2865 numerorum
880 2823 1100 2865 arcana
1161 2803 1448 2863 edoctum
1501 2822 1639 2875 esse
1664 2805 1738 2882 [Β]
1806 2814 1992 2866 vetus

214 2916 425 2965 auctor
469 2906 864 2966 Sermo-nis
907 2905 1111 2965 sacri
1154 2902 1344 2964 tradit
1387 2904 1555 2984 apud
1577 2903 1986 2964 Jamblichum

213 3004 285 3062 V.
330 3005 394 3063 P.
438 3005 724 3066 XXVIII.
769 3006 910 3067 306.
976 3005 1182 3084 ibique
1226 3006 1412 3064 etiam
1455 3005 1862 3082 Pythagoram
1907 3005 1984 3064 ab

213 3103 640 3186 Aglaophamo
685 3106 994 3184 mysteriis
1036 3105 1376 3179 initiatum3
1447 3123 1602 3186 quae
1645 3124 1828 3166 causa
1870 3105 1988 3165 fuit
2038 3129 2040 3132 ’

302 3275 394 3376 1gg]
447 3274 501 3318 τὰ
552 3278 656 3332 περὶ
712 3278 833 3320 θεῶν
888 3271 1019 3335 ὄργια
1073 3275 1297 3319 substituit
1347 3273 1554 3317 Proculus
1605 3275 1647 3317 in
1699 3273 1853 3320 Theol.
1906 3273 1981 3314 Vl.

214 3346 254 3389 P.
358 3363 368 3373 .

2150 233 2156 312 1
