2158 3848
231 200 357 269 460
522 196 524 202 ’
761 218 998 263 LIBER
1041 217 1466 261 SECUNDUS.

230 352 429 433 Epict.
485 369 534 413 o.
580 347 679 408 39.
735 345 877 410 259.
931 346 1005 408 A.
1071 346 1144 406 ef.
1191 342 1469 406 creuzer.
1514 344 1595 404 ad
1639 345 1992 426 Olympiod.

230 473 290 534 p.
341 447 479 511 115.
547 447 864 531 προλιπών
920 451 1017 508 ἴθι
1073 446 1286 509 Πυθώ
1341 446 1488 509 δῖαν
1555 444 1755 505 Schol.
1809 444 1994 507 Arist.

229 553 420 612 Rann.
469 548 649 608 1249.
688 549 818 610 ἀλλ’
865 550 964 608 ἴθι
1005 546 1217 628 μηκέτι
1258 546 1431 628 μέλλε
1475 544 1696 605 Euseb.
1740 545 1835 604 Pr.
1879 545 1998 606 EV.

231 651 333 711 vl.
377 650 436 710 7.
480 645 623 708 255.

1018 857 1071 938 ξ.
1159 855 1215 918 5.

401 1014 629 1077 Justini.
670 1015 1082 1093 fragmentum
1137 1011 1469 1073 secundum
1524 1014 1634 1085 Εἷς
1678 1013 1865 1088 Ζεὺς,
1922 1013 2004 1082 εἷς

224 1116 430 1197 Ἀΐδης
470 1152 555 1162 -
600 1116 950 1174 concinnius
995 1121 1107 1186 est,
1151 1132 1334 1192 quam
1378 1123 1449 1173 ut
1493 1122 1718 1194 poetae
1760 1122 1868 1173 aut
1899 1110 2006 1171 Ju-

233 1209 390 1275 daeo
436 1223 545 1275 aut
590 1211 937 1273 Christiano
997 1212 1186 1272 tribui
1240 1216 1439 1293 possit
1494 1223 1555 1274 et
1612 1233 1652 1273 a
1690 1211 2005 1273 Macrobio

212 1316 552 1393 ‘conjuncte
609 1333 744 1373 cum
802 1314 939 1372 aliis
986 1312 1216 1392 Orphei
1270 1313 1550 1374 versibus
1605 1314 1854 1373 affertur
1897 1311 2008 1371 Sa-

233 1424 392 1474 turn.
448 1415 495 1472 Ι.
557 1414 652 1472 18.
718 1414 905 1471 Item
960 1431 1235 1472 versus
1295 1411 1620 1492 Orphici
1671 1415 2007 1496 Εὗβουλῆα

232 1522 612 1575 vocantes
669 1511 856 1571 boni
917 1512 1236 1571 consilii
1290 1510 1484 1570 hunc
1543 1510 1761 1571 deum
1805 1510 2010 1594 (Libe-

232 1611 400 1691 rum)
443 1614 906 1693 praestitem
949 1619 1405 1672 monstrant.
1490 1611 1673 1671 Nam
1727 1612 1792 1670 si
1838 1627 2010 1669 con-

235 1719 464 1793 ceptu
506 1713 789 1772 mentis
835 1711 1174 1771 consilia
1227 1719 1685 1785 nascuntur,
1744 1707 2010 1770 mundi

236 1822 493 1872 autem
540 1821 870 1871 mentem
915 1812 1159 1871 solem
1205 1829 1376 1870 esse
1422 1812 1848 1890 opinantur
1891 1828 2012 1869 au-

237 1922 525 1985 ctores»,
583 1931 621 1971 a
674 1931 816 1991 quo
872 1913 951 1970 in
995 1911 1346 1970 homines
1402 1919 1662 1969 manat
1702 1909 2012 1969 intelli-

238 2010 464 2091 gendi
519 2012 1034 2091 principium,
1101 2011 1374 2070 merito
1446 2009 1627 2068 boni
1692 2009 2013 2069 consilii
2119 2085 2125 2088 ᾗ

238 2113 477 2192 solem
523 2113 964 2171 antistitem
1010 2109 1530 2170 crediderunt.
1597 2109 1855 2169 Solem
1898 2108 2012 2167 Li-
2087 2182 2091 2185 ῃ

237 2211 502 2271 berum
590 2229 759 2271 esse
844 2211 1259 2270 manifeste
1335 2210 1804 2289 pronuntiat
1878 2206 2011 2268 Or-

238 2312 482 2392 pheus
525 2313 666 2372 hoc
709 2331 942 2374 versu

370 2425 553 2486 ’Ἡλιος
586 2423 644 2476 ὃν
677 2424 935 2478 Διόνυσον
969 2423 1226 2491 ἐπίκλησιν
1258 2422 1524 2477 καλέουσιν

243 2535 318 2585 et
370 2528 436 2585 is
493 2525 799 2605 quidem
855 2540 1133 2586 versus
1178 2524 1660 2596 absolutior,
1717 2523 1857 2582 ille
1899 2540 2015 2582 ve-

243 2645 323 2686 ro
370 2623 714 2704 ejusdem
759 2625 968 2685 vatis
1014 2625 1427 2704 operosior

382 2735 475 2799 Εἷς
507 2736 653 2802 Ζεὺς,
690 2733 759 2798 εἷς
783 2735 984 2805 Ἀΐδης,
1024 2732 1095 2797 εἷς
1117 2735 1325 2799 “Ὴλιος,
1365 2731 1436 2796 εἷς
1469 2731 1741 2795 Διόνυσος.

144 2841 146 2844 ’
242 2839 425 2900 Hunc
466 2857 716 2900 versum
763 2847 825 2897 et
868 2839 1148 2910 alterum,
1195 2855 1348 2917 quos
1394 2842 1427 2897 J
1432 2838 1666 2895 ustinus
1711 2837 1885 2895 affert
1930 2839 2013 2913 (v.

244 2941 310 2999 P.
369 2940 446 3000 11.
493 2961 539 2999 ο.
581 2940 657 2998 11.
718 2940 819 2999 Fr.
862 2939 964 3017 Π.)
1021 2948 1154 2996 tum
1215 2936 1455 3012 Sibylla
1495 2924 1739 2996 imitari
1770 2935 2017 2998 videtur

248 3039 316 3099 L.
359 3041 405 3098 Ι.
450 3059 510 3119 p.
556 3038 656 3099 25.

386 3149 478 3213 Εἷς
513 3151 637 3214 θεός
675 3154 808 3217 ἔστι,
844 3150 1063 3223 βροχὰς,
1103 3149 1347 3216 ἀνέμους,
1386 3148 1623 3216 σεισμοὺς
1656 3148 1946 3214 ἐπιπέμπων

387 3240 469 3290 καὶ
507 3237 766 3308 νιφετοὺς,
805 3233 1123 3306 κρύσταλλοις
1162 3238 1213 3286 τί
1245 3234 1309 3302 δὴ
1345 3234 1464 3287 καθ’
1502 3231 1557 3285 (ἐν
1592 3229 1896 3303 ἕξαγορεὺως

250 3344 391 3423 (pro
448 3359 565 3420 quo
626 3340 904 3420 Orpheus
962 3338 999 3396 l.
1056 3358 1102 3396 c.
1171 3338 1231 3398 :ri
1286 3358 1379 3398 σοι
1434 3336 1577 3416 δίχα
1634 3337 1803 3398 ταῦτ’
1865 3335 2014 3416 dyo-
