2158 3848
229 212 352 284 778
754 226 988 268 mmm
1031 225 1459 282 SECUNDUS.

222 354 419 414 satis
464 352 770 429 dehoc,
818 354 1252 426 confectum
1299 366 1446 431 est,
1504 373 1763 436 eamque
1800 360 1992 436 signi-

219 453 561 529 ficationem
616 453 839 527 habere
882 454 1171 526 Latinum
1215 474 1370 534 pax,
1431 475 1576 537 pax
1618 459 1866 537 periit
1900 459 1992 530 ‚il-

218 553 404 629 lico,
469 564 531 627 et
594 572 806 632 parem
866 564 1232 634 potestatem
1287 555 1666 634 Hesychium
1723 557 1992 632 tribuere

215 671 430 731 graeco
485 652 785 726 vocabulo
830 653 1008 738 Πάξ,
1052 656 1219 732 τέλος
1263 658 1414 736 ἔχει,
1455 657 1624 738 quod
1667 656 1836 729 idem
1878 675 1989 730 va-

214 753 340 813 lere
383 772 455 819 ac
495 755 549 819 Si
593 753 935 832 ξρῐίθδίὸβθῐ
976 755 1100 827 πάξ
1131 754 1499 839 ἐπιφώνημα
1531 759 1988 840 τετελεσμένοις.

216 854 332 923 Ὡς
374 854 525 916 ποτέ
567 877 659 929 τις
703 854 850 934 ἐρέει
892 890 977 898 —-
1021 874 1098 929 ex
1139 856 1248 929 illa
1291 857 1846 931 §.rammeorum
1884 875 1990 925 zo-

210 952 405 1018 horte.
491 952 548 1026 N
552 971 620 1027 os
685 971 836 1027 vero
901 954 1258 1037 priusquam
1316 956 1720 1032 bellissimum
1775 958 1989 1029 inven-

210 1061 341 1124 tum
375 1053 446 1133 [⁰]
515 1052 695 1127 nobis
756 1053 848 1115 de,
909 1054 1194 1128 manibus
1261 1059 1608 1137 extorqueri
1658 1046 1992 1138 patiamur,

209 1150 412 1223 denuo
458 1152 811 1230 diligentius
856 1154 1049 1229 verba
1093 1156 1578 1231 consideremus,
1621 1158 1678 1226 si
1722 1175 1843 1255 qua
1884 1153 1992 1216 ad-

209 1269 423 1325 versus
464 1253 895 1325 cavillatorum
942 1257 1357 1334 captiunculas
1387 1257 1734 1329 ,sustentari
1776 1256 1991 1336 possit.

375 1352 651 1421 Primum
715 1355 905 1429 ⁴‚igitur
974 1364 1105 1412 erat
1157 1354 1359 1447 Kdy‘g,
1418 1356 1586 1435 quod
1638 1355 1990 1432 Hesychius

204 1460 339 1516 tum
381 1449 747 1531 clepsydrae
789 1451 1060 1522 sonitum
1106 1462 1238 1525 tum
1275 1452 1490 1524 calculi
1515 1453 1832 1530 judicialis
1866 1474 1990 1526 cre-

202 1553 405 1631 Pitum
442 1552 786 1629 ‚significare
825 1550 1054 1625 scribit,
1099 1552 1470 1626 vocabulum
1506 1553 1877 1626 naturaliter
1899 1553 1988 1625 ef-

202 1651 460 1716 futitum
524 1651 830 1721 imitando
899 1652 1182 1732 plangori
1237 1660 1550 1729 guttarum
1607 1672 1684 1723 ex
1741 1644 1868 1727 alto
1917 1654 1988 1724 in

201 1770 424 1831 aquam
483 1751 895 1827 decidentium
957 1769 1230 1830 sonoque
1275 1762 1491 1830 arguto
1537 1753 1907 1828 calculorum
1944 1772 1988 1824 πρ

201 1870 377 1911 camo
419 1854 487 1910 in
530 1870 751 1921 urnam
798 1853 1314 1911 transmissorum.
1398 1849 1762 1931 Cuiusmodi
1803 1871 1987 1925 voea—
2033 1887 2035 1889 ·

199 1950 344 2010 bula
385 1952 620 2022 factitia
664 1971 875 2025 omnes
917 1953 1161 2029 linguae
1205 1952 1432 2021 habent
1485 1954 1786 2033 plurima,
1837 1971 1984 2025 ,raro

199 2062 404 2123 tamen
447 2055 608 2112 inter
651 2071 718 2113 se
763 2071 1090 2126 consensu,
1134 2061 1205 2111 ut
1246 2053 1412 2130 glut
1453 2053 1619 2130 glut
1656 2070 1982 2126 ,murmu-

196 2163 320 2212 rat
363 2152 566 2212 unda
607 2171 901 2225 sonans
944 2152 1193 2213 Anthol.
1238 2152 1372 2212 Lat.
1418 2152 1490 2212 V.
1535 2154 1652 2233 Ep.
1698 2151 1980 2212 CXXIX.

186 2253 373 2333 puls
440 2263 667 2325 sonat
723 2272 945 2333 quum
999 2271 1272 2325 massa.
1315 2271 1560 2332 aquae
1633 2252 1981 2314 ferventi

193 2355 580 2434 insipitur
639 2353 837 2425 Varro
881 2354 950 2413 L.
994 2353 1064 2412 L.
1106 2352 1209 2413 IV.
1255 2374 1303 2413 c.
1349 2355 1449 2427 22.
1493 2352 1790 2424 bilbire
1835 2352 1982 2416 dici-

194 2462 295 2512 tur
348 2472 509 2532 aqua
561 2455 727 2512 lente
785 2463 846 2513 et
900 2454 1211 2532 singultim
1235 2450 1308 2534 [d]
1354 2454 1623 2526 stillam,
1681 2472 1839 2532 quae
1881 2472 1980 2512 so-

193 2572 414 2613 norum
470 2555 842 2627 naturalium
897 2556 1288 2626 imitamenta
1329 2574 1368 2614 a
1409 2555 1635 2627 nostris
1678 2554 1819 2633 plus
1863 2554 1979 2612 mi-

191 2672 390 2715 nusve
443 2653 765 2729 recedunt,
823 2672 942 2733 quo
987 2655 1226 2714 facilius
1271 2653 1664 2726 adducimur,
1718 2652 1869 2738 κόγξ
1909 2650 1978 2712 id

193 2822 394 2885 φώνημα
424 2829 542 2876 argiv
556 2840 567 2852 ·
599 2830 644 2869 et
673 2826 832 2870 omittit
862 2840 993 2883 saepe
1015 2826 1058 2868 in
1078 2825 1435 2881 interpretatione
1450 2840 1462 2866 ι
1498 2820 1784 2880 Ἀπόθεστος,
1817 2827 1972 2883 κείμε-

193 2899 271 2935 νος
281 2919 293 2941 ,
326 2899 405 2942 pro
437 2884 738 2944 ἀποκείμενος
750 2919 763 2942 ,
794 2884 870 2927 ubi
897 2884 1024 2941 plura
1053 2884 1283 2926 Albertius.

313 2957 377 3013 [⁰]
409 2958 489 3001 De
531 2963 734 3001 toutes
774 2959 858 3001 les
895 2958 1278 3000 decouvertes
1319 2955 1624 2998 nouvelles
1665 2978 1722 2988 -
1760 2955 1804 2998 la
1845 2955 1973 3012 plus

192 3018 206 3058 i
220 3031 258 3059 m
270 3031 299 3074 p
310 3031 335 3058 o
348 3030 372 3058 r
383 3021 402 3058 t
413 3031 441 3059 a
451 3031 478 3059 n
491 3020 512 3059 t
523 3032 547 3060 e
588 3017 718 3059 Essai
758 3017 788 3060 l.
831 3032 868 3059 c.
910 3017 1163 3059 Muenterus
1194 3016 1239 3058 in
1271 3014 1504 3057 Commeat.
1535 3014 1680 3071 Antiq.
1711 3029 1752 3070 p.
1781 3013 1883 3057 229.
1915 3029 1940 3056 e
1953 3030 1974 3056 s

191 3076 339 3118 kann
380 3075 546 3119 nicht
585 3076 794 3119 anders
836 3075 921 3118 als
961 3075 1017 3118 in
1057 3075 1387 3117 Erstaunen
1415 3078 1639 3126 setzen,
1670 3086 1822 3115 wenn
1852 3087 1971 3116 man

192 3135 284 3177 bei
324 3133 576 3177 Wilford
617 3134 817 3187 lieset,
859 3135 987 3177 dass
1027 3133 1186 3177 diese
1229 3134 1421 3175 WVorte
1463 3132 1654 3174 reines
1696 3132 1972 3175 Sanscrit

191 3192 332 3236 sind.
363 3198 445 3236 etc.

308 3263 372 3323 [d]
404 3266 570 3310 Plinius
609 3267 685 3310 lv.
716 3266 801 3324 Ep.
830 3265 901 3309 30.
944 3265 1230 3323 ampullae
1270 3277 1485 3322 pronae
1525 3267 1700 3320 atque
1729 3276 1969 3319 vergen-

192 3333 277 3368 tes
335 3339 434 3383 per
503 3325 773 3382 quasdam
823 3324 1188 3367 obluctantis
1240 3323 1462 3366 animae
1513 3336 1691 3365 moras
1745 3321 1969 3365 crebris

191 3386 353 3440 quasi
383 3383 752 3440 singultibus
781 3384 1026 3436 sistunt,
1056 3382 1207 3439 quod
1236 3381 1560 3427 effundunt.
