2158 3848
809 197 1266 243 oarnch.
1808 183 1931 246 555

150 334 434 415 Orpheus
485 340 693 392 autem
725 345 917 408 -qumn
959 325 1168 397 locum
1209 323 1354 383 huic
1394 325 1487 383 rei
1531 325 1780 402 elegerit
1797 373 1814 404 ‚
1858 350 1934 389 ex

146 436 274 507 his,
318 451 473 512 quae
514 436 875 512 supersunt,
921 422 1300 508 deprehendi
1342 442 1469 484 non
1511 436 1735 505 potest.

920 641 975 722 ξ.
1065 641 1167 703 30.

312 815 610 894 Zagreum
665 833 779 896 per
843 813 1032 876 breve
1089 823 1335 893 tempus
1391 813 1583 890 regali
1636 812 1936 891 dignitate

140 916 420 994 gavisum
467 916 719 975 Titanes
776 934 816 975 a
870 932 1143 975 noverca
1172 914 1516 972 ‘summissi
1574 916 1936 995 opprimunt

142 1016 391 1077 ludicris
434 1015 778 1097 puerilibus
820 1016 1147 1074 intentum.
1188 1011 1446 1072 Nonnus
1490 1014 1530 1072 l.
1576 1034 1624 1073 c.

290 1157 426 1212 Οὗὸἑ
456 1157 590 1219 Διὸς
620 1153 818 1227 θρόνον
852 1151 988 1222 εἶχον
1025 1154 1105 1205 ἐπὶ
1132 1149 1352 1223 χρόνον,
1391 1152 1523 1206 ἀλλά
1555 1152 1579 1207 ἕ
1609 1151 1763 1229 γύψῳ

278 1243 523 1314 κερδαλέῃ
547 1240 853 1311 χρισθέντες
887 1241 1135 1297 ἐπίκλοπα
1166 1235 1327 1300 κύκλα
1360 1237 1635 1310 προςώπου

279 1328 527 1395 δαίμονος
559 1323 830 1397 ἀστόργοιο
857 1323 1001 1398 χόλῳ
1036 1323 1358 1396 βαρυμήνιος
1384 1325 1557 1397 ’Ήρης

280 1413 535 1484 ταρταρίη
575 1416 793 1481 Τιτῆνες
829 1408 1145 1480 ἔδηλήσαντο
1180 1413 1413 1484 μαχαίρῃ
1626 1420 1629 1425 “

280 1497 537 1573 ἀντιτύπῳ
573 1496 739 1551 νόθον
774 1493 908 1558 εἶδος
945 1493 1253 1549 ὀπιπεύοντα
1289 1495 1580 1572 κατόπτρῳ.

142 1632 474 1713 Speculum
519 1628 637 1690 hoc
681 1648 719 1689 a
743 1628 1022 1688 Vulcano
1067 1627 1479 1690 fabrefactum
1519 1632 1766 1710 attingit
1789 1633 1936 1692 Pro-

142 1734 315 1793 culus
375 1735 441 1792 in
502 1730 664 1791 Tim.
718 1731 825 1789 Ill.
892 1729 1031 1789 163.
1091 1735 1220 1800 τοῖς
1279 1729 1603 1815 θεολόγοις
1662 1734 1734 1795 τὸ
1806 1737 1934 1804 590-

140 1858 338 1933 πτρον
394 1824 880 1912 ἐπιτηδειότητος
939 1829 1348 1913 παρείληπται
1411 1828 1733 1913 σύμβολον
1777 1836 1933 1917 πρὸς

144 1935 261 2014 τὴν
304 1933 533 2015 νοερὰν
578 1928 1022 2014 αποπλήρωσιν
1063 1939 1177 1993 τοῦ
1217 1930 1479 2001 παντός’
1527 1933 1626 1995 διὸ
1673 1935 1778 1997 καὶ
1820 1936 1934 2000 τὸν

141 2035 497 2117 (Ἡφαιστον
542 2029 838 2115 εςοπτρόν
883 2053 1040 2114 φασι
1091 2054 1343 2113 ποιησαι
1387 2032 1710 2116 Διονύσω,
1768 2041 1852 2106 εἷς
1897 2038 1930 2099 ὃ

143 2135 454 2218 ἐμβλέψας
514 2134 547 2196 ὃ
604 2133 757 2202 θεὸς
811 2132 918 2193 καὶ
973 2133 1234 2197 εἴδωλον
1290 2134 1486 2196 αὐτοῦ
1542 2133 1935 2217 θεασάμενος

144 2239 480 2318 προῆλθεν.
540 2234 943 2311 meminitque
998 2234 1187 2292 etiam
1244 2233 1552 2308 Plotium,
1614 2236 1719 2314 qui
1774 2255 1934 2296 nun-

141 2354 326 2415 quam
371 2334 528 2394 alias
573 2332 653 2394 ad
681 2333 982 2414 Orphicas
1025 2333 1269 2393 fabulas
1315 2333 1634 2394 descendit
1677 2337 1742 2394 in
1775 2335 1933 2396 Enn.

140 2436 246 2495 IV.
279 2435 376 2508 12,
423 2434 566 2494 381.
603 2433 990 2517 Ἀνθρώπων
1022 2435 1224 2518 ψυχαὶ
1250 2435 1473 2498 εἴδωλα
1518 2437 1731 2500 αὐτῶν
1759 2438 1934 2501 ἰδοῦ-

144 2561 283 2610 σαι,
352 2536 487 2599 οἷον
541 2533 856 2599 Διονύσου
918 2539 985 2599 ἐν
1043 2533 1406 2620 κατόπτρῳ,
1470 2541 1594 2599 ἐκεῖ
1649 2539 1931 2622 ἐγένοντο

141 2639 534 2721 ὄρμηθεῖσαι.
636 2634 890 2716 Orphici
951 2637 1236 2695 carminis
1294 2648 1536 2717 partem
1597 2638 1767 2696 illam
1784 2681 1801 2710 ‚
1866 2640 1933 2697 in

144 2757 263 2818 qua
318 2738 531 2816 Zagrei
592 2735 931 2817 crepundia
983 2747 1410 2812 recensentur,
1480 2735 1785 2798 Clementi
1828 2757 1933 2798 ac-

144 2849 385 2919 ceptam
426 2838 748 2898 referimus
791 2836 1166 2919 Admon..p.
1196 2838 1294 2898 11.
1337 2839 1418 2902 τοὶ
1461 2837 1774 2923 μυστήρια
1816 2840 1931 2903 τοῦ

146 2938 458 3003 Διονύσου
534 2939 752 3008 τελέως
829 2937 1261 3023 ἀπάνθρωπα·
1361 2942 1437 3004 ὃν
1497 2941 1670 3010 εἶςέτι
1733 2943 1932 3006 παῖδα

144 3042 302 3103 ὄντα
373 3038 611 3123 ἐνόπλῳ
682 3036 916 3119 κινήσει
983 3039 1515 3127 περιχορευόντων
1586 3041 1930 3127 Κουρήτων

144 3139 314 3223 δόλῳ
369 3140 438 3203 δὲ
497 3137 873 3205 ὑποδύντων
921 3140 1238 3217 Τιτάνων,
1302 3140 1727 3222 ἅπατήσαντες
1786 3170 1931 3206 παι-

144 3237 519 3324 ὃαριιόὸεσιν
574 3240 946 3324 ἀθύρμασιν
1013 3239 1187 3307 οὗτοι
1237 3243 1316 3322 δὴ
1374 3245 1432 3305 οἱ
1497 3249 1748 3314 Τιτᾶνες
1803 3245 1928 3306 διέ-

149 3364 428 3414 σπασαν,
476 3342 557 3412 ὥς
601 3343 633 3405 ὅ
679 3351 787 3422 τῆς
830 3351 1067 3423 τελετῆς
1107 3345 1357 3424 ποιητὴς
1395 3344 1661 3427 Ὀρφεύς
1705 3367 1854 3428 φησι
