2158 3848
257 206 381 272 526
783 221 1021 269 LIBER
1064 221 1496 269 SECUNDUS.

1024 412 1078 493 ξ.
1171 412 1265 473 18.

422 544 516 604 Ex
560 543 656 602 his
703 539 989 603 Clemens
1035 540 1264 600 Strom.
1310 540 1382 601 V.
1426 541 1570 602 607.
1628 538 1785 601 duos
1842 550 2039 602 extre-

253 665 388 706 mos
434 643 652 703 eodem
698 641 886 700 modo
942 659 1066 721 quo
1111 639 1476 702 Aristoteles
1533 643 1635 702 Fr.
1682 640 1813 701 VII.
1873 642 2038 701 exhi-

254 747 386 806 bet:
445 745 523 807 τὰ
571 745 755 825 ὅμοια
799 739 1042 812 τούτοις
1085 743 1207 806 κᾶν
1249 750 1382 813 τοῖς
1420 745 1736 828 Ὀρφικοῖς
1782 740 2040 826 εὑρήσο-

251 872 368 928 μεν
431 841 559 908 ὧδέ
615 869 744 912 πως
803 844 1204 928 γεγραμμένα
1266 841 1584 914 Πάντας
1643 843 1790 929 γὰρ
1851 840 2039 925 κρύ-

251 967 405 1029 ψας
449 942 743 1014 καῦθις
787 941 926 1023 (Sic)
973 941 1170 1026 φάος
1214 948 1286 1014 ἐς
1328 942 1770 1030 πολυγηθὲς
1814 946 1888 1014 ἐξ
1932 946 2038 1004 ἱε-

253 1055 381 1127 ρῆς
438 1044 768 1130 κραδίης
826 1044 1303 1130 οἷνενέγκατο
1364 1046 1712 1129 μέρμερα
1768 1042 2037 1123 ῥέζων,
2095 1052 2108 1074 Χ

250 1166 431 1227 quem
501 1147 703 1205 locum
781 1143 1108 1224 descripsit
1167 1143 1496 1205 Eusebius
1533 1142 1672 1204 XII.
1740 1143 1835 1204 13.
1896 1143 2039 1203 684.

249 1247 424 1307 Idem
471 1244 751 1307 Clemens
797 1265 856 1324 p.
901 1245 1046 1305 726.

381 1374 482 1426 “Ev
518 1370 730 1443 κράτος,
771 1368 842 1432 εἷς
878 1372 1079 1437 δαίμων
1113 1371 1308 1439 γένετο,
1346 1372 1505 1440 μέγας
1542 1370 1760 1441 οὐρανὸς
1797 1370 1984 1436 αἴθων,

387 1458 441 1512 ἓν
480 1459 535 1510 δὲ
571 1457 637 1509 τὰ
674 1454 844 1507 πάντα
881 1455 1143 1521 τέτυκται,
1184 1456 1236 1506 ἐν
1274 1447 1316 1528 ᾧ
1353 1454 1474 1508 τάδε
1512 1456 1681 1508 πάντα
1717 1461 1968 1508 κυκλεῖται

391 1549 490 1612 πῦρ
528 1545 610 1596 καὶ
649 1541 788 1611 ὕδωρ
827 1542 911 1593 καὶ
948 1547 1070 1610 γαΐα
1725 1536 1758 1622 ι’

249 1682 406 1743 quae
455 1661 534 1720 ab
580 1658 939 1718 Eusebiana
982 1657 1244 1716 lectione
1290 1657 1390 1716 Fr.
1435 1657 1597 1717 VIII.
1643 1658 1700 1717 8.
1746 1657 1911 1717 haud
1954 1658 2040 1717 le-

248 1765 414 1824 viter
461 1761 828 1840 discrepant.
887 1758 1033 1817 Duo
1078 1758 1348 1836 integros
1393 1777 1608 1819 versus
1651 1759 1868 1818 inserit
1894 1758 2039 1817 Pro-

250 1864 421 1922 culus
480 1863 538 1920 ei
593 1863 697 1940 qui
752 1863 817 1919 in
875 1859 976 1918 Fr.
1021 1860 1127 1917 Ill.
1189 1860 1489 1939 septimus
1543 1860 1919 1938 praemissos
1972 1861 2037 1917 in

248 1964 450 2023 Parm.
471 1961 574 2020 IV.
591 1963 735 2021 227.
782 1957 964 2020 Cous
1009 1958 1116 2017 ubi
1162 1958 1239 2018 de
1282 1969 1488 2019 mente
1534 1968 1597 2017 et
1634 1959 2040 2037 intelligentia

248 2062 587 2124 universali
632 2073 694 2121 et
735 2056 1094 2141 particulari
1139 2061 1274 2121 sive
1311 2061 1561 2140 partiali
1605 2061 2035 2142 (μερικωτέρᾳ)

248 2164 724 2235 sermocinatur,
781 2179 1041 2240 quarum
1086 2159 1197 2218 illa
1239 2178 1338 2219 res
1381 2159 1796 2237 intelligibiles
1842 2168 1903 2218 et
1944 2161 2038 2219 in-

248 2263 537 2325 dividuas
593 2259 1063 2342 comprehendi,
1143 2260 1259 2319 hac
1313 2261 1548 2342 species
1604 2260 2035 2338 multigeneres

248 2402 333 2410 --
377 2364 483 2426 καὶ
527 2364 640 2426 οὐκ
686 2362 768 2426 ἂν
812 2358 1311 2442 θαυμασῶμεθα
1359 2359 1496 2439 (sic)
1541 2368 1672 2425 τῶν
1708 2362 2036 2444 Ὀρφικῶν

249 2461 580 2533 ἀκούοντες
625 2467 818 2536 ἐπῶν,
864 2466 931 2525 ἐν
975 2461 1068 2531 οἷς
1112 2484 1305 2544 φησιν
1349 2462 1381 2524 ὃ
1435 2460 1730 2547 Θεολόγος

390 2588 543 2657 Α’ῗτη
582 2589 637 2641 δὲ
674 2588 845 2656 Ζηνὸς
884 2589 936 2639 ἓν
965 2585 1164 2654 ὄμμασι
1200 2587 1398 2658 πατρὸς
1435 2586 1654 2650 ἄνακτος
1676 2591 1732 2654 [*]

390 2673 582 2727 ναιόυσ’
624 2672 889 2726 ἀθάνατοί
920 2693 973 2725 τε
1009 2673 1125 2724 θεοὶ
1162 2673 1355 2740 θνητοί
1385 2672 1426 2724 τ’
1466 2671 1737 2743 ἄνθρωποι

388 2760 520 2813 ὅσσα
558 2757 599 2811 τ’
639 2758 724 2841 ἔην
758 2762 987 2828 γεγαῶτα
1024 2758 1107 2809 καὶ
1143 2756 1355 2828 ὕστερον
1392 2754 1575 2810 fiands?
1616 2757 1801 2824 ἒζιιελλε·

248 2876 504 2942 πάντων
547 2875 670 2963 γάρ
716 2879 843 2938 ἐστι
886 2872 1116 2957 πλήρης
1157 2882 1290 2938 τῶν
1333 2882 1579 2954 νοητῶν
1625 2875 1732 2936 καὶ
1774 2873 2030 2939 πάντων

250 2981 368 3059 ἔχει
410 2978 522 3047 τὰς
565 2977 938 3059 ὃιῃρημένας
984 2974 1215 3049 αἰτίας,
1283 2975 1432 3045 ῶςτε
1487 2975 1593 3038 καὶ
1650 2974 2032 3059 ἀνθρώπους

248 3079 352 3141 καὶ
412 3080 605 3140 τᾶλλα
666 3074 874 3140 πάντα
932 3084 1157 3162 γεννᾷ,
1245 3095 1401 3156 quae
1461 3094 1645 3144 nemo,
1709 3077 2028 3156 quisquam

349 3262 405 3317 [*]
438 3261 794 3304 Eschenbachius
825 3275 864 3317 p.
895 3260 965 3303 78.
998 3259 1147 3314 Ζηνὸς
1175 3262 1251 3304 καὶ
1282 3261 1332 3305 ἐν
1364 3256 1554 3319 ὄμμασι.
1601 3261 1755 3304 Malim
1783 3256 1941 3304 αὐτόθι
1968 3256 2026 3309 δὴ

250 3321 328 3362 καὶ
357 3316 516 3373 Ζηνός,
561 3333 671 3375 quae
714 3320 767 3362 de
798 3318 951 3362 mundo
981 3319 1067 3361 dici
1096 3320 1322 3372 videntur,
1364 3333 1487 3375 quem
1516 3319 1578 3362 dii
1607 3320 1882 3376 hominesque
1910 3331 2024 3359 com-

248 3378 430 3421 munitet
460 3378 652 3422 incolunt
686 3393 767 3422 uno
801 3379 880 3421 sub
909 3382 1055 3420 rctore
1091 3385 1136 3421 et
1167 3379 1414 3436 inspectore
1444 3378 1569 3421 Jove.
