2158 3848
0 3319 16 3387 ’Ξ

12 3527 16 3578 3

13 3769 17 3848 i

660 229 1236 274 1oaPH1CA„
1725 214 1846 276 395

84 363 585 434 nicatius‚..in
628 376 775 439 qim
814 354 1168 416 omnibus
1213 353 1850 419 diiscommuni-

84 471 201 521 ter
241 458 856 528 sacrific-abatur.
887 483 890 488 ·
918 453 1043 516 Sed
1069 455 1300 535 petiuS,
1345 456 1611 515 utserio
1654 475 1848 533 agam,

83 560 232 619 haec
270 558 424 618 mihi
466 557 768 617 sententia
812 565 934 629 est,
997 554 1110 616 has
1153 555 1580 635 precationum
1605 555 1853 616 formu-

82 659 172 716 las
216 658 571 737 quicunque.
597 657 1012 737 composuerit
1049 654 1219 716 nulli
1242 664 1437 737 :certo
1492 663 1599 714 aut
1651 672 1851 715 sacro-

78 775 217 815 rum
273 766 380 816 aut
433 757 754 817 hominum
810 758 1015 836 generi
1073 755 1413 815 destinasse
1477 753 1589 814 sed
1653 757 1852 816 omni-

79 854 211 932 bus,
255 858 359 936 qui
384 855 642 916 deorum
677 858 940 936 aliquem
977 857 1374 936 propitiaturi
1409 863 1630 928 essent,
1670 855 1853 936 quasi

77 955 284 1015 verbis
327 957 569 1035 praeire
610 957 910 1029 voluisse,
967 973 1092 1015 non
1135 974 1258 1034 quo
1295 954 1606 1028 crederet,
1665 974 1857 1034 quen·

79 1073 264 1134 quam
306 1057 409 1116 his>
446 1075 700 1118 usurum
744 1055 855 1116 sed
877 1056 1089 1114 -animi
1132 1070 1316 1113 causa
1357 1063 1421 1114 et
1461 1063 1533 1114 ut
1568 1053 1853 1123 ostende-

77 1164 190 1228 ret,
233 1155 381 1236 quid
427 1156 727 1235 Orpheus,
770 1157 825 1215 si
867 1155 1178 1215 voluisset..
1211 1154 1515 1233 optimam
1558 1152 1854 1233 precandi

74 1256 375 1314 rationem
418 1254 694 1328 tradere,
735 1262 1170 1334 praecepturus
1212 1253 1447 1312 fuisset.

243 1351 381 1413 Jam
424 1355 650 1432 rejecta
691 1354 802 1414 illa
846 1353 1234 1413 obscuritatis
1281 1355 1689 1427 excusatione,
1718 1355 1854 1412 uni-

78 1471 214 1511 cum
255 1452 412 1513 illud
454 1453 757 1514 subditivi
778 1454 1216 1513 Demosthenis
1250 1456 1674 1514 testimonium
1706 1453 1854 1534 quid

78 1551 312 1626 valeat,
383 1553 801 1635 dispiciamus.—
902 1555 975 1614 In
1030 1554 1200 1613 libris
1243 1553 1581 1631 Sibyllinis
1635 1564 1855 1614 notum

78 1661 173 1711 est
225 1652 417 1725 haud·
445 1673 676 1734 paucos
733 1655 1154 1715 intercurrere-
1178 1664 1501 1735 poetarum
1547 1656 1856 1734 antiquio-

52 1761 215 1812 ·rum
268 1772 485 1815 versus
513 1750 596 1835 [f]
638 1774 751 1814 nec
805 1754 1049 1814 dubitat
1091 1757 1415 1835 quisquam
1457 1755 1623 1814 unde
1665 1757 1883 1834 irrep--

76 1855 282 1913 serint.
369 1853 669 1914 Similiter
709 1866 988 1915 veterum
1031 1855 1459 1942 Hebraeorum
1503 1855 1676 1913 libris
1720 1873 1856 1914 sen-

75 1956 387 2027 tentiosis,
453 1963 515 2013 et
577 1955 772 2014 multo
839 1956 1032 2033 magis
1103 1955 1382 2028 Solonis,
1463 1954 1854 2033 TheognidiS,

78 2053 447 2132 Phocylidae
491 2062 555 2113 et
591 2054 735 2131 Syri
777 2057 956 2115 mimi
999 2056 1280 2116 versibus
1324 2056 1724 2115 sententiolas
1747 2074 1856 2116 an-

76 2155 411 2234 tiquiorum
456 2163 519 2214 et
559 2157 970 2227 recentiorum
1014 2166 1330 2215 auctorum
1357 2155 1696 2236 adscriptas
1721 2175 1856 2214 esse

81 2263 347 2327 constat,
402 2256 880 2335 interpolatione
934 2257 1101 2315 facili
1115 2300 1131 2329 ‚
1188 2259 1333 2336 quia
1386 2247 1559 2316 haec¹
1580 2257 1856 2315 carmina

76 2355 171 2413 ita
208 2354 430 2415 leviter
472 2364 756 2416 contexta
798 2364 959 2429 sunt,
1003 2366 1073 2416 ut
1114 2357 1296 2436 plura
1333 2358 1478 2416 hinc
1518 2355 1666 2415 inde
1689 2354 1857 2416 demi

73 2455 188 2514 ‘vix
241 2455 533 2516 servabili
579 2458 821 2535 jactura
874 2466 937 2516 et
987 2475 1197 2516 rursus
1242 2457 1364 2516 alia
1407 2455 1556 2516 addi
1597 2457 1859 2535 possint..

77 2552 267 2633 Atqui
322 2554 537 2615 eadem
581 2565 674 2616 est
712 2556 1109 2633 Hymnorum
1154 2556 1562 2636 Orphicorum
1609 2575 1857 2635 compo-

78 2654 295 2728 situra3
337 2657 403 2714 in
445 2655 667 2735 quibus
710 2675 899 2735 quum
941 2657 1122 2717 multi
1163 2658 1443 2735 legantur
1483 2674 1700 2718 versus
1723 2655 1857 2715 Ho-

80 2755 287 2814 merici
310 2754 386 2857 [ff]
431 2754 687 2815 dubium
730 2766 824 2816 est
863 2766 1071 2817 utrum
1113 2759 1180 2817 in
1222 2759 1424 2838 primo
1471 2759 1675 2838 operis
1718 2765 1861 2818 satu,

202 2942 264 3002 [f]
294 2959 336 2988 v.
376 2922 554 2990 Floderi
580 2947 780 3004 vestigia
807 2948 951 3006 poesis
979 2949 1153 2992 Homer.
1186 2955 1231 2992 et
1261 2948 1442 2991 Hcsiod.
1473 2948 1517 2990 in
1547 2945 1669 2989 libris
1699 2945 1853 3002 Sibyll.

83 3000 128 3042 in
158 2998 342 3045 Stosch‘ri
372 3004 486 3048 Mus.
518 3005 627 3048 erit.
656 3005 707 3048 P.
739 3005 775 3048 I.
1083 3004 1093 3010 ”

204 3088 271 3144 [8]
301 3089 459 3146 Hymni
499 3092 702 3135 XXXIV.
742 3106 894 3136 versus
934 3094 1108 3151 quintus
1138 3108 1193 3136 ex
1222 3094 1348 3136 Hom.
1378 3093 1436 3134 H.
1466 3093 1511 3134 in
1541 3091 1682 3148 Apoll.
1715 3107 1754 3134 v.
1787 3090 1853 3133 16.

85 3145 245 3202 Hymni
284 3146 505 3192 LXXXII.
533 3150 578 3194 4.
608 3165 664 3194 ex
692 3150 745 3193 11.
775 3149 893 3194 XXI.
921 3151 993 3195 96.
1022 3153 1185 3209 Hymni
1212 3150 1332 3195 XVI.
1365 3151 1403 3192 1.
1435 3165 1489 3193 ex
1521 3150 1604 3193 Od.
1639 3149 1718 3192 IX.
1753 3147 1853 3191 528.

85 3205 286 3247 translati
327 3212 424 3250 sunt
461 3209 634 3266 integri.
705 3204 923 3253 Nonnulla
964 3225 1019 3254 ex
1062 3226 1147 3254 uno
1176 3212 1347 3267 Hymno
1376 3210 1421 3252 in
1460 3209 1588 3253 alium
1625 3208 1856 3265 irrepsisse

0 3292 2 3299 .
88 3261 368 3306 Ruhnkenius
397 3265 574 3311 adnotat
603 3269 663 3311 H.
694 3266 857 3311 XXXI.
889 3269 932 3311 2.
964 3269 1174 3313 Similiter
1205 3283 1259 3312 ex
1289 3269 1459 3325 Hymno
1488 3268 1534 3311 in
1556 3267 1713 3311 Misam
1741 3279 1854 3308 nunc

88 3321 254 3375 quidem
286 3323 438 3365 amisso
468 3337 616 3368 versus
645 3326 802 3369 tertius
831 3331 877 3369 et
905 3332 1146 3385 postremus
1176 3343 1269 3371 cum
1300 3328 1394 3383 ipso
1425 3324 1851 3382 elogioinHymnum

89 3378 340 3423 Bacchicum
394 3381 507 3425 XLI.
549 3389 636 3428 tum
687 3385 877 3427 clausula
918 3385 971 3427 H.
1016 3386 1191 3429 LXXV.
1239 3381 1472 3436 Καλλιόπη
1501 3382 1585 3428 σὺν
1613 3385 1748 3442 μητρὶ
1778 3385 1852 3425 καὶ
