2158 3848
223 178 350 239 314
761 191 1000 235 L1BER
1041 192 1472 237 SECUNDUS.

219 340 342 402 qua
383 319 658 400 subjecta
700 323 960 400 sunt[¹‘];
1014 321 1298 383 similiter
1339 331 1408 380 ut
1451 321 1732 386 Aristeae
1773 325 2000 400 gemini

219 423 594 497 circulatoris
609 423 710 504 [1’1']
767 431 1050 501 tempora
1104 421 1292 482 modo
1351 442 1428 482 ex
1481 424 1776 502 opinione
1829 441 1999 483 com-

216 524 393 583 muni
433 521 658 595 modo,
714 532 784 581 ut
828 519 1040 581 Critici
1084 524 1557 596 constituerunt,
1620 521 1859 586 definiri
1901 541 1999 581 so-

215 623 375 696 lent,
438 622 516 680 de
571 640 691 700 quo
751 623 805 679 si
862 639 1080 680 verum
1138 631 1258 695 est,
1321 622 1487 702 quod
1542 623 1884 686 Pausanias
1938 635 2000 682 et

215 721 574 781 Plutarchus
617 730 900 793 narrant,
955 738 1102 779 eum
1157 723 1388 785 oraculi
1439 723 1621 800 jussu
1665 742 1704 782 a
1748 722 1999 804 Sparta-

336 891 398 949 [p]
432 891 577 934 Schol.
619 890 675 934 ad
706 891 844 948 Greg.
875 891 989 934 Naz.
1019 892 1065 933 in
1096 890 1238 934 Catal.
1268 891 1383 934 Bibl.
1413 891 1539 934 Bodl.
1570 883 1712 951 p.'51.
1744 898 1789 936 et
1822 894 1996 936 brevius

214 947 413 995 Eudocia
453 965 495 1008 p.
536 950 607 993 20.
638 945 821 1010 ’Ἀβαρις
854 950 1021 1000 ἔνθους
1057 947 1304 1008 γενόμενος
1332 946 1481 1007 κύκλῳ
1496 947 1671 1010 άτεριήει
1698 949 1813 1009 μετὰ
1842 955 1999 1007 βέλους

213 1007 294 1061 τὴν
320 1006 511 1054 Ἑλλάδα
542 1011 620 1053 καὶ
640 1005 879 1068 χρησμούς
905 1024 1029 1059 τινας
1056 1010 1183 1067 ἔλεγε
1215 1011 1292 1053 καὶ
1319 1014 1550 1067 μαντείας·
1583 997 1616 1053 ὅ
1639 1009 1689 1054 δὲ
1720 1007 1866 1069 ῥ’τωρ
1887 1014 1994 1055 Λυ-

214 1069 407 1126 κοῦργος
434 1070 486 1112 ἐν
514 1070 576 1124 τῷ
605 1066 718 1111 κατὰ
746 1080 940 1127 μενεσχε
970 1069 1077 1124 (scr.
1094 1067 1450 1126 Μενεσαίχμου)
1481 1068 1624 1126 φησὶν
1653 1064 1722 1111 ὅτι
1749 1027 1887 1126 Lino&
1913 1083 1996 1126 γε-

214 1131 412 1185 νομένου
442 1129 493 1171 ἐν
520 1131 615 1176 ,τοῖς
638 1124 955 1185 “Υπερβορέοις
982 1125 1133 1171 ἐλθὼν
1162 1124 1186 1171 ὁ
1207 1123 1390 1185 ’Ἀβαρις
1417 1122 1726 1186 ἐμισθώτευσε
1754 1129 1816 1184 τῷ
1830 1122 1997 1171 ’Λπόλ-

212 1186 323 1227 λωνι,
365 1187 443 1228 καὶ
470 1183 640 1244 μαθὼν
661 1185 900 1245 ’χρησμοὺς
928 1184 1032 1242 παρ’
1067 1184 1228 1243 αὐτοῦ,
1272 1182 1504 1255 σύμβολον
1533 1186 1651 1244 ἔχων
1679 1183 1729 1228 τὸ
1759 1186 1889 1241 βέλος
1916 1187 1999 1229 τοῦ

207 1240 510 1300 Ἀπόλλωνος,
552 1242 728 1305 περιῇει
761 1245 815 1288 ἐν
841 1247 895 1304 τῇ
919 1239 1099 1288 Ἑλλάδι
1137 1258 1492 1304 μαντευομενος.
1550 1243 1747 1301 Apparet
1775 1244 1876 1288 h'mc
1901 1243 1996 1299 L‘y-

211 1316 415 1359 curgum,
457 1304 578 1360 cujus
618 1318 672 1346 ex
713 1304 906 1347 oratione
948 1304 1184 1346 hauserunt
1241 1303 1401 1346 Suidas
1430 1318 1463 1345 s.
1494 1306 1776 1362 Προηροσίαι
1805 1307 1850 1345 et
1875 1302 1995 1358 *Har-

209 1373 329 1419 pocr.
360 1376 393 1403 s.
421 1355 627 1421 Ἄβαρις,
674 1362 877 1417 sagittam
916 1360 1035 1404 illam
1075 1362 1259 1405 Abaridi
1289 1376 1380 1405 *non
1420 1361 1476 1404 ad·
1516 1360 1755 1404 vehendum
1790 1359 1996 1404 traditam

208 1426 386 1477 putasse
427 1423 503 1464 sed
542 1428 591 1463 ut
627 1435 709 1477 pro
739 1421 863 1476 signo
893 1426 1009 1463 esset
1038 1421 1210 1465 divinae
1238 1420 1483 1477 legationis.
1541 1420 1775 1477 Vulgarem
1802 1419 1996 1468 fabulam

211 1479 264 1520 de
304 1479 460 1522 itinere
491 1480 609 1523 aerio
640 1479 812 1535 ambigo
842 1485 983 1522 utrum
1014 1480 1070 1522 ab
1097 1479 1323 1522 Hecataeo
1352 1478 1564 1522 Abderita
1591 1477 1636 1521 in
1665 1478 1778 1523 libro
1808 1478 1862 1521 de
1891 1477 1994 1534 Hy-

209 1538 434 1593 perboreis
461 1539 591 1581 Diod.
617 1538 653 1580 Ι.
683 1537 755 1580 47.
783 1552 842 1580 au
872 1538 928 1584 ab
957 1538 1192 1582 Heraclide
1220 1539 1403 1583 Pontico
1428 1538 1486 1584 ,ἐν
1514 1542 1608 1586 τοῖς
1635 1535 1996 1596 ἀναφερομένοις

208 1598 273 1644 εἰς
303 1591 489 1655 Ἄβαριν
528 1595 690 1640 Anecd.
730 1596 871 1640 Bekk.
910 1611 955 1654 p.
998 1596 1095 1640 145.
1126 1603 1171 1640 et
1200 1612 1242 1654 p.
1276 1597 1372 1640 178.
1402 1597 1667 1659 propositam
1696 1600 1868 1652 putem3
1898 1608 1996 1638 nam

208 1653 263 1695 de
295 1654 521 1698 Herodoto
557 1656 635 1700 IV.
676 1653 748 1698 36.
789 1654 903 1711 quod
943 1655 1019 1698 diu
1044 1655 1325 1708 credidimus,
1367 1659 1512 1699 notam
1532 1655 1583 1697 'ei
1610 1655 1746 1697 fuisse
1771 1653 1890 1697 illam
1918 1667 1996 1696 ve-

209 1718 390 1766 cturam,
420 1715 624 1758 Str-uvius
653 1714 699 1756 in
728 1715 907 1770 egregio
938 1715 1067 1772 Spec.
1095 1715 1278 1767 Quaest.
1308 1715 1363 1757 de
1391 1714 1557 1760 Herod.
1588 1712 1689 1758 dial.
1719 1728 1762 1770 p.
1794 1712 1862 1756 12.
1892 1726 1996 1769 gra-

206 1771 392 1815 vissimis
446 1773 709 1830 argumentis
755 1773 1066 1817 demonstravit
1114 1774 1269 1817 falsum
1307 1788 1426 1826 esse3
1479 1773 1648 1816 Abarin
1701 1771 1838 1828 ὀϊστῷ
1875 1772 1996 1826 βέλει

204 1834 534 1890 συμφέρεσθαι
575 1832 728 1876 Celsus
770 1832 834 1875 ait
860 1833 989 1888 Orig.
1020 1833 1104 1877 III.
1137 1833 1236 1875 129.
1294 1833 1445 1882 Prima
1473 1832 1754 1883 volaticomm
1782 1829 1995 1880 hoiniaum

207 1891 412 1936 memoria
440 1893 627 1934 fortasse
658 1891 715 1933 ab
746 1891 1024 1933 Onomacrito
1055 1891 1320 1948 repetenda,
1374 1891 1447 1947 qui
1479 1889 1707 1941 Musaeum
1736 1891 1818 1932 hac
1846 1888 1994 1937 facul-

205 1954 300 1990 tate
342 1961 462 1992 usum
505 1949 615 1992 dicit
652 1949 783 1992 Paus.
825 1950 862 1993 I.
904 1949 977 1995 32.
1022 1950 1076 1992 de
1106 1950 1376 2006 Triptolemo
1415 1949 1613 1992 fabulam
1654 1963 1739 1991 non
1768 1946 1993 1990 admodum

206 2007 426 2064 antiquam
466 2023 561 2051 esse
598 2008 778 2053 Vossius
813 2009 1031 2064 judicavit
1057 2009 1201 2066 Epist.
1233 2009 1376 2065 Myth.
1405 2007 1531 2059 LIJI.
1559 2004 1661 2049 146.
1696 2005 1919 2055 Daedalus
1949 2010 1996 2048 et

208 2065 371 2109 Medea
410 2067 466 2110 ab
508 2067 591 2109 hoc
635 2067 731 2110 loco
773 2067 902 2110 alieni
933 2071 1046 2110 sunt.
1106 2067 1266 2110 Cetero
1297 2065 1457 2109 Abaris
1483 2065 1557 2108 ille
1586 2079 1672 2107 non
1694 2064 1838 2108 “solum
1867 2076 1992 2107 aero-

202 2126 409 2172 nauticae
451 2126 527 2168 sed
557 2125 686 2168 etiam
717 2126 813 2181 ejus
842 2127 948 2175 artis
961 2160 973 2180 ‚
1016 2140 1146 2182 quam
1175 2127 1222 2170 S.
1253 2125 1515 2168 Franciscus
1543 2124 1735 2172 alumnos
1763 2138 1865 2173 suos
1892 2136 1992 2192 per—

206 2183 378 2237 docuit,
409 2184 624 2242 specimen
652 2184 816 2237 edidit,
847 2185 972 2242 stIpis
1001 2199 1152 2233 sacrae
1181 2183 1449 2240 colligendae
1479 2197 1613 2227 causa
1650 2187 1771 2225 terra
1799 2195 1994 2238 marique

202 2243 518 2287 circumvectus
553 2242 712 2285 Jambl.
754 2244 809 2284 V.
848 2243 900 2286 P.
939 2243 1060 2286 XIX.
1098 2244 1171 2285 91.
1211 2243 1365 2286 iisdem
1392 2244 1487 2286 fere
1513 2241 1805 2300 temporibus,
1837 2240 1994 2297 quibus

207 2301 367 2358 Delphi
405 2301 555 2358 templi
596 2301 850 2344 restituendi
893 2316 1024 2346 causa
1062 2301 1253 2358 undique
1287 2302 1511 2345 collectam
1550 2300 1789 2358 exegerunt
1827 2297 1992 2358 Herod.

203 2358 266 2403 Π.
298 2358 393 2402 180.
453 2360 613 2402 Cetera
642 2374 860 2403 sacrarum
888 2361 1249 2404 mendicationum
1278 2361 1474 2418 exempla
1495 2359 1764 2416 collegerunt
1782 2358 1994 2409 Ruhnke-

203 2419 303 2520 gihusi
333 2418 390 2462 ad
418 2418 531 2463 Tim.
552 2435 595 2478 p.
621 2419 690 2462 10.
719 2427 767 2462 et
794 2420 1015 2464 Iresionae
1043 2421 1287 2465 homericae
1313 2422 1530 2479 interpres
1548 2417 1806 2485 Ilgeniusin
1826 2418 1993 2479 Qpnse.

273 2492 285 2518 1
308 2510 319 2521 .
1681 2489 1684 2497 ·

323 2534 414 2593 [ΡΡ]
450 2535 560 2578 Cum
589 2535 793 2579 Abaridis
821 2536 1022 2581 volatura
1049 2538 1384 2593 componendum
1413 2539 1481 2581 est
1509 2536 1710 2586 Aristeae
1727 2536 1824 2589 iter
1849 2537 1992 2588 qesta*-

118 2601 119 2606 ’
205 2594 360 2651 ticum,
393 2595 447 2637 de
477 2609 560 2650 quo
592 2594 809 2637 Maximus
840 2595 953 2650 Tyr.
983 2595 1234 2638 XXXVIII.
1262 2595 1363 2639 233.
1403 2589 1578 2653 ἔφασκε
1607 2593 1690 2650 τὴν
1719 2602 1787 2652 ψῃ
1819 2583 1990 2649 §luxit-

202 2653 487 2697 ταλητοῦσαν
522 2650 571 2696 τὸ
616 2656 749 2711 σῶμα
789 2655 1092 2712 περιπολῆσαι
1129 2650 1211 2704 τὴν
1249 2657 1338 2712 γῆν
1366 2677 1423 2687 -
1453 2654 1732 2703 ἐποπτεῦσαι
1746 2696 1751 2705 ,
1840 2646 1989 2694 πάντα

204 2713 305 2768 ἑξῆς
332 2711 511 2773 νόμαια,
532 2711 609 2754 καὶ
638 2707 728 2766 ἤθη
757 2710 967 2759 πολιτικὰ
996 2713 1074 2755 καὶ
1103 2709 1263 2770 φύσεις
1284 2717 1471 2771 χωρίων
1498 2735 1556 2743 --
1584 2714 1805 2771 γενέσθαι
1826 2708 1874 2752 δ”
1902 2708 1988 2752 αὐ-

204 2773 258 2831 τῇ
290 2771 367 2814 καὶ
395 2769 478 2820 τὴν
505 2771 586 2813 τοῦ
616 2768 814 2829 οὐρανοῦ
841 2773 959 2815 θέαν
987 2768 1105 2819 πολὺ
1124 2774 1201 2826 τῆς
1223 2774 1386 2827 νέρθεν
1407 2773 1708 2829 σαφεστέραν.
1739 2768 1989 2825 Disceptari

203 2834 350 2888 petest
362 2862 375 2883 ‚
406 2835 548 2874 utrum
578 2829 687 2873 haec
715 2834 762 2872 et
789 2828 950 2872 similes
978 2830 1155 2878 fabulae
1184 2830 1239 2872 de
1266 2830 1534 2875 Hermotimo
1564 2827 1842 2871 Clazomenio
1852 2855 1867 2879 ,
1896 2827 1989 2870 Ere

205 2888 463 2945 Pamphylio
477 2920 490 2940 ‚
522 2887 766 2944 Thespesio
799 2888 968 2930 Solensi
980 2921 992 2941 ,
1024 2894 1069 2931 et
1097 2889 1292 2932 similiter
1318 2889 1599 2945 Pythagorae
1627 2884 1989 2943 Empedoclisque

202 2955 399 2991 ecstases
441 2962 494 2990 ac
533 2946 722 2990 visiones
733 2979 746 3000 ‚
792 2961 903 3003 quae
943 2962 1087 2991 omnes
1117 2949 1175 2992 ad
1201 2949 1315 2993 idem
1345 2947 1584 3003 exemplum
1611 2946 1742 2989 fictae
1770 2945 1987 2998 videntur,

205 3005 536 3064 epimythiorum
564 3006 703 3049 instar
731 3010 778 3048 et
795 3006 851 3048 ad
873 3006 1172 3051 oblectandum
1195 3022 1251 3050 an
1270 3006 1587 3108 superstiffionis
1608 3002 1834 3060 augendae
1855 3018 1988 3053 causa

205 3066 409 3108 inventae
450 3064 550 3108 sint.
607 3066 842 3109 Varronem
879 3065 1107 3110 Atacinum
1150 3066 1448 3114 Wernsdorfiu
1509 3068 1636 3123 putat
1660 3064 1708 3106 in
1738 3064 1987 3119 Chorogta-

206 3124 312 3182 pbia
351 3127 563 3165 terrarum
604 3128 650 3167 et
686 3125 867 3167 marium
908 3124 1239 3183 descriptionem
1277 3127 1342 3169 ita
1381 3125 1622 3178 instituisse
1651 3138 1679 3165 u
1691 3126 1712 3165 t
1740 3137 1767 3165 a
1777 3122 1820 3164 li
1832 3137 1862 3178 q
1873 3136 1901 3164 u
1911 3135 1984 3165 em
2026 3149 2029 3152 »

207 3182 333 3226 sive
364 3181 519 3224 deum
551 3183 636 3226 siv
651 3198 676 3225 e
706 3183 978 3227 hominem
995 3216 1008 3236 ‚
1038 3185 1194 3228 forte
1222 3184 1614 3240 Pythagoram
1629 3215 1642 3235 ‚
1682 3180 1986 3225 induceret

209 3244 384 3285 mente
425 3245 598 3296 atque
638 3242 815 3285 animo
854 3242 913 3284 in
954 3244 1108 3286 coeli
1146 3244 1428 3300 regiones
1467 3242 1756 3285 sublatum
1796 3252 1982 3289 omnes

210 3301 457 3344 siderum
498 3301 668 3343 orbes
707 3301 992 3344 lustrasse
1032 3302 1488 3358 quemadmodum
1529 3301 1581 3344 in
1611 3299 1834 3349 Somnio
1863 3295 1982 3339 Sci-

213 3360 305 3417 pio
320 3358 405 3402 nis
433 3358 646 3404 factum
677 3359 886 3403 Cicero
916 3365 1135 3406 narrat.
1167 3363 1290 3407 Poet.
1320 3361 1427 3407 Min.
1458 3359 1516 3405 T.
1547 3361 1601 3404 V.
1621 3359 1682 3414 vP.
1711 3356 1796 3407 III.
1828 3353 1953 3400 1387·
