2158 3848
766 200 1216 247 ORPHICA.
1752 192 1880 255 47⁷

103 353 324 395 varum
379 352 614 409 senno,
693 351 886 397 ovum
943 351 1025 392 an
1079 332 1306 411 gallina
1338 334 1532 412 prius
1587 339 1877 413 extiterit,

105 433 576 514 disceptantium
590 435 668 516 [¹¹]
724 431 923 493 donec
963 451 1122 494 unus
1179 451 1395 494 eorum
1455 434 1639 495 altius
1681 437 1877 498 insur-

103 536 218 612 git:
279 532 529 595 Ἀείσω
586 538 985 604 ξυνετοῖσι
1036 534 1150 598 τὸν
1199 535 1511 618 Ὀρφικὸν
1552 536 1658 599 καὶ
1711 537 1878 619 ἱερὸν

104 631 322 718 λόγον,
389 634 458 702 ὃς
514 633 629 695 οὐκ
681 635 942 716 ὄρνιθος
992 633 1194 722 μόνον
1244 635 1316 698 τὸ
1375 635 1502 698 aibas
1546 636 1879 719 ἀποφαίνει

100 731 553 815 πρεσβύτερον,
623 734 779 797 ἀλλὰ
838 735 944 797 καὶ
1011 735 1342 818 συλλαβών
1395 728 1511 816 τὴν
1578 734 1879 802 ἁπάντων

100 834 584 919 πρεσβυγένειαν
639 834 1019 914 ἀνατίθησιν
1073 871 1156 883 —-
1213 870 1300 880 —-
1368 835 1525 899 ὅθεν
1579 838 1695 901 οὐκ
1755 838 1876 901 ἀπὸ

99 931 334 1015 τρόπου
377 940 507 1004 τοῖς
548 934 688 1017 περὶ
726 935 842 999 τὸν
868 933 1183 999 Διόνυσον
1225 937 1610 1020 ὀργιασμοῖς,
1657 938 1741 1008 ὥς
1773 938 1879 1020 μί-

101 1058 279 1115 μημα
319 1042 433 1097 τοῦ
474 1034 555 1101 τὰ
598 1033 807 1098 πάντα
848 1043 1196 1121 γεννῶντος
1239 1035 1345 1097 καὶ
1385 1036 1770 1117 περιέχοντος
1813 1041 1880 1100 ἐν

105 1135 341 1216 ἑαυτῷ,
388 1133 934 1220 συγκαθωσίωται.
978 1153 1135 1214 quae
1176 1137 1245 1194 in
1286 1152 1468 1194 usum
1510 1153 1693 1194 suum
1739 1154 1881 1198 con—

101 1235 289 1294 vertit
346 1233 698 1293 Macrobius
762 1233 890 1293 Sat.
947 1233 1079 1294 vll.
1151 1232 1248 1293 16.
1320 1234 1463 1294 691.
1544 1233 1880 1296 Consule

98 1333 469 1392 initiatos
525 1335 772 1393 sacris
814 1333 1084 1394 Liberi
1138 1334 1421 1408 Patris,
1478 1337 1555 1395 in
1601 1336 1880 1416 quibus

102 1451 334 1494 ovum
376 1433 517 1493 hoc
559 1436 1078 1495 veneratione
1122 1435 1440 1508 colitur,
1483 1445 1567 1496 ut
1611 1455 1697 1497 ex
1735 1438 1882 1498 for-

100 1552 220 1592 ma
254 1532 683 1614 fsphaerali
737 1533 1003 1609 mundi
1057 1535 1556 1596 simulacrum
1612 1536 1876 1616 videa-

101 1643 243 1693 tur.
328 1633 599 1694 Achilles
655 1634 792 1694 Tat.
850 1636 1003 1714 Isag.
1060 1637 1128 1695 in
1182 1635 1450 1696 Phaenn.
1508 1656 1568 1717 p.
1617 1636 1757 1698 130.
1814 1635 1880 1698 C.

100 1733 311 1795 Petav.
367 1742 572 1817 σχῆμα
628 1733 868 1818 κόσμου
926 1738 985 1798 οἱ
1025 1734 1144 1817 μὲν
1196 1735 1520 1806 κωνοειδὲς
1562 1738 1765 1811 εἶπον,
1823 1741 1883 1804 οἱ

101 1833 170 1896 δὲ
215 1834 490 1908 ὥοειὸὲς,
552 1830 624 1913 ἧς
666 1833 851 1915 δόξης
905 1838 1151 1915 ἔχονται
1209 1839 1267 1898 οἱ
1321 1837 1400 1899 τὰ
1451 1838 1718 1921 Ὀρφικὰ
1756 1864 1882 1921 μυ-

101 1932 320 2018 στήρια
361 1943 696 2006 τελοῦντες.
786 1936 1038 1996 Zaratas
1095 1935 1346 2016 quidem
1403 1934 1783 2013 Chaldaeus,
1844 1957 1883 1998 a

97 2053 218 2116 quo
273 2035 651 2114 Pythagoras
708 2037 854 2106 τοὺς
913 2038 1291 2118 τελεστικοὺς
1347 2039 1719 2122 καθαρμοὺς
1778 2040 1884 2102 καὶ

97 2135 212 2215 τὴν
255 2135 566 2218 ἱερατικὴν
610 2135 866 2222 ἀγωγὴν
909 2138 1218 2217 accepisse
1263 2137 1486 2198 dicitur
1529 2158 1589 2201 v.
1624 2140 1881 2220 Interpr.

97 2233 180 2294 ad
222 2234 521 2315 Porphyr.
566 2234 638 2293 V.
683 2235 748 2294 P.
792 2254 854 2315 p.
882 2235 1000 2318 24.
1057 2236 1351 2299 abstineri
1393 2240 1594 2319 possit
1635 2238 1880 2323 κυάμῳ,

100 2336 197 2397 ὅτι
237 2342 312 2415 τῇ
355 2343 471 2398 τοῦ
513 2336 662 2399 ὅλου
706 2333 891 2419 φύσει
933 2337 1145 2418 ὅμοιος
1190 2337 1433 2417 Origen.
1460 2339 1689 2399 Philus.
1733 2361 1781 2399 c.
1805 2341 1882 2400 ΙΙ.

97 2432 344 2516 κύαμον
386 2442 594 2496 autem
620 2435 1166 2514 Pythagoricorum
1209 2439 1491 2499 nonnulli
1531 2458 1721 2502 ovum
1750 2459 1883 2501 esse

96 2533 319 2596 volunt
361 2554 422 2596 v.
467 2534 669 2595 Sturz.
725 2534 806 2595 ad
850 2536 1111 2618 Emped.
1167 2558 1229 2619 p.
1274 2539 1417 2600 636.
1502 2538 1631 2600 Nec
1674 2549 1884 2602 tamen

96 2634 253 2694 hanc
306 2636 612 2695 rationem
668 2635 860 2696 fuisse
922 2637 1215 2712 arbitror,
1303 2659 1409 2700 cur
1466 2642 1698 2700 initiati
1760 2661 1884 2703 ova

98 2734 418 2797 sorbillare
460 2735 802 2810 noluerint,
844 2736 957 2797 sed
998 2740 1238 2820 potius,
1296 2742 1443 2820 quia
1486 2750 1549 2800 et
1589 2742 1657 2800 in
1700 2741 1882 2803 silici-

102 2837 319 2896 cerniis
378 2836 848 2919 apponebantur
919 2847 981 2898 et
1049 2841 1118 2900 in
1175 2841 1702 2922 purificationibus
1763 2845 1882 2902 cir-

105 2934 624 3011 cumferebantur,
684 2937 1042 3016 religionem
1088 2941 1395 3021 quandam
1438 2941 1729 3003 videntur
1771 2943 1882 3003 ha-

102 3034 310 3095 buisse
362 3056 423 3099 v.
479 3056 648 3118 supr.
708 3038 773 3097 P.
817 3038 863 3098 Ι.
928 3034 1076 3119 Cap.
1120 3042 1196 3101 II.
1258 3042 1628 3119 Pythagorei
1671 3051 1880 3104 autem

66 3201 70 3204 ,
101 3145 357 3216 propter
396 3137 655 3199 eandem
700 3156 947 3200 causam
991 3159 1125 3214 cor,
1171 3141 1483 3202 cerebrum
1502 3186 1519 3215 ‚
1563 3145 1880 3204 matricem

220 3302 286 3361 [ΙΙ]
331 3306 467 3348 Vetus
519 3308 625 3351 haec
676 3309 870 3366 quaestio
924 3325 950 3352 a
997 3311 1301 3368 Peripateticis
1344 3312 1524 3367 agitata.
1570 3327 1611 3358 ν.
1656 3315 1877 3356 censorin.

12 3423 17 3427 υ
72 3376 141 3408 >c.
173 3363 249 3405 IV.
