2158 3848
689 197 1261 244 ELEUSINl-A.
1747 187 1865 250 191

568 265 580 293 l

92 348 408 419 ceptorum
471 335 643 414 loqui
693 329 957 402 videtur.
997 329 1230 389 Seneca
1293 325 1455 415 Epp.
1511 327 1698 390 XCV.
1763 332 1867 394 64.

33 442 38 445 “
91 435 514 499 Sanctiora
557 447 956 492 sacrorum
998 428 1153 488 soli
1199 427 1524 486 initiati
1576 433 1865 508 sciunt,

88 549 166 599 at
204 541 632 616 praecepta
686 538 763 589 et
791 530 975 589 ·.alia
1015 524 1466 606 hujusmodi
1508 530 1867 607 profanis

87 653 386 717 quoque
440 638 628 690 nota
686 639 883 690 sunt.
969 627 1190 708 Neque
1239 626 1445 685 solum
1499 628 1867 707 quibusnam

84 736 266 795 rebus
309 732 760 794 abstinerentur
799 727 1091 790 initiandi
1123 729 1191 786 in
1225 727 1446 805 vulgus
1477 738 1698 802 ¹notum
1733 743 1869 793 erat

86 835 197 895 sed
239 835 431 892 etiam
475 849 598 910 qua
641 829 721 889 de
763 849 964 890 causa.
1049 828 1354 888 Plutarch.
1379 827 1457 904 de
1485 828 1632 889 Soll.
1657 830 1867 893 Anim.

87 956 134 994 c.
178 931 437 993 XXXV.
483 932 627 991 202.
673 931 743 991 Τ.
765 930 934 991 ΧΠΙ.
979 933 1046 992 ἐν
1075 930 1305 991 Λέπτει
1337 929 1492 1000 ’τοὺς
1532 933 1709 1013 ἱερεῖς
1749 941 1867 998 τοῦ

85 1034 484 1102 Ποσειδῶνος
526 1030 715 1095 οὐδὲν
759 1034 996 1095 ἄναλον
1050 1029 1416 1102 ἐσθίοντας,
1480 1029 1741 1115 τρίγλαν
1794 1032 1868 1096 δὲ

81 1135 226 1205 τοὺς
262 1136 559 1196 Ἐλευσῖνι
599 1130 843 1214 μύστας
869 1130 1244 1213 σεβομένους
1269 1134 1398 1193 ἴστε
1438 1129 1536 1192 ἐπὶ
1567 1138 1715 1213 τιμῇ
1749 1140 1867 1195 τοῦ

86 1233 279 1309 {ebov-
323 1233 438 1296 τὸν
480 1233 604 1319 γὰρ
642 1229 993 1295 θαλάττιον
1036 1230 1284 1317 λαγωὸν
1315 1230 1650 1294 κτείνουσι·
1697 1233 1866 1315 quod

84 1336 401 1394 confirmat
443 1332 740 1393 Aelianus
783 1329 866 1390 H.
889 1329 1007 1391 An.
1033 1330 1143 1391 IX.
1189 1328 1291 1391 65.
1336 1340 1398 1390 et
1442 1327 1543 1390 51.
1587 1334 1655 1395 ἐν
1671 1333 1864 1397 Ἐλευ-

84 1442 208 1498 σῖνι
249 1435 434 1516 τιμὰς
479 1436 597 1513 ἔχει
622 1432 853 1514 (trigla)
899 1436 964 1495 ἐκ
1002 1441 1135 1497 τῶν
1175 1433 1605 1524 μυουμένωνῇ
1626 1433 1733 1496 καὶ
1766 1434 1865 1496 δι-

83 1542 240 1597 πλοῦ
285 1536 318 1597 ὃ
366 1532 546 1619 λόγος
587 1541 697 1612 τῆς
741 1532 943 1603 αἰτίας
984 1533 1189 1613 τῆςὸε·
1239 1535 1298 1596 οἱ
1338 1534 1456 1616 μέν
1498 1554 1696 1616 φασιν
1738 1536 1868 1597 ἐπεὶ

82 1635 215 1716 τρὶς
238 1642 352 1696 τοῦ
379 1637 554 1702 ἔτους
586 1633 806 1706 τίκτει,
851 1635 911 1694 οἱ
948 1632 1018 1695 δὲ
1055 1633 1184 1695 ἐπεὶ
1217 1633 1333 1696 τὸν
1369 1635 1617 1719 λαγωὸν
1650 1634 1864 1697 ἐσθίει·

83 1731 503 1812 Apollodorus
558 1751 709 1793 vero
765 1731 868 1814 (cf.
912 1730 1153 1790 Jacobs.
1209 1733 1291 1791 ad
1346 1733 1532 1803 Anth.
1589 1733 1658 1792 T.
1704 1733 1868 1794 VIII.

0 1833 1 1836 ’
82 1854 144 1913 p.
192 1830 361 1909 356.)
421 1832 630 1909 triglas
673 1831 949 1891 Hecatae
991 1831 1259 1890 triformi
1303 1841 1684 1891 consecratas
1729 1851 1868 1892 esse

83 1933 163 1991 ob
217 1933 488 1991 nominis
543 1929 1014 1991 similitudinem
1079 1939 1141 1989 et
1194 1949 1473 2004 maenas,
1539 1932 1683 2012 quia
1747 1932 1867 1993 dea

81 2035 325 2093 maniae
369 2032 640 2091 effectrix
692 2031 914 2092 Athen.
960 2030 1090 2091 VH.
1147 2029 1291 2090 325.
1347 2032 1416 2092 B.
1504 2030 1656 2105 Quis
1712 2053 1864 2096 vero

80 2151 207 2192 non
247 2133 537 2211 intelligit
577 2133 692 2192 hos
719 2131 1047 2213 pisciculos
1091 2132 1248 2193 viles
1291 2131 1674 2212 frivolosque
1700 2154 1866 2194 mor-

82 2235 204 2291 tuis
248 2234 573 2313 appositos
618 2252 783 2305 esse,
827 2233 974 2311 quia
1018 2233 1236 2310 cuique
1278 2232 1622 2312 parabileS,
1677 2244 1740 2293 et
1776 2235 1864 2294 ob

79 2333 237 2392 hanc
279 2350 526 2391 causam
582 2351 620 2391 a
672 2342 1018 2411 mystarum
1071 2333 1301 2391 mensis
1344 2332 1660 2392 remotos?
1744 2332 1865 2394 Ae-

81 2488 311 2545 quentibus
341 2484 436 2532 εἶτα
463 2487 519 2532 τὰ
546 2489 635 2548 μὲν
663 2489 741 2534 ἐπὶ
769 2492 832 2547 τῷ
862 2495 1084 2534 σιτεῖσθαι
1115 2486 1264 2549 φύντα
1295 2491 1371 2532 καὶ
1401 2492 1679 2548 νομισθέντα
1709 2491 1757 2541 ἒξ
1777 2491 1863 2553 ἀρ-

73 2550 162 2605 χῆς
190 2546 244 2591 οὗ
273 2544 422 2591 πάντα
451 2547 628 2592 δίδοται
657 2547 764 2594 οὐδὲ
793 2554 1093 2610 συγχωρεῖται
1121 2546 1236 2592 ἀλλὰ
1266 2550 1343 2591 καὶ
1372 2545 1543 2592 τούτων
1571 2550 1765 2600 ἐξέτασις
1786 2553 1864 2594 καὶ

81 2610 226 2665 κρίσις
252 2610 450 2665 γίνεται,
496 2599 561 2650 ὧν
589 2604 617 2661 ἤ
666 2621 713 2650 τε
750 2610 813 2666 γῆ
856 2610 933 2652 καὶ
960 2604 1173 2652 θάλασσα
1202 2607 1377 2651 δίδωσι.
1410 2608 1521 2652 unde
1549 2613 1673 2665 patet
1702 2615 1864 2653 certum

82 2678 215 2722 genus
244 2665 332 2708 cibi
360 2663 532 2708 excludi
557 2665 634 2709 illa
662 2666 845 2710 formula
872 2680 958 2709 non
974 2663 1127 2710 ‘cibum
1156 2667 1413 2719 universum,
1443 2671 1494 2709 ut
1521 2681 1563 2710 v.
1590 2682 1627 2709 c.
1658 2667 1865 2727 Amphia-

0 2768 3 2786 ,
81 2736 202 2767 raum
246 2723 481 2767 consulturi
519 2729 611 2768 tres
639 2724 731 2767 dies
760 2725 852 2768 vini
881 2726 1157 2769 abstinebant
1173 2759 1187 2779 ‚
1226 2739 1356 2770 unum
1385 2729 1512 2770 σίτου
1542 2726 1747 2771 Philostr.
1778 2729 1861 2786 Ap.

83 2780 141 2824 11.
180 2780 250 2826 38.
289 2783 360 2826 90.
402 2783 557 2841 Neque
597 2783 712 2842 quod
750 2784 1045 2840 Hieronymus
1087 2785 1194 2828 dicit
1231 2783 1361 2827 Isidis
1403 2790 1449 2827 et
1479 2785 1671 2841 Magnae
1703 2787 1862 2829 Matris

90 2838 291 2884 cultores
317 2841 593 2897 jejunium
624 2843 809 2900 panis
845 2843 1054 2900 sagina
1095 2845 1353 2888 carnium
1397 2857 1759 2901 compescere
1804 2850 1862 2888 et

88 2897 294 2953 gulosa
323 2900 693 2946 abstinentia
714 2901 986 2945 Phasidis
1016 2918 1153 2946 aves
1184 2908 1240 2945 et
1268 2904 1558 2946 fumantes
1587 2905 1862 2946 turtures

87 2956 481 3011 dew'oraresne
510 2959 750 3004 scilicet
777 2959 920 3004 dona
950 2962 1337 3006 contaminent
1367 2960 1644 3003 Cerealia.
1676 2962 1741 3018 (v.
1773 2962 1861 3005 Th.

88 3014 250 3056 Canter
286 3016 412 3060 Varr.
453 3018 598 3063 Lectt.
639 3019 699 3062 Π.
740 3034 776 3063 c.
817 3021 889 3064 21.
920 3024 966 3063 et
996 3021 1052 3064 ad
1081 3021 1242 3065 Arnob.
1272 3021 1325 3063 V.
1357 3034 1394 3062 c.
1428 3019 1517 3076 16.)
1550 3019 1606 3062 ad
1636 3020 1861 3065 Eleusinia

86 3073 313 3116 transferri
345 3080 490 3132 potest
529 3078 575 3120 in
614 3077 856 3122 memoriam
892 3093 1112 3123 munerum
1153 3079 1394 3122 Cerealium
1423 3078 1634 3121 instituta.
1707 3081 1861 3137 Itaque

0 3162 9 3177 r
86 3131 258 3187 syllaba
295 3135 366 3176 ΣΙ
397 3135 443 3178 in
469 3140 541 3182 EI
562 3142 750 3190 mutata,
786 3141 974 3182 TOMH
995 3139 1041 3182 in
1077 3141 1274 3194 TOYH,
1307 3138 1417 3179 hanc
1445 3137 1702 3194 scripturam
1731 3140 1861 3183 resti-

0 3238 12 3254 s,
86 3189 264 3233 mimum
306 3192 346 3233 εἰ
380 3197 460 3237 τοῦ
489 3197 566 3239 καὶ
593 3198 674 3240 τοῦ
702 3193 729 3251 ἢ
760 3197 800 3239 εἰ
827 3196 959 3241 τοῦδε
989 3194 1188 3256 systum,
1231 3202 1280 3238 ut
1307 3196 1419 3238 idem
1447 3195 1657 3240 Libanius
1686 3214 1728 3256 p.
1760 3197 1859 3241 506.

0 3268 9 3283 =
84 3245 110 3292 ὃ
142 3248 270 3291 δεῖνα
302 3247 449 3294 ἀδικεῖ
472 3253 539 3297 τὰ
568 3257 665 3298 καὶ
692 3252 758 3297 τὰ
790 3253 1173 3316 διαπραττόμενος
1203 3258 1279 3298 καὶ
1307 3251 1446 3298 τάδε
1475 3259 1634 3300 ποιῶν.
1688 3258 1859 3313 Mysta-

0 3356 3 3361 .
84 3306 212 3363 g⁰g32
242 3311 292 3349 ut
320 3310 760 3372 exemplumssponam‚
791 3313 873 3355 hoc
901 3314 1023 3357 modo
1054 3315 1399 3358 sacrificaturum
1426 3313 1776 3372 interrogabant:
1820 3317 1860 3359 εἰ

0 3378 10 3407 ³
86 3367 321 3424 zpssstrsov
351 3363 378 3408 ⁷³
409 3366 583 3428 κὐἆμου
612 3367 640 3426 ἢ
669 3374 709 3417 εἰ
736 3373 875 3430 γαλῆς
902 3370 1096 3431 erebum,
1130 3373 1184 3419 οὐ
1214 3371 1415 3431 καθαρὸς
1442 3369 1592 3433 πάρει.
