2158 3848
181 213 305 276 516
711 223 950 269 mima
994 223 1425 270 SECUNDUS.

189 360 441 429 voravit
485 355 685 418 Schol.
730 353 811 416 ad
854 355 1002 432 Lyc.
1022 372 1027 385 ¹
1048 353 1191 416 399.
1235 353 1454 419 δίσκον
1474 414 1477 417 ,
1498 353 1627 418 τὸν,
1651 353 1773 416 Δία
1815 354 1973 439 λέγει

187 459 293 522 διὰ
337 457 451 522 τὸν
495 457 681 520 λίθον
735 455 851 519 τὸν
908 454 1052 519 ἀντὶ
1096 454 1245 524 Διὸς
1300 455 1422 518 ὑπὸ
1467 451 1719 538 Κρόνου
1779 474 1972 517 κατα-

186 559 496 631 ποθέντα,
560 557 644 625 ὥς
699 575 892 637 φησιν
938 553 1225 623 Ἡσίοδος
1279 559 1347 618 ἐν
1388 563 1464 636 τῇ
1515 553 1812 640 Θεογονίᾳ
1853 554 1970 641 τὴν

182 659 466 741 Ὀρφέως
525 655 879 737 ὑποκλέψας
937 653 1043 715 καὶ
1105 653 1548 738 παραφθείρας
1616 643 1974 740 θεογονίαν-

191 756 316 818 Sed
359 754 669 835 quomodo
730 753 1032 813 Saturnus
1090 772 1128 812 a
1183 753 1310 812 filio
1369 755 1819 816 circumventus
1856 756 1977 837 sit,

191 857 572 936 Porphyrius
630 855 887 934 exponit
942 852 1022 912 de
1079 853 1154 912 A.
1211 852 1285 913 N.
1343 873 1391 911 c.
1434 852 1600 913 XVI.
1660 855 1828 938 παρὰ
1887 862 1979 936 τῷ

189 961 420 1042 Ὀρφεῖ
460 957 492 1019 ὃ
521 954 763 1039 Κρόνος
805 956 1002 1037 μέλιτι
1043 954 1165 1016 ὑπὸ
1195 954 1341 1023 Διὸς
1385 953 1782 1037 ἐνεδρεύεται·
1825 942 1979 1034 πλη-

196 1059 370 1128 σθεὶς
425 1057 549 1144 γὰρ
605 1059 845 1138 μέλιτος
899 1053 1124 1138 μεθύει
1179 1055 1286 1116 καὶ
1341 1063 1672 1135 σκοτοῦται
1730 1055 1814 1124 ὥς
1857 1050 1985 1148 ὑπὸ

197 1165 374 1223 οἴνου
429 1157 535 1220 καὶ
588 1158 791 1221 ὑπνοῖ.
883 1156 1054 1234 Φησὶ
1110 1155 1234 1239 γὰρ
1288 1157 1431 1237 παρ’
1486 1156 1714 1238 Ὀρφεῖ
1763 1156 1800 1234 ἡ
1850 1155 1982 1226 Νὺξ

192 1268 282 1342 τῷ
327 1259 433 1320 Διὶ
474 1257 894 1339 ὑποτιθεμένη
939 1254 1052 1318 τὸν
1097 1255 1206 1317 διὰ
1249 1263 1362 1318 τοῦ
1405 1256 1646 1336 μέλιτος
1688 1254 1882 1319 δόλον

332 1363 453 1422 Εἶτ’
489 1369 553 1421 ἂν
585 1366 650 1437 δή
675 1391 764 1436 μιν
797 1368 937 1436 ἴδηαι
969 1364 1068 1418 ὕπὸ
1103 1369 1283 1438 δρυσὶν
1312 1365 1646 1435 ὑψικόμοισιν

333 1455 548 1525 ἴργοισιν
578 1451 845 1520 μεθύοντα
878 1449 1172 1519 μελισσάων
1205 1452 1496 1522 ἓριβόμβων
1514 1456 1615 1520 [¹¹¹],

333 1539 517 1591 αὐτίκα
547 1560 636 1605 μιν
667 1539 828 1606 δῆσον
866 1569 932 1576 --
973 1569 1037 1574 —
1151 1610 1153 1612 ‚

196 1629 229 1706 ὃ
277 1643 382 1705 καὶ
425 1639 645 1722 πάσχει
689 1641 721 1702 ὅ
768 1637 1013 1723 Κρόνος
1054 1639 1161 1702 καὶ
1203 1641 1412 1711 δεθεὶς
1456 1641 1804 1723 ἐκτέμνεται
1816 1648 1847 1714 ,’
1901 1642 1984 1711 ὥς

201 1740 504 1827 Οὐρανός.
564 1741 738 1818 cujus
793 1739 1084 1799 facinoris
1137 1741 1424 1800 notitiam
1477 1741 1767 1802 habuisse
1810 1740 1983 1803 vide-

197 1855 295 1903 tur
338 1842 629 1902 Timaeus
673 1842 739 1899 in
785 1840 986 1899 Schol.
1030 1838 1238 1920 Apoll.
1283 1840 1387 1900 IV.
1434 1841 1578 1902 983.
1622 1843 1661 1922 ἡ
1695 1844 1983 1926 Κέρκυρα

196 1941 501 2027 πρότερον
542 1940 661 2023 μὲν
686 1938 976 2024 Δρεπάνη
1022 1943 1291 2004 ἐκαλεῖτο
1336 1977 1422 1985 -
1472 1948 1729 2025 Τιμαῖος
1772 1947 1838 2006 ἐκ
1868 1951 1984 2007 τοῦ

195 2040 510 2126 δρεπάνου
527 2088 548 2115 ,
613 2036 664 2124 ᾧ
721 2042 952 2123 ἐξέτεμε
1007 2048 1121 2103 τοῦ
1185 2043 1479 2125 Οὐρανοῦ
1537 2043 1619 2106 τὰ
1676 2043 1886 2106 αἰδοῖα
1947 2043 1981 2106 ὅ

196 2141 439 2227 Κρόνος
497 2140 538 2221 ἢ
610 2141 642 2202 ὃ
707 2141 864 2211 Ζεὺς
935 2141 1016 2203 τοὶ
1087 2149 1202 2204 τοῦ
1262 2140 1515 2225 Κρόνου
1534 2140 1635 2224 ['‘].
1748 2143 1984 2224 Orphei

195 2242 477 2304 versibus
558 2239 953 2301 callidissime
1021 2243 1219 2301 utitur
1295 2243 1592 2303 Proculus
1652 2241 1734 2302 ad
1791 2243 1986 2324 expli-

196 2342 462 2402 candum
519 2362 625 2402 cur
682 2340 851 2423 apud
893 2340 1241 2402 Homerum
1297 2341 1542 2423 Jupiter
1596 2344 1663 2404 in
1719 2339 1982 2403 Junonis

196 2442 579 2522 amplexibus
627 2442 1072 2521 obdormiscat,
1138 2442 1307 2523 quod
1349 2444 1581 2524 absque
1635 2432 1755 2502 illo
1799 2462 1983 2504 nemo

197 2552 486 2603 natorum
528 2542 850 2602 hominum
892 2544 1276 2621 intelligeret.
1363 2535 1673 2604 Nimirum
1715 2543 1784 2604 id
1832 2545 1982 2618 facit

200 2642 316 2706 τὸν
359 2642 594 2725 πατέρα
639 2643 872 2721 ζηλῶν·
917 2643 1023 2704 καὶ
1064 2643 1188 2728 γὰρ
1234 2647 1460 2713 ἐκεῖνος
1487 2642 1830 2726 πρώτιστος
1859 2670 1980 2707 πα-

201 2742 532 2825 ραδέδοται
573 2750 704 2806 τῶν
745 2746 920 2805 θεῶν

323 2838 506 2893 >Ἔνθα
536 2835 741 2911 Κρόνος
766 2839 865 2907 μὲν
899 2838 1069 2893 ἔπειτα
1101 2839 1281 2910 φαγὼν
1312 2839 1595 2894 δολόεσσαν
1628 2840 1824 2910 ἐδωδήν

337 2933 470 2979 κεῖτο
501 2925 633 2995 μέγα
664 2924 852 2997 ῥέγκων
871 2927 932 2991 [¹¹]

317 3035 388 3092 [¹¹¹]
441 3036 587 3079 Mellis
623 3039 821 3093 repertor
861 3034 1075 3078 Saturnus
1116 3037 1344 3081 secundum
1389 3039 1585 3082 Macrob.
1616 3038 1710 3081 Sat.
1741 3037 1777 3081 I.
1806 3038 1848 3082 7.
1878 3037 1980 3082 238.

198 3093 454 3149 Hydromeli
545 3094 754 3150 ελίτειον)
791 3093 1036 3137 inebriandi
1076 3095 1162 3139 vim
1192 3096 1352 3140 habere
1381 3104 1529 3141 notum
1559 3103 1638 3141 est.
1669 3112 1711 3140 v.
1740 3097 1977 3141 Bekmann.
2017 3123 2020 3126 <

201 3152 266 3194 ad*
286 3152 467 3196 An‘stot.
552 3154 562 3164 ⁰
591 3153 667 3196 ab.
690 3151 812 3196 XXI.
841 3167 886 3210 p.
918 3151 989 3195 52.

318 3210 382 3268 [†]
429 3211 546 3254 Idem
584 3218 735 3255 narrat
772 3211 950 3254 fictitius
981 3209 1269 3255 Callisthenes
1299 3228 1368 3271 ap.
1399 3214 1586 3272 Interpr.
1616 3215 1767 3257 Boess.
1797 3214 1853 3256 ad
1880 3213 1977 3256 Ibin

200 3283 240 3309 v.
271 3267 370 3311 275.
401 3269 690 3313 Saturnus
719 3297 777 3304 —
804 3273 970 3327 parte
1010 3275 1109 3312 est
1148 3271 1345 3315 laesus
1383 3273 1579 3316 eadem
1624 3285 1975 3329 poenamque

201 3340 225 3368 a
256 3333 419 3379 nato,
450 3343 603 3384 quam
633 3329 823 3381 dedit,
852 3329 978 3385 ipse
1007 3327 1157 3371 tulit.

317 3386 385 3441 [1¹]
428 3386 502 3428 Sic
532 3388 685 3445 scripsi
715 3401 794 3444 pro
818 3387 1029 3444 ἐλέγχων.
