2158 3848
214 179 340 240 214
802 193 1036 237 LIBER
1081 193 1392 238 PRIMUS.

220 329 419 388 Schol.
465 323 792 388 Oed.·⁴Col.
843 323 1023 390 1051.
1069 337 1143 390 'et
1188 327 1520 390 Pausanias
1566 325 1857 385 Eleusine
1900 346 1995 385 re-

217 428 449 488 sedisse
479 438 780 503 narrant,
838 450 914 491 ex
967 430 1174 490 Attica
1232 429 1456 506 ejectos
1502 423 1642 484 esse·
1678 425 1996 504 Lycurgus

218 549 265 588 c.
310 529 518 588 Leocr.
562 547 622 607 p.
675 529 812 589 160.
861 528 956 589 15.
1003 540 1064 588 et
1106 528 1554 588 Demosthenes
1599 526 1889 606 Epitaph.
1934 546 1996 607 p.

224 626 401 689 1391.
434 630 827 701 confirmant,-
870 626 1098 709 palude
1127 627 1479 707 Gorgopide
1521 626 1871 686 submersos
1914 628 2000 685 le-

219 730 416 807 gimus
448 745 570 806 ap.
627 727 833 803 Etym.
876 727 961 786 M.
1005 747 1065 808 p.
1112 727 1276 786 384..
1321 726 1500 786 Hort.
1545 725 1746 787 Adon.
1789 744 1850 806 p.
1895 727 1997 786 63.

221 825 273 886 θ’.
329 830 692 907 ἒσχατιοῦτις
731 827 919 910 ’λίμνη
963 863 1048 873 --
1082 828 1187 890 ’ὅτι
1229 827 1442 888 πολλοὶ
1482 835 1614 890 τῶν
1657 820 1778 888 ἀπὸ
1837 825 2001 910 Θρᾴ-

221 948 326 1006 κης
389 927 508 990 σὺν
550 925 863 1011 Εὐμόλπῳ
909 925 1432 1011 στραιευσάμενοι
1476 928 1562 988 ἐπ’
1602 922 1868 1005 Ἀθήνας
1913 928 1999 988 ἐπ’

223 1029 377 1107 αὐτῇ
423 1026 793 1110 λουσάμενοι
837 1028 1162 1091 ἀπέθανον
1215 1026 1411 1108 ὥςπερ
1469 1023 1709 1119 ἐσχάτῳ
1763 1033 2004 1108 λουτρῷ

217 1126 597 1209 χρησάμενοι
614 1127 706 1209 [⁰].
764 1148 766 1156 ·
1635 1126 1646 1133 ’

153 1244 159 1254 ·
354 1228 510 1287 'His
566 1229 751 1306 igitur
806 1225 884 1287 de
941 1226 1105 1286 bello
1160 1225 1478 1285 Eleusinio
1536 1224 1793 1298 fabulis,
1860 1242 2006 1304 qua-

222 1333 360 1386 111111
428 1319 666 1407 prima
695 1329 867 1405 origo
925 1327 1200 1390 inveniri
1252 1326 1492 1405 nequit,
1573 1323 1728 1384 nihil
1781 1322 1862 1383 ad
1917 1323 2009 1382 fa-

224 1435 391 1486 mam
435 1419 871 1504 mysteriorum
917 1420 1225 1506 antiquius
1281 1436 1389 1485 est.
1499 1426 1858 1486 Eleusinem
1913 1425 2008 1504 ip-

226 1545 360 1585 sam
442 1545 519 1586 ne
589 1520 866 1587 Solonis*
907 1526 1156 1606 quidem
1224 1525 1608 1606 temporibus
1676 1524 2009 1585 Athenien-

226 1615 387 1684 sium
465 1629 729 1706 imperio
764 1627 1148 1705 --subjectam
1227 1625 1419 1685 fuisse
1494 1625 1851 1704 argumento
1919 1635 2012 1685 est

227 1723 457 1784 bellum
497 1728 800 1806 ¹utrinque
868 1745 1007 1786 cum
1060 1727 1282 1804 magna
1336 1727 1405 1787 vi
1458 1735 1730 1804 gestulm
1779 1728 1846 1786 111
1889 1727 2011 1806 quo

228 1824 389 1883 ‘reni
455 1816 654 1886 virtus
723 1827 1038 1900 inclaruit,
1121 1826 1367 1885 s010nis
1438 1828 1770 1905 praeconio
1838 1805 2011 1885 n'obi-

228 1925 404 1984 litata
457 1924 691 1985 Herod.
750 1927 795 1985 I.
855 1926 990 1985 30.-
1049 1925 1331 1987 Devictis
1387 1924 1637 1987 demum
1681 1927 2012 1986 Eleusiniis

230 2034 292 2082 et
335 2044 485 2103 pace
531 2027 877 2106 composita
913 2044 1094 2086 ⁴sacr-a
1137 2040 1380 2105 quoque
1406 2021 1646 2085 Cereris
1689 2028 1764 2086 in·
1796 2025 2013 2085 urbem

230 2204 430 2264 ριώτιὸες
458 2205 819 2264 σπονδαὶ-ἱτοῦνο
857 2226 886 2251 α
916 2211 1097 2265 ἔσωσαν]
1125 2210 1202 2252 καὶ
1220 2204 1390 2266 ’μόνοις
1423 2206 1710 2260 Ἐλευσινίοις
1740 2207 1956 2268 ,ὑγίαιγεν
1985 2208 2013 2263 ἡ

226 2264 380 2315 Ἑλλὰς
422 2267 499 2310 01.
541 2262 688 2309 Eleus.
732 2282 774 2324 p.
838 2267 906 2309 58.
936 2266 1172 2309 Eleusiniis
1201 2266 1308 2322 ipsis
1338 2266 1528 2322 Geryces
1556 2268 1832 2324 praeconium
1859 2266 2016 2312 fecisse

230 2324 485 2380 intelligitur
515 2336 568 2368 e‘x
596 2326 729 2368 Isocr.
758 2326 924 2381 Paneg.
956 2339 993 2368 c.
1021 2322 1094 2367 42.
1122 2325 1309 2381 ideoque
1336 2325 1382 2368 in
1411 2326 1606 2383 Xenoph.
1634 2327 1750 2369 Hell.
1772 2327 1801 2372 l.
1823 2327 2015 2373 0.,0100·

232 2383 365 2426 critus
405 2384 484 2426 ille
509 2390 744 2440 mystarum
785 2399 943 2440 praeco
983 2380 1085 2443 μάλ’
1131 2384 1347 2452 ἕμφωνος
1387 2380 1453 2427 ὢν
1480 2385 1771 2442 praedicatur.
1830 2386 1897 2429 De
1926 2386 2015 2430 Pa—

231 2442 447 2498 stophoris
479 2443 590 2497 quod
620 2442 726 2485 'dicit
754 2442 1091 2498 WVesselingiuS,
1122 2442 1277 2484 mtitur
1303 2442 1470 2486 ludicro
1499 2445 1812 2502 Aegyptiorum
1840 2444 2015 2488 menda—

234 2499 299 2542 cio
315 2534 326 2553 ‚
358 2500 426 2541 cui
457 2514 511 2541 ne
536 2500 755 2543 Diodorus
786 2501 955 2558 quidem
985 2500 1161 2543 multum
1189 2501 1356 2553 tribuit.

352 2586 412 2643 [⁰]
444 2585 610 2628 Eadem
653 2587 871 2644 Gorgopis
914 2587 1032 2629 dicta
1071 2587 1127 2629 ob
1169 2586 1347 2642 Gorgae
1385 2586 1633 2640 interitum3
1674 2603 1784 2645 quae
1813 2591 2014 2646 frequen·

232 2644 397 2687 tissima
438 2645 484 2687 in
514 2645 760 2688 derivandis
800 2646 978 2688 marium
1018 2648 1064 2687 et
1104 2644 1333 2687 fluviorum
1372 2644 1613 2688 nominibus
1651 2647 1790 2699 rati03
1834 2648 1879 2689 in
1907 2650 2016 2691 mari

233 2702 354 2745 Ionio
383 2704 637 2746 interierunt
664 2704 791 2747 Iones
821 2704 966 2746 Schol.
996 2703 1123 2747 Pind.
1152 2703 1203 2746 P.
1220 2703 1300 2745 III.
1330 2703 1426 2745 120.
1448 2704 1494 2746 in
1507 2704 1682 2759 Aegaeo
1697 2706 1874 2760 Aegaea
1887 2707 2016 2753 Ama-

238 2776 319 2803 zon
347 2762 467 2805 Fest.
497 2777 533 2804 s.
561 2778 601 2806 v.
631 2762 678 2804 111
705 2763 857 2805 Ε110110
886 2762 1020 2805 fluvio
1050 2776 1130 2804 rex
1160 2762 1421 2817 cognominis
1450 2763 1646 2819 Apollod.
1677 2763 1722 2805 iu
1751 2764 1907 2807 Tiberi
1936 2765 2014 2808 Ti-

237 2817 411 2864 berinus
454 2822 581 2863 Varr.
629 2821 675 2863 in
703 2821 796 2863 sinu
826 2821 1034 2863 Saronico
1066 2819 1177 2862 Saro
1208 2820 1380 2876 quidam
1409 2819 1567 2863 Zonar.
1595 2835 1638 2878 p.
1671 2821 1797 2865 1629.
1827 2829 1909 2866 etc.
1939 2839 2017 2867 no-

237 2883 454 2936 stramque
483 2879 694 2922 Vistulam
734 2894 762 2923 a
800 2880 953 2935 regina
983 2879 1202 2921 submersa
1230 2893 1380 2922 nomen
1410 2880 1630 2936 accepisse
1659 2886 1838 2923 narrant
1866 2883 2016 2925 Philo-

239 2937 360 2980 chori
388 2938 597 2982 Polonici.
627 2962 687 2972 ·—
715 2962 770 2971 -—-
801 2939 1160 2995 Gephyraeorum
1190 2934 1447 2987 ὃεκάτευσις
1471 2944 1520 2980 et
1547 2939 1758 2994 pmfectio
1787 2938 2015 2998 Delphica,

240 3009 349 3051 quae
389 2998 433 3039 in
471 2998 584 3039 idem
625 3002 791 3054 tempus
828 2996 982 3040 incidit
1019 2996 1140 3038 Suid.
1196 3010 1230 3038 5.
1272 2993 1397 3054 Δόρυ
1439 2993 1674 3057 κηρύκειον
1727 3003 1773 3041 et
1811 2998 2015 3043 Eustath.

239 3068 282 3110 p.
325 3051 423 3097 408.
468 3070 523 3097 an
563 3056 666 3098 belli
709 3055 921 3099 Eleusinii
959 3051 1192 3114 πάρεργον
1229 3056 1413 3108 fuerint,
1453 3055 1499 3097 in
1534 3055 1668 3113 dubio
1710 3056 2015 3113 relinquimus;

243 3126 371 3155 sacra
404 3113 577 3156 Cereris
608 3115 891 3172 Gephyraeos
921 3114 1107 3157 coluisse
1136 3119 1281 3156 notum
1322 3118 1400 3156 est.
1462 3114 1679 3157 Thracum
1717 3115 1907 3172 ipsorum
1945 3118 2015 3160 in-

242 3171 459 3214 cursiones
489 3174 677 3215 nonnulli
708 3188 843 3230 usque
874 3173 930 3216 ad
960 3172 1092 3215 Codri
1121 3175 1316 3230 tempora
1345 3171 1600 3230 producunt,
1632 3187 1755 3229 quem
1786 3175 2014 3219 aThraci-

243 3231 320 3272 bus
350 3230 536 3273 occisum
564 3232 699 3274 refert
729 3233 950 3276 Sostratus
980 3232 1030 3276 ἐν
1061 3230 1253 3290 δευτέρῳ
1287 3233 1524 3291 Θρᾳκικῶν
1563 3232 1686 3275 Stob.
1722 3233 1866 3277 Serm.
1910 3233 2010 3277 VII.

242 3288 311 3329 92.
365 3289 534 3332 Nomen
569 3287 719 3348 Θρᾴκη
748 3291 777 3332 1.
809 3305 850 3348 q.
888 3287 1055 3351 Τράχις
1083 3291 1155 3346 (ut
1188 3292 1347 3349 Θελγίς
1375 3296 1420 3333 et
1454 3291 1636 3347 Τελχίς,
1679 3288 1825 3353 κύθρη
1853 3295 1898 3335 et
1919 3288 2010 3349 χύ-

242 3347 346 3405 τρα)
387 3348 477 3390 sine
522 3348 651 3391 dubio
681 3349 770 3393 late
793 3350 964 3408 patuit,
994 3349 1225 3407 pluresque
1254 3350 1452 3405 regiones
1483 3350 1745 3408 complexum
1775 3356 1853 3394 est.
