2158 3848
213 190 329 249 196
795 195 1027 239 numa
1071 193 1380 237 PRIMUS.

209 332 592 411 antiquiores¹
650 327 924 409 Antipho
1001 337 1062 386 et
1138 325 1534 385 Philochorus
1561 365 1578 394 ,
1620 340 1624 345 ’
1666 321 1974 399 aruspices

207 432 624 492 Athenienses.
710 427 951 487 Horum
988 427 1176 506 aliqui
1212 426 1474 485 fortasse
1507 419 1832 481 sacerdotii
1866 417 1974 476 ho—

205 548 356 591 nore
408 528 676 590 contenti
739 529 1055 586 scientiam
1114 544 1240 584 non
1297 523 1561 603 professi
1619 530 1794 591 sunt,
1866 516 1975 577 sed

203 631 368 692 haud
424 629 604 709 pauci
659 628 902 706 scriptis
957 626 1085 682 suis
1141 623 1526 703 disciplinam
1580 619 1973 679 sacrificalem

203 741 265 790 et
306 729 694 807 antiquitates
737 743 940 782 rerum
978 722 1346 782 divinarum*
1370 723 1768 780 illustrarunt.
1836 718 1972 775 Phi-

200 831 482 889 lochorus
527 824 604 883 de
648 825 955 883 sacrificiis
981 823 1271 901 2scripsit3
1315 819 1619 880 Nicander
1657 830 1789 893 tum
1835 814 1974 894 gen-

201 931 355 988 tium
398 925 761 1002 urbiumque
807 923 1068 999 origines
1112 928 1431 980 scrutatus·
1463 928 1557 978 est
1610 918 1973 977 tum-histo-

198 1029 354 1086 riam
398 1024 783 1084 oraculorum
829 1023 1245 1095 concinnavit3
1302 1020 1635 1092 -ProcquS,
1671 1017 1972 1103 Nicoma-

200 1128 296 1186 chi
354 1128 687 1204 interpres,
753 1119 1264 1182 commentarium
1323 1119 1400 1179 de
1454 1118 1791 1194 Theologia
1816 1143 1818 1147 ·
1845 1114 1969 1173 edi-

199 1225 309 1298 dit,
350 1226 621 1304 itemque
633 1221 727 1281 ”de
752 1221 965 1281 fabula
991 1221 1343 1293 Pandora&
1388 1219 1706 1299 Apollonii
1730 1215 1971 1295 Aphro-

197 1325 497 1385 disiensis·
520 1323 678 1382 liber
719 1321 837 1379 fuit
878 1320 1324 1403 περὶ-ἲὊρφέως
1381 1321 1486 1382 καὶ
1539 1327 1672 1382 τῶν
1711 1323 1971 1378 τελετῶν

195 1426 409 1488 αὐτοῦ.
496 1422 823 1483 Arrianum
877 1423 944 1479 in
1002 1429 1261 1499 utroque
1323 1439 1509 1501 opere
1550 1436 1758 1477 rerum
1805 1415 1970 1476 divi-

192 1543 440 1583 narum·
475 1524 868 1601 antiquitates
926 1521 1235 1577 tractasse·
1281 1527 1412 1578 tum
1464 1520 1719 1578 Photius
1769 1525 1970 1574 testa-

193 1632 321 1695 tur,
365 1631 496 1681 tum
544 1640 619 1680 ex
660 1623 769 1693 iis,
826 1638 980 1699 quae
1024 1622 1383 1699 supersunt,
1437 1618 1704 1696 judicari
1745 1624 1967 1695 potest.

193 1722 399 1796 Quum
441 1722 624 1798 igitur
668 1719 744 1778 de
786 1720 1097 1794 mysteriis
1153 1719 1371 1777 multass
1401 1718 1700 1798 privatim
1756 1724 1818 1772 et
1874 1713 1971 1772 di=

192 1831 290 1882 cta
342 1831 403 1879 et
457 1822 685 1899 scripta
738 1821 889 1891 sint,
956 1837 1217 1896 quorum
1271 1820 1555 1889 auctores
1594 1819 1968 1894 ignoramuS,

188 1921 516 1980 manifesto
559 1926 848 1999 apparet,
913 1916 993 1976 ad
1037 1916 1621 1988 demonstrandumx,
1681 1914 1829 1995 quid
1872 1917 1965 1973 in·-

187 2028 281 2078 ter
321 2019 728 2098 penetralium
772 2020 1063 2095 consepta
1098 2018 1487 2096 propositum
1530 2015 1718 2086 fuerit
1758 2017 1965 2074 initia-

186 2120 298 2191 tis,
341 2118 512 2176 nullo
556 2117 911 2175 testimonio
955 2117 1064 2174 uti.
1089 2117 1292 2188 licere,
1339 2117 1436 2174 cui
1478 2117 1615 2173 non·
1645 2118 1857 2174 auctor
1901 2124 1963 2173 et

185 2217 354 2276 locus
399 2224 461 2274 et
501 2225 746 2296 tempus
800 2216 1167 2274 nominatim
1226 2217 1350 2273 sint
1391 2216 1811 2294 praescripta;·
1863 2233 1963 2273 cu-

178 2313 458 2394 jusmodi
497 2315 949 2386 testimonium,
996 2313 1162 2393 quod
1206 2313 1466 2394 quidemr
1499 2314 1580 2374 ad
1621 2333 1826 2374 rerum
1871 2314 1962 2374 di—

183 2416 468 2475 vinarum
527 2411 869 2473 doctrinam
925 2415 1261 2492 pertineat,
1326 2414 1564 2475 nullum
1627 2417 1959 2489 invenitur,

183 2532 379 2593 neque
419 2513 686 2573 inveniri
727 2520 948 2592 potest.

948 2681 1002 2762 ξ.
1087 2683 1187 2742 26.

356 2806 598 2881 Quanto
644 2827 831 2888 opere
874 2825 1086 2868 eorum
1127 2809 1548 2889 improbamus
1578 2813 1961 2891 opinionem,

184 2910 286 2989 qui
329 2908 786 2969 Eleusiniorum
843 2917 1119 2968 auctores
1179 2919 1241 2968 et
1295 2912 1597 2970 antistites
1653 2912 1848 2989 gloria
1891 2922 1954 2972 et

182 3007 663 3088 praedicatione,
696 3007 952 3068 efferunt
1015 3012 1389 3090 summisque
1454 3013 1688 3089 generis
1755 3014 1951 3072 nostri

182 3107 679 3187 praeceptoribus
714 3109 1131 3187 aequiparant,
1175 3117 1412 3170 tantum
1448 3110 1640 3183 abest,
1684 3120 1754 3170 ut
1781 3113 1950 3192 Apo-

181 3208 396 3284 logetis
427 3204 788 3267 Christianis
832 3210 1252 3282 assentiamur,
1298 3210 1517 3290 quibus
1562 3214 1778 3270 secreti
1810 3231 1947 3288 my-

180 3308 507 3367 steriorum
550 3315 758 3367 coetus
800 3307 1116 3368 helluandi
1153 3318 1215 3368 et
1248 3308 1559 3370 scortandi
1595 3329 1776 3370 causa
1814 3321 1944 3369 tum
