2158 3848
192 188 318 248 246
719 197 957 241 LIBER
1001 196 1432 247 SECUNDUS.

190 330 335 395 οὐδὲ
379 333 536 413 βοῦς
578 325 854 411 ἐτόλμων
895 324 1228 413 γεύεσθαι,
1295 323 1560 408 θύματα
1602 323 1673 388 δὲ
1727 326 1842 388 οὔκ
1894 322 1973 405 ἦν

193 435 363 500 θεοῖς
408 429 569 505 ζῶα,
623 431 874 492 πέλανοι
915 426 985 490 δὲ
1028 426 1135 489 καὶ
1176 427 1371 507 μέλιτι,
1412 425 1643 508 καρποὶ
1684 425 1977 509 δεδευμέ-

191 557 290 596 νοι
331 531 437 593 καὶ
488 537 749 593 τοιαῦτα
806 530 961 590 ἄλλα
1017 526 1209 611 ἁγνὰ,
1236 523 1531 608 θύματα·
1600 534 1852 609 σαρκῶν
1908 526 1975 589 δ’

192 630 515 711 ἀπείχοντο
571 631 655 698 ὥς
712 629 827 706 οὐχ
884 626 1059 689 ὅσιον
1115 625 1382 700 ἐσθίειν,
1444 625 1592 690 οὐδὲ
1645 627 1793 697 τοὺς
1849 634 1980 689 τῶν

192 736 366 794 θεῶν
407 729 665 811 βωμοὺς
708 730 923 807 αἵματι
965 723 1258 805 μιαίνειν,
1304 727 1458 789 ἀλλὰ
1495 726 1782 810 Ὀρφικοί
1821 750 1982 795 τινες

193 829 507 916 λεγόμενοι
563 825 694 908 βίοι
761 826 1044 911 ἐγένοντο
1101 830 1234 894 τοῖς
1301 823 1476 899 τότε,
1543 825 1811 910 ἀψύχων
1864 825 1983 909 μὲν

194 928 472 1011 ἐχόμενοι
499 924 780 999 πάντων,
826 922 1130 1008 ἐμψύχων
1174 921 1243 987 δὲ
1286 922 1547 988 πάντων
1591 925 1979 1009 ἀπεχόμενοι·

193 1028 412 1108 quibus
486 1027 818 1086 concinunt
882 1023 1214 1105 Euripides
1274 1022 1468 1104 Hipp.
1526 1024 1670 1085 946.
1732 1028 1984 1109 ἄψυχον

190 1126 399 1211 βοράν
441 1125 522 1186 ad
565 1126 836 1206 speciem
890 1127 1060 1187 vitae
1115 1132 1366 1185 sanetae
1411 1123 1838 1205 Orphicaeque
1889 1145 1985 1184 re—

192 1227 391 1287 ferens
408 1271 425 1300 ‚
483 1237 545 1286 et
599 1227 872 1307 apertius
916 1225 1276 1285 Plutarchus
1322 1221 1586 1286 Conviv.
1635 1225 1806 1305 Sept.
1849 1225 1986 1289 XV.

197 1329 298 1388 38.
343 1327 412 1387 Τ.
457 1326 619 1386 VIII.
664 1324 835 1409 (159.
883 1324 975 1403 C.)
1019 1325 1091 1388 τὸ
1139 1325 1483 1405 ἀπέχεσθαι
1527 1332 1783 1408 σαρκῶν
1836 1326 1986 1388 εἴδω.-

192 1430 338 1508 ὃῆς,
382 1428 579 1510 ὥςπερ
630 1427 863 1509 Ὀρφέα
906 1426 1020 1489 τὸν
1074 1425 1343 1489 παλαιὸν
1399 1427 1751 1508 ἱστοροῦσι,
1807 1423 1986 1509 σόφι-

196 1550 324 1611 σμα
366 1535 613 1610 μᾶλλον
654 1526 694 1606 ἢ
741 1526 909 1611 φυγὴ
952 1533 1083 1589 τῶν
1143 1525 1284 1607 περὶ
1324 1525 1441 1604 τὴν
1481 1524 1726 1608 τροφὴν
1770 1517 2008 1605 ἀὸικηέ

193 1626 415 1710 μάτων
470 1625 616 1690 ἐστί.
706 1626 790 1685 Et
842 1625 1266 1702 Hieronymus
1322 1623 1465 1686 adv.
1520 1622 1727 1686 Jovin.
1784 1625 1854 1685 L.
1910 1627 1987 1684 11.

195 1749 255 1808 p.
301 1727 444 1787 206.
505 1718 575 1785 Τ.
619 1725 722 1786 IV.
787 1724 882 1785 ed.
926 1725 1215 1785 Martian.
1279 1724 1639 1804 Orpheus
1691 1726 1773 1785 in
1827 1745 1990 1787 car-

195 1828 399 1886 m-ine
468 1843 604 1885 suo
682 1844 895 1886 esum
964 1828 1306 1886 carnium
1363 1824 1820 1889 detestatur.
1918 1828 1989 1887 In

197 1927 540 1989 carminum
574 1924 986 2005 Orphicorum
1029 1926 1307 2005 reliquiis
1350 1926 1589 1986 nullum
1632 1927 1992 2005 hujusmodi

196 2033 598 2106 praeceptum
641 2026 893 2103 legitur,
934 2027 1057 2085 nisi
1100 2026 1262 2086 forte
1306 2027 1564 2086 senariis
1609 2027 1777 2100 istis,
1835 2046 1990 2107 quos

197 2124 563 2184 idemtidem
610 2126 847 2206 profert
891 2126 1113 2185 Sextus
1160 2147 1208 2185 c.
1251 2124 1445 2185 Math.
1490 2127 1566 2185 II.
1598 2126 1698 2186 31.
1742 2120 1989 2188 IXJT5.

202 2247 250 2286 c.
293 2226 476 2302 Phys.
518 2226 566 2284 I.
612 2227 670 2285 2.
718 2223 861 2286 551.
920 2247 964 2285 c.
1012 2224 1261 2284 Rhetor.
1304 2225 1381 2284 ΙΙ.
1427 2223 1571 2285 295.
1615 2216 1834 2308 νόμων
1879 2229 1994 2292 ἀν-

203 2327 589 2409 αιρεθέντων
630 2327 736 2389 καὶ
781 2329 845 2390 αἱ
899 2325 1101 2397 πόλεις
1145 2324 1531 2391 διόλλυνται·
1600 2330 1743 2412 παρ’
1801 2329 1836 2392 ὃ
1890 2329 1997 2393 καὶ

202 2428 235 2489 ὁ
309 2425 608 2511 θεολόγος
670 2428 934 2511 Ὀρφεὺς
1004 2427 1076 2490 τὸ
1145 2429 1493 2513 ἀναγκαῖον
1561 2430 1775 2493 αὐτῶν
1838 2429 1995 2513 ὑπο-

205 2525 414 2610 φαίνει
446 2531 451 2534 ’

331 2631 441 2690 Ἠν
468 2633 684 2706 χρόνος,
723 2633 872 2704 ἡνίκα
909 2641 1078 2707 φῶτες
1113 2636 1196 2688 ἀπ’
1238 2636 1473 2706 ἀλλήλων
1506 2640 1624 2705 βίον
1659 2637 1794 2707 εἶχον

347 2724 669 2793 σαρκοδακῆ,
708 2723 956 2793 κρείσσων
992 2723 1049 2775 δὲ
1084 2722 1175 2775 τὸν
1210 2722 1402 2791 ἥττονα
1437 2728 1589 2795 φῶτα
1626 2722 1763 2789 <Mite
1785 2729 1851 2794 [θ]

330 2883 393 2940 [⁰]
429 2879 579 2925 Simile
609 2879 830 2924 exordium
859 2879 961 2924 Lini

383 2954 439 3015 ἦν
468 2962 584 3006 ποτέ
605 2976 674 3004 τοι
696 2956 866 3021 χρόνος
895 2975 1025 3010 ουτος
1051 2959 1104 3004 ἐν
1134 2951 1170 3017 ᾧ
1197 2958 1297 3019 ἅμα
1326 2957 1457 3004 πάντ
1488 2959 1711 3020 ἐπεφύκει-

210 3033 289 3097 (ἦν
320 3038 343 3084 ὀ
368 3036 570 3110 χρόνος
567 3037 625 3083 ὅτ’
660 3031 718 3094 ἦν
746 3042 970 3111 Κρισαῖον
999 3040 1134 3088 ἔθνος
1160 3040 1388 3083 Presbeut.
1420 3041 1599 3084 Thesal.
1638 3043 1683 3086 in
1712 3042 1845 3100 Hipp.
1877 3043 1994 3102 opp.

212 3100 269 3141 T.
311 3099 347 3140 Ι.
388 3114 429 3155 p.
459 3096 501 3139 4.
543 3090 599 3152 ἦν
626 3113 738 3142 ποτε
761 3093 931 3167 χρόνος
959 3095 1185 3148 ἔκεῖνος”
1161 3097 1220 3142 οῖ’
1253 3094 1375 3158 ἤμην
1405 3098 1496 3159 ἐγὼ
1527 3104 1727 3151 τοιοῦτος
1756 3101 1992 3160 Diog.V1.

213 3158 308 3214 56.)
339 3157 417 3200 sed
446 3156 596 3199 eadem
625 3150 840 3200 sent'entia
871 3157 1159 3201 Moschionis:

385 3229 440 3289 ἦν
468 3232 557 3294 γάρ
588 3252 670 3280 ποι
717 3235 832 3280 αἰὼν
861 3242 1031 3292 κεῖνος,
1063 3251 1120 3290 ην
1149 3233 1343 3291 ὁπηνίκα

385 3297 552 3367 9ηρσὶν
583 3294 756 3344 διαίτας
785 3291 912 3353 εἶχον
938 3297 1155 3368 ἐμφερεῖς
1182 3300 1353 3366 βροτοί.

390 3350 413 3397 ὁ
445 3352 490 3396 δ’
525 3351 720 3407 ἀσ9ενὴς
749 3346 804 3408 ἦν
831 3357 924 3398 τῶν
949 3368 1205 3411 αμεινονων
1232 3352 1345 3414 βορά
1376 3371 1417 3399 κ.
1450 3369 1487 3398 τ.
1519 3355 1555 3399 ἑ.
