2158 3848
239 198 367 258 668
771 209 1006 254 mnan
1049 210 1475 255 SECUNDUS.

239 350 364 415 est,
406 340 931 423 appositicias
976 340 1161 400 ferias
1194 359 1322 401 non
1355 359 1457 401 eas
1492 339 1643 416 dici,
1687 361 1843 424 quae
1885 341 2006 403 diis

237 440 570 522 peregrinis
622 441 940 501 institutae
954 481 971 513 ,
1043 438 1154 499 sed
1210 459 1364 520 quae
1417 460 1671 502 numero
1727 452 2008 504 veterum

238 541 604 601 solemnium
659 539 934 618 adjectae
990 547 1222 613 essent3
1276 558 1431 619 quae
1475 559 1513 600 a
1555 543 1770 621 priscis
1814 551 1876 602 et
1917 544 2010 601 in-

237 642 529 704 veteratis
586 639 949 720 plerumque
982 621 1160 696 'nihil
1220 637 1610 715 differebant,
1669 639 1809 702 nisi'
1845 641 2010 722 quod

238 749 542 821 apparatu
584 739 851 817 majore,
895 738 1401 798 viscerationibus
1417 781 1435 812 ,
1491 743 1814 818 congiariis
1858 741 2013 802 cele-

237 838 603 913 brabantur,
663 836 830 920 quod
884 847 954 897 ut
1006 837 1303 899 Isocrates
1346 841 1473 899 suis
1517 842 1753 903 civibus
1797 861 2012 922 expro-

237 938 407 1012 brat,
449 939 540 998 ita
581 935 861 997 Julianus
904 938 970 996 in
1011 937 1235 1019 Misop.
1279 959 1340 1020 p.
1386 940 1528 1001 362.
1571 939 2012 1002 Antiochenses

237 1038 556 1117 objurgat,
600 1036 765 1118 quod
806 1039 1011 1118 patria
1054 1057 1228 1098 sacra
1268 1058 1452 1119 parce
1495 1040 1864 1120 sordidoque
1905 1059 2014 1121 ap-

235 1149 488 1222 parent,
543 1139 849 1216 Majumas
905 1147 1112 1198 autem
1170 1149 1232 1198 et
1286 1140 1599 1220 phyletica
1642 1142 1825 1222 epula
1868 1141 2014 1200 effu-

235 1243 481 1301 sissimo
539 1246 747 1298 sumtu
805 1236 1119 1298 adornent.
1215 1238 1459 1300 Deinde
1511 1240 2013 1302 Hemsterhusius

237 1351 299 1400 et
341 1341 574 1398 Petitus
619 1337 860 1416 decepti
902 1347 1047 1396 sunt
1088 1338 1275 1412 falsa,
1318 1359 1473 1420 quae
1513 1339 1768 1422 Josephi
1809 1342 2014 1401 locum

231 1439 597 1523 occupavit,
641 1437 930 1495 lectione:
975 1446 1095 1500 νῦν
1136 1438 1254 1519 μὲν
1295 1440 1418 1523 γὰρ
1463 1443 1830 1523 (Ἀθηναῖοι)
1872 1443 2014 1506 τινὰ

235 1542 461 1623 ἱέρειαν
529 1538 926 1610 ἀπέκτειναν,
993 1538 1120 1599 ἐπεί
1181 1563 1275 1609 τις
1331 1540 1521 1620 αὐτῆς
1577 1540 2016 1627 κατηγόρησεν,

237 1641 334 1704 ὅτι
379 1642 571 1711 ξένοις
615 1635 783 1719 ἐμύει
825 1641 1030 1707 θεοῖς·
1077 1636 1254 1721 νόμῳ
1298 1639 1359 1702 δ’
1403 1638 1481 1720 ἦν
1521 1649 1708 1704 τοῦτο
1751 1651 2016 1705 κεκωλυ-

234 1742 427 1823 μένον
494 1740 601 1802 καὶ
665 1737 933 1820 τιμωρία
997 1739 1156 1802 κατὰ
1224 1747 1354 1803 τῶν
1410 1741 1586 1810 ξένον
1646 1740 2017 1828 εἶςαγόντων

234 1841 393 1905 θεὸν
451 1841 674 1922 ὥριστο
733 1837 1042 1909 θάνατος·
1111 1838 1218 1898 ubi
1273 1840 1544 1919 primum
1599 1842 1881 1902 mirabile
1925 1850 2019 1902 est

236 1940 319 2002 ad
383 1940 578 2001 verba
641 1948 763 2004 νῦν
828 1934 945 2022 μὲν
1011 1941 1319 1999 neminem
1386 1939 1771 2015 adhaesisse,
1857 1960 2018 2021 quae

234 2059 491 2121 prorsus
545 2042 825 2122 ineptam
882 2037 1150 2100 reddunt
1205 2041 1600 2115 sententiam3
1665 2040 1812 2121 quid
1855 2043 2039 2102 enim*

235 2139 396 2200 illud
477 2141 597 2200 sibi
663 2141 800 2201 vult
864 2139 1081 2200 Nunc
1145 2140 1453 2220 quidem
1521 2140 2018 2202 occiderunt?

237 2239 364 2301 Sed
408 2251 608 2300 totum
650 2240 854 2300 locum
900 2238 1274 2302 adulteravit
1314 2239 1831 2323 Havercampius.
1898 2241 2018 2303 Ve-

235 2349 336 2401 tus
402 2340 586 2400 lectio
660 2351 754 2401 est
811 2350 932 2405 νῢν
985 2339 1104 2424 μὲν
1158 2341 1280 2427 γὰρ
1337 2341 1452 2422 τὴν
1507 2344 1765 2426 ἱέρειαν,
1851 2342 2019 2424 quod

238 2458 426 2519 quum
470 2459 652 2500 nemo
696 2443 1099 2520 intelligeret,
1143 2451 1449 2502 mutatum
1493 2451 1587 2503 est
1629 2445 1695 2502 in
1737 2452 1860 2508 νῦν
1901 2443 2019 2527 μὲν

234 2537 359 2627 γάρ
399 2565 543 2604 τινα
575 2577 676 2599 -.
722 2541 846 2600 Sed
889 2543 1183 2602 nimirum
1225 2543 1332 2602 ille
1374 2545 1618 2624 scripsit
1650 2544 1851 2608 Νίνον
1891 2543 2014 2629 γὰρ

234 2639 351 2719 τὴν
403 2641 662 2723 ἱέρειαν,
723 2650 786 2699 et
842 2650 935 2699 est
987 2642 1136 2700 haec
1188 2642 1300 2700 illa
1352 2644 1492 2721 ipsa
1548 2661 1761 2715 causa,
1833 2661 2018 2722 quam

236 2741 542 2801 Menecles
598 2742 751 2818 egit,
810 2750 871 2799 et
923 2757 1121 2819 paene,
1173 2740 1366 2800 verba
1409 2740 1661 2816 eadem,
1705 2741 1869 2801 unde
1911 2761 2019 2804 ve-

240 2852 402 2901 teres
472 2841 910 2901 Demosthenis
978 2849 1391 2915 enarratores,
1461 2852 1885 2920 argumentum
1942 2862 2017 2902 ex

241 2943 696 3002 circumstantia
751 2940 1067 3015 ducentes,
1131 2941 1327 3019 legem
1371 2945 1807 3003 concinnarunt
1848 2962 2021 3003 sacra

238 3042 562 3124 peregrina
617 3051 991 3102 coercentem
1008 3085 1024 3114 ,
1080 3060 1266 3121 quam
1323 3044 1520 3121 legem
1574 3062 1886 3123 nunquam
1929 3045 2015 3104 la·
2051 3112 2053 3114 .

239 3153 370 3202 tam
426 3161 558 3202 esse
616 3142 936 3202 contendo.
1036 3141 1309 3203 Primum
1366 3147 1502 3224 quis
1559 3144 1829 3218 dubitat,
1875 3146 2017 3224 quin

243 3241 455 3302 Cicero
510 3245 574 3301 in
631 3244 808 3322 Legg.
866 3245 942 3303 ΙΙ.
992 3240 1087 3303 15.
1130 3263 1250 3324 quo
1295 3245 1431 3304 loco
1475 3262 1673 3306 novos
1717 3245 1868 3304 deos
1912 3246 2017 3323 eji-

243 3342 490 3404 ciendos
547 3354 608 3403 et
661 3362 846 3425 saepe
890 3345 1116 3423 ejectos
1161 3364 1291 3406 esse
1336 3354 1573 3421 monet,
1617 3348 1669 3408 si
1715 3345 2017 3425 ejusmodi
