2158 3848
271 219 397 282 446
801 233 1041 277 LIBER
1083 232 1513 278 SECUNDUS.

270 365 460 425 trium
511 382 802 426 versuum
868 371 1107 443 partem
1175 363 1471 442 primam,
1557 365 1737 438 noni,
1825 347 2048 425 decimi

269 467 426 524 sexti
472 473 535 523 et
577 464 871 523 tricesimi
915 463 1090 534 noni3
1147 462 1333 540 plane
1390 463 1620 523 omittit
1662 482 1878 524 versus
1938 481 2050 522 un-

273 562 470 624 decim
515 564 592 622 II.
635 563 742 621 XI.
786 560 981 620 XVII.
1023 559 1192 620 XIX.
1240 560 1406 621 XXI.
1454 561 1742 623 XXVIII.
1786 559 2046 620 XXXV.

265 663 554 725 XXXVI.
611 660 930 720 XXXVII.
986 657 1099 718 XL
1170 658 1330 718 XLI.
1418 661 1508 721 Ac
1552 664 1858 724 leviorum
1917 661 2048 739 qui—

267 763 409 822 dem
454 763 517 819 in
562 758 891 819 recitandis
936 757 1157 818 iisdem
1203 759 1483 819 versibus
1529 762 2048 840 discrepationum

265 862 426 921 duae
471 859 674 919 afferri
719 868 978 939 possunt
1023 877 1268 932 causae3
1339 877 1464 917 una
1507 861 1801 920 librorum
1849 848 2051 919 diver-

265 963 436 1034 sitaS‚
482 962 653 1038 cujus
698 962 836 1040 ipse
879 977 993 1018 nos
1038 958 1329 1017 admonet
1371 958 1444 1018 N.
1491 958 1561 1018 V.
1610 978 1667 1020 v.
1718 958 1812 1018 15.
1857 959 2051 1018 altera

261 1062 628 1140 negligentia
669 1062 734 1119 in
792 1058 1316 1132 transscribendO,
1381 1078 1502 1138 qua
1559 1064 1774 1119 'versus
1822 1058 2050 1138 Orphi-

265 1180 366 1221 cos
411 1181 469 1241 p.
515 1157 659 1220 725.
706 1159 794 1217 sic
837 1158 1110 1218 reddidit

399 1293 576 1354 Αὐτὸς
610 1292 654 1343 δ’
692 1285 756 1343 αὖ
787 1292 946 1360 μέγαν
980 1286 1135 1354 αὖθις
1169 1292 1243 1344 ἐπ’
1283 1290 1500 1362 οὐρανὸν
1536 1288 1824 1361 ἐστήρικται
1841 1293 1892 1355 [⁸]

395 1378 598 1449 χρυσέῳ
634 1378 723 1429 εῗνι
756 1374 964 1447 θρόνῳ,
1004 1378 1122 1446 γαίη
1157 1398 1209 1428 τε
1242 1374 1340 1428 υπὸ
1377 1378 1530 1428 ποσσι
1565 1374 1779 1444 βέβηκεν

393 1471 543 1532 χεῖρα
576 1460 831 1530 δεξιτερὴν
864 1463 975 1527 περι
1010 1461 1254 1565 τέρμασιν
1289 1460 1528 1512 ὠκεανοῖο

401 1547 686 1599 ἔκτέτακεν·
724 1545 883 1614 ὀρέων
916 1546 971 1596 δὲ
1003 1546 1170 1614 τρέμει
1202 1542 1404 1612 βάσις
1387 1547 1563 1598 ἔνδοθι
1595 1550 1791 1611 θυμου,

402 1631 520 1685 οὐδὲ
552 1632 722 1702 φέρειν
759 1628 972 1682 δύναται
1009 1629 1256 1700 κρατερὸν
1287 1630 1466 1696 μένος
1506 1629 1611 1682 ἐστι
1642 1630 1698 1682 ὑὲ
1730 1626 1898 1697 πάντη

259 1765 322 1816 et
377 1766 641 1827 ceteros,
698 1753 888 1833 paulo
945 1763 1090 1832 post
1149 1762 1354 1812 autem
1412 1754 1528 1812 hoc
1586 1750 1806 1812 modo:
1859 1750 2045 1815 πάλιν

258 1857 408 1938 ἡμῖν
459 1853 674 1937 ᾆσάτω
721 1855 752 1915 ὃ
806 1852 1065 1936 Θρᾴκιος
1102 1854 1378 1935 Ὀρφεὺς

399 1991 568 2059 Χεῖρα
601 1989 657 2039 δὲ
691 1986 944 2058 δεξιτερὴν
982 1988 1060 2038 ἐπὶ
1099 1986 1350 2056 τέρματος
1384 1985 1622 2038 ὠκεανοῖο

399 2071 659 2125 πάντοθεν
693 2072 978 2135 ἐκτέτεικεν,
1019 2072 1136 2140 γαίη
1172 2069 1217 2122 δ’
1255 2071 1333 2122 ἐπὶ
1369 2071 1522 2123 ποσσὶ
1555 2069 1786 2138 βέβηκεν.

255 2196 364 2257 ubi
409 2194 658 2256 admitti
699 2213 826 2252 nou
869 2202 1077 2274 potest
1121 2193 1287 2273 quod
1334 2194 1642 2252 Gesnerus
1688 2193 1858 2267 dicit,
1908 2191 2043 2272 Cle-
2084 2177 2095 2181 ’

252 2303 524 2357 mentem
581 2293 811 2374 duplex
867 2294 1216 2373 exemplum
1286 2293 1572 2353 carminis
1629 2283 1889 2379 Orphici
1936 2284 2042 2354 ha-

252 2395 486 2469 buisse3
555 2413 697 2453 nam
745 2393 1045 2453 secundus
1090 2412 1306 2454 versus
1343 2397 1592 2476 χρυσέῳ
1638 2386 2039 2478 εὶνῖθρόνῳ,

258 2513 377 2574 quo
422 2491 701 2552 justinus
745 2495 881 2572 ipse
926 2495 1154 2566 utitur,
1216 2497 1323 2554 vix
1379 2495 1446 2552 in
1490 2494 1616 2552 ullo
1660 2494 1819 2554 libro
1864 2514 2039 2575 prae-

252 2595 575 2652 termissus
644 2602 763 2665 est3
825 2595 879 2650 is
943 2602 1148 2651 autem
1206 2593 1600 2672 imperfectus
1664 2593 2036 2665 destituitur,

252 2694 308 2753 si
349 2693 647 2772 postremi
692 2679 935 2750 distichi
981 2692 1252 2751 clausula
1289 2691 1436 2777 γαίῃ
1480 2693 1540 2756 δ’
1587 2693 1684 2755 ἐπὶ
1719 2694 1906 2768 ποσσὶ
1929 2695 2038 2775 βέ-
2128 2762 2132 2768 ‚

250 2795 444 2876 βηκεν
501 2792 679 2850 alteri
737 2790 1145 2869 agglutinatur
1201 2792 1481 2850 exordio,
1567 2791 1796 2851 Verum
1866 2793 2036 2870 hae—c,
2129 2777 2133 2849 ᾗ

252 2899 325 2951 ut
350 2891 508 2965 dico,
552 2909 750 2973 parva
793 2887 939 2977 sunt
983 2899 1045 2949 et
1071 2891 1466 2951 excusabilia.
1556 2892 1821 2953 Gravior
1855 2880 2035 2973 quae·
2128 2902 2132 2919 ¹

252 2985 372 3051 stio
418 3001 540 3064 est,
598 2985 703 3051 cur
745 2985 1018 3050 Justiuus
1072 2992 1467 3071 paucioribus
1515 3010 1661 3051 usus
1715 2995 1798 3051 sit
1833 2991 2024 3077 versi-

252 3173 327 3217 sed
358 3174 607 3217 sententiam
637 3174 850 3231 expressit
878 3173 966 3216 suis
996 3174 1165 3217 vexbis.
1198 3167 1331 3224 αὖθις
1360 3173 1410 3219 δὲ
1441 3175 1546 3233 περὶ
1576 3176 1656 3218 τοῦ
1675 3177 1800 3232 θεοῦ,
1833 3172 2030 3235 ἀόρατον

255 3230 395 3277 αὐτὸν
423 3232 568 3290 λέγων
597 3238 678 3274 etc.

371 3313 434 3368 [8]
468 3312 518 3353 In
550 3312 615 3354 his
645 3318 690 3353 et
717 3311 991 3381 sequentibus
1024 3311 1140 3353 Edit.
1172 3312 1365 3354 Florent.
1397 3313 1574 3354 formam
1597 3317 1800 3356 accurate
1818 3313 2024 3368 expressi.

248 3370 507 3426 Legitimam
538 3371 793 3426 scripturam
823 3362 946 3418 αὖτις
976 3371 1184 3425 praebent
1216 3370 1284 3412 hic
1315 3369 1498 3412 codices.

2154 1227 2158 1286 ἑ

2154 1302 2158 1330 l

2154 1342 2158 1400 ἒ

2156 1421 2158 1439 ι

2154 1532 2158 1554 l
