2158 3848
161 207 288 269 614
696 220 934 264 ωΒΕιι
978 219 1407 263 sncuNDUs.

162 361 435 432 possum.
493 351 575 411 -In
631 352 848 410 ceteris
893 349 1286 427 Theogoniae
1328 348 1611 429 partibus
1653 348 1945 428 equidem

162 453 315 511 nihil
357 454 599 524 inveni,
658 450 824 531 quod
878 458 1178 529 repugnet
1232 452 1449 523 aetati,
1507 468 1703 530 quam-
1722 463 1725 465 ’
1746 451 1805 508 ei
1849 467 1945 509 as—

102 578 105 580 ·
163 551 572 630 signavimus3
626 569 771 609 nam
827 568 1029 629 neque
1081 564 1275 607 zonae
1338 557 1751 631 temperatae»
1774 567 1944 608 men-

165 654 254 711 tio
300 651 354 732 §.
398 654 455 710 7.
518 669 556 711 a
600 650 986 728 Pythagorae
1031 658 1092 707 et
1134 648 1516 709 Parmenidis
1561 648 1947 730 temporibus

164 752 366 811 aliena
421 761 514 810 est
533 753 607 832 [¹¹]
663 768 861 832 neque
916 748 1083 829 quod
1136 749 1284 807 luna
1338 749 1669 809 inhabitari
1723 749 1948 808 dicitur

164 851 217 931 ξ.
262 852 320 910 8.
377 868 574 931 neque
628 853 750 910 ista
806 850 1206 922 Theocrasia,
1266 866 1387 927 qua
1441 846 1677 908 Cereris
1720 867 1948 908 nomen

167 968 305 1010 cum
351 952 539 1024 Rhea,
576 949 849 1011 Hecatae
893 968 1030 1010 cum
1070 949 1459 1028 Proserpina,
1503 949 1772 1025 Dionysi
1803 965 1949 1008 cum

164 1052 313 1111 Sole
370 1053 856 1111 communicatur
871 1052 966 1132 [⁰].
1052 1049 1281 1128 Solque
1347 1050 1484 1129 ipse
1548 1050 1951 1129 permiscetur

164 1168 303 1210 cum
347 1151 669 1232 Apolline,
722 1154 843 1211 nisi
900 1169 1106 1211 suumv
1135 1150 1316 1209 nobis
1371 1152 1686 1213 somnium
1739 1159 1950 1209 narrat

163 1252 461 1312 Proculus
502 1255 569 1312 in
613 1251 826 1313 Theol.
871 1250 974 1311 VI.
1019 1253 1078 1311 8.
1123 1251 1266 1310 376.
1311 1252 1416 1313 καὶ
1459 1252 1646 1321 αὐτὸς
1691 1251 1724 1313 ὅ
1765 1249 1944 1313 Πλά-

162 1375 293 1416 των
323 1352 406 1433 [''‘]
467 1355 662 1434 ὥςπερ
718 1354 843 1414 καὶ]
869 1353 1134 1435 Ὀρφεὺς
1188 1351 1303 1414 τὸν
1355 1352 1529 1430 ἥλιον
1569 1357 1669 1421 εἰς
1710 1350 1948 1415 ταύτόν

163 1475 293 1522 πως
328 1451 548 1538 ἀνάγει
579 1460 670 1535 τῷ
707 1450 1067 1515 Ἀπόλλωνι·
1126 1455 1353 1520 ἐκεῖνος
1385 1451 1502 1532 μὲν
1535 1452 1657 1536 γὰρ
1693 1450 1949 1532 ὃιαῤῥήι-

162 1553 284 1632 δην
326 1555 483 1639 λέγει
521 1554 627 1615 καὶ
670 1553 778 1625 διὰ
822 1551 1024 1631 πάσης
1065 1558 1172 1631 τῆς
1216 1549 1515 1630 ποιήσεως
1539 1574 1600 1613 κ.
1637 1574 1692 1613 τ.
1730 1559 1800 1612 λιι
1828 1547 1948 1611 Cu-

153 1654 258 1731 jus
304 1652 616 1733 opinionis
660 1654 1158 1733 antiquissimum
1202 1651 1498 1711 indicium
1532 1650 1791 1730 praebet
1816 1651 1948 1710 Me-

161 1752 399 1813 nander
466 1753 544 1813 de
613 1755 870 1835 Encom.
924 1755 970 1813 l.
1027 1756 1084 1813 2.
1140 1773 1198 1833 p.
1258 1753 1357 1813 30.
1389 1752 1686 1815 ·Φυσικοὶ
1737 1753 1950 1834 ὕμνοι,

162 1856 363 1918 ὁποῖοι
405 1856 599 1939 παρὰ
622 1850 995 1938 Παρμενίδῃ
1039 1854 1144 1916 καὶ
1170 1853 1591 1936 Ἐμπεδοκλεῖ,
1633 1853 1726 1923 τίς
1768 1854 1806 1932 ἡ
1834 1861 1950 1916 τοῦ

281 2025 350 2081 [¹¹]
380 2040 422 2069 v.
453 2025 726 2068 Schaubach.
758 2025 918 2067 Gesch.
950 2025 991 2066 d.
1022 2025 1194 2066 Astron.
1223 2038 1267 2080 p.
1301 2022 1397 2064 102.

285 2081 352 2139 [⁰]
386 2081 645 2140 Orpheus
689 2097 793 2125 non
834 2079 1008 2125 solum
1049 2083 1186 2125 deos
1216 2077 1408 2125 'omnes
1448 2079 1501 2122 in
1531 2091 1634 2122 uno
1665 2081 1806 2123 Jove
1836 2079 1947 2123 col—

166 2142 330 2184 locat
370 2142 467 2185 sed
510 2143 685 2185 etiam
722 2141 1087 2198 infquolibet,
1115 2142 1217 2186 deo
1264 2153 1434 2197 saepe
1473 2138 1708 2192 numina
1739 2144 1948 2185 cuncta

165 2213 330 2243 comm
345 2199 557 2244 emerat
595 2194 735 2243 Ficin.
778 2196 939 2242 Comm.
970 2197 1015 2242 in
1045 2195 1159 2242 Plat.
1189 2195 1376 2242 Phaedr.
1408 2212 1446 2240 c·
1476 2196 1532 2240 X.
1567 2196 1694 2242 1371.
1727 2192 1949 2254 Suspicio-

161 2271 253 2301 sum
284 2261 351 2302 est
380 2260 493 2316 quod
525 2260 581 2302 de
607 2256 728 2302 Pane
757 2259 893 2304 tradit
921 2259 1177 2301 Damascius
1206 2258 1300 2301 loco
1331 2268 1463 2314 supra
1493 2255 1629 2299 allato
1669 2256 1720 2298 C»
1749 2256 1819 2299 Vs
1836 2259 1884 2310 ἓ..
1906 2256 1948 2300 5.

162 2333 241 2361 nec
282 2318 544 2362 difficultate
584 2323 735 2361 carent
775 2332 888 2376 quae
926 2318 1039 2360 idem
1083 2318 1137 2360 de
1166 2318 1371 2359 Titanum
1409 2320 1507 2358 ortu
1536 2319 1687 2358 narrat
1715 2330 1758 2373 p.
1788 2315 1890 2360 289.
1923 2313 1946 2359 ὁ

104 2438 106 2440 ¹
163 2375 279 2426 Ζεὺς
318 2374 422 2426 τοὺς
462 2373 659 2426 πολλοὺς
697 2372 775 2435 ἀφ’
822 2372 985 2421 ἑαυτοῦ
1026 2372 1249 2436 παράγων
1293 2372 1404 2418 κατὰ
1445 2377 1562 2433 μέρη
1604 2372 1743 2423 θεοὺς
1781 2364 1858 2418 ἐπὶ
1886 2374 1952 2430 τῷ

163 2433 363 2478 ὁλοτελεῖ
399 2440 608 2495 μερισμῷ
649 2434 730 2490 τὴν
766 2434 1031 2494 μεριστικὴν
1068 2432 1256 2489 ὁλότητα
1296 2430 1566 2492 παρήγαγεν
1607 2435 1684 2476 καὶ
1726 2431 1828 2482 τοὺς
1856 2430 1948 2476 ὑπὸ

162 2490 298 2553 ταύτῃ
351 2493 548 2543 πολλοὺς
608 2499 910 2564 τεταγμένους
950 2491 1101 2543 θεούς.
1166 2491 1242 2536 ”H
1283 2493 1387 2549 οὐχὶ
1427 2495 1504 2534 καὶ
1543 2489 1647 2540 τοὺς
1692 2494 1884 2540 Τιτᾶνας
1924 2489 1947 2534 ὃ

163 2549 282 2601 Ζεὺς
320 2552 562 2610 ἐγέννησεν
602 2552 654 2595 ἓν
693 2568 755 2607 τῳ
786 2553 935 2608 οἰκείῳ
967 2549 1201 2610 διακόσμῳ
1233 2549 1345 2594 κατὰ
1377 2547 1458 2604 τὴν
1483 2547 1705 2610 Ὀρφικὴν
1734 2547 1946 2608 παράδο-

162 2623 263 2666 σι,ν,·
311 2625 422 2667 quae
464 2611 608 2653 nescio
646 2611 749 2666 quid
790 2610 909 2651 aliud
948 2610 1196 2665 significare
1236 2607 1402 2666 possint
1432 2622 1555 2663 quam
1587 2608 1669 2649 hoc
1700 2603 1815 2663 quod
1845 2621 1948 2650 sane

162 2683 290 2724 quam
321 2669 497 2726 Orpheo
529 2673 854 2711 consentaneum
886 2672 975 2721 est,
1006 2683 1091 2710 una
1122 2683 1215 2709 cum
1247 2665 1402 2709 ceteris
1432 2666 1514 2707 diis
1545 2666 1729 2707 Titanes
1760 2678 1947 2722 quoque,

162 2728 336 2782 Solem,
377 2728 622 2781 Oceanum,
660 2726 840 2783 Tethyn
879 2731 926 2768 et
966 2732 1132 2769 ceteros
1171 2725 1214 2767 in
1243 2724 1320 2767 illa
1348 2738 1461 2766 nova
1490 2735 1632 2765 rerum
1661 2723 1945 2778 ordinatione,

164 2801 290 2844 quam
318 2784 529 2830 Jovialem
559 2787 804 2830 diacosmon
833 2792 1016 2838 vocant,
1047 2790 1218 2828 renatos
1250 2791 1294 2825 et
1324 2787 1552 2824 renovatos
1582 2797 1689 2824 esse.

283 2846 338 2902 [*]
368 2845 510 2888 Locus
540 2844 743 2903 palmaris
772 2850 839 2887 est
866 2842 910 2885 in
942 2843 1062 2888 Crat.
1094 2859 1136 2900 p.
1171 2840 1269 2885 403.
1301 2842 1355 2883 D.
1386 2840 1499 2883 unde
1528 2845 1651 2898 patet
1680 2855 1764 2883 non
1794 2840 1944 2883 Plato-

166 2906 230 2947 nis
271 2906 383 2947 hanc
425 2904 558 2948 fuisse
599 2904 877 2956 sententiam,
922 2900 998 2944 sed
1027 2917 1173 2944 eorum
1205 2915 1312 2957 quos
1343 2897 1470 2942 Plato
1502 2898 1684 2942 derisit(
1724 2899 1814 2941 Sed
1844 2900 1944 2942 huic

164 2963 416 3020 philosopho
459 2963 668 3019 singulari
705 2962 886 3019 quodam
927 2963 1020 3004 fato
1059 2955 1250 3012 accidit„
1279 2965 1329 3002 ut
1372 2956 1462 3014 ejus
1499 2960 1648 3014 jocose
1689 2958 1806 3000 dicta
1846 2959 1942 3015 plus

161 3023 267 3064 fidei
310 3022 584 3077 acquirerent
625 3037 751 3078 quam
789 3020 915 3064 seria.
982 3020 1085 3062 Non
1127 3019 1262 3061 minus
1304 3032 1506 3075 perverse
1549 3018 1605 3060 ab
1646 3016 1732 3058 illis
1746 3023 1942 3078 *accepta

164 3087 264 3135 sunt
303 3082 439 3123 verba
479 3082 674 3123 Platonis
714 3082 760 3122 in
789 3079 974 3123 Politiae
1015 3084 1203 3120 extremo
1236 3082 1390 3134 quarto
1420 3077 1531 3118 libro
1561 3074 1690 3130 ἥλιον
1720 3079 1836 3119 εἰναι
1865 3074 1944 3119 τὸν

164 3142 245 3182 τοῦ
275 3138 456 3196 ἀγαθοῦ
487 3141 698 3198 ἔκγονον,
734 3135 787 3182 ὃν
819 3137 869 3182 τὸ
901 3136 1082 3195 ἀγαθὸν
1110 3139 1352 3195 ἐγέννησεν
1381 3136 1538 3192 ἑαυτῷ,
1559 3140 1681 3189 'quae
1711 3134 1944 3178 decantare

162 3209 246 3240 non
277 3199 489 3243 desinunt.
552 3199 718 3250 Quodsi
749 3199 844 3253 quis
885 3197 1140 3248 meminerit,
1181 3202 1342 3254 quanta
1385 3195 1517 3236 fuerit
1556 3193 1753 3236 Platonis
1792 3198 1942 3236 auoto-

162 3258 272 3300 ritas
328 3262 374 3299 et
416 3271 541 3313 quam
588 3256 886 3314 superstitiose
927 3256 1067 3298 omnia
1107 3255 1200 3310 ejus
1243 3254 1422 3296 oracula
1462 3257 1647 3308 excepta
1693 3259 1737 3295 et
1779 3266 1940 3310 propa-

165 3321 270 3370 gata
299 3314 407 3367 sint,
440 3313 568 3359 facile
597 3316 811 3373 intelliget
842 3317 950 3357 hanc
980 3316 1244 3371 potissimum
1276 3327 1445 3355 eausam
1476 3313 1612 3354 fuisse
1641 3325 1718 3353 cur
1748 3311 1941 3368 plerique

162 3375 473 3431 insequentium
503 3376 755 3432 scriptorum
787 3375 888 3417 deos
919 3374 1108 3429 deasque
1139 3387 1281 3416 omnes
1314 3372 1367 3415 ad
1398 3372 1529 3414 solem
1560 3372 1781 3414 referrent.
