2158 3848
22 2666 31 2761 {-

762 259 1214 306 oRPHIOA.
1336 274 1337 277 ¹
1748 246 1873 309 287

109 403 248 481 ρέα,
292 398 381 461 δι’.
426 397 567 475 ὅλης
608 385 1052 481 τῆς,.ποιήσεως
1076 393 1251 452 οἴνου
1275 390 1688 471 μνημονεύων
1716 394 1873 474 (sic).

106 501 143 579 ἡ
187 498 256 560 δὲ
301 492 639 563 ἀπόστασις
663 491 847 575 πρὸς
880 489 1202 562 Ἡσίοδον,
1258 489 1514 574 λέγοντα
1565 489 1678 552 τὸν
1719 490 1875 553 Μοί-

105 619 277 681 ρωνα
336 593 716 662 Οἰνοπίωνος
768 598 883 653 τοῦ
938 586 1249 653 Διονύσου
1278 589 1379 670 [*].
1463 588 1621 650 Nam
1675 608 1875 668 ,quum

102 697 254 756 deus
295 694 395 752 hic
448 694 618 752 nulla
671 691 794 750 alia
846 711 914 750 re
968 691 1088 749 nisi
1141 690 1396 750 invento
1449 690 1583 750 vini
1625 708 1743 750 usu
1784 692 1877 750 in-

102 795 387 855 claruerit
444 802 507 851 et
559 793 711 851 haec
765 809 890 850 una
933 809 1115 850 causa
1167 790 1280 862 sit,
1341 807 1447 848 cur
1488 792 1722 867 generis
1764 791 1877 850 hu-

100 896 266 955 mani
313 893 569 952 deliciae
613 891 884 964 dicatur,
929 892 1200 969 sequitur
1244 907 1381 961 eoS,
1439 892 1544 970 qui
1586 891 1703 950 hoc
1745 891 1877 969 ejus

100 995 459 1054 beneficium
504 992 606 1053 vel
648 994 926 1069 ignotum
947 990 1224 1049 Homero
1269 990 1373 1050 vel
1414 990 1659 1049 silentio
1702 1010 1878 1069 prae-

101 1097 455 1155 termissum
500 1100 876 1164 statuerunt,
928 1090 1103 1149 illum
1131 1090 1352 1161 xlocum
1394 1108 1510 1168 pro
1554 1092 1876 1169 supposito

101 1194 440 1255 damnasse.
525 1190 739 1270 Neque
795 1211 872 1250 ex
930 1192 1076 1249 Inus
1133 1191 1614 1249 consecratione·
1647 1189 1761 1250 od.
1804 1190 1878 1251 V.

102 1297 244 1355 332.
314 1301 558 1354 veteres
629 1290 797 1351 docti
853 1291 1168 1368 collegisse
1222 1287 1542 1363 videntur,
1609 1290 1878 1368 Dionysi

101 1395 491 1455 divinitatem
527 1392 662 1470 jam
705 1399 839 1450 tum
863 1390 1146 1451 -Homeri
1199 1390 1581 1470 temporibus
1639 1411 1879 1471 percre-

99 1495 366 1567 bruisse‚
425 1494 481 1552 si
523 1490 775 1572 quidem
831 1491 926 1550 illi
967 1491 1123 1550 hanc
1165 1510 1287 1550 uno
1345 1493 1697 1551 testimonio
1742 1493 1878 1552 fun-

100 1594 308 1653 datam
366 1600 664 1674 putarunt
718 1591 787 1650 11.
844 1590 948 1650 VI.
1000 1591 1138 1650 132.
1210 1590 1376 1671 quod
1434 1592 1705 1651 ostendit
1758 1595 1880 1653 ista

101 1694 448 1753 adnotatio:
519 1691 920 1773 σημειοῦνταί
971 1704 1164 1764 τινες,“
1227 1692 1322 1754 ὅτι
1379 1692 1463 1762 ὥς
1527 1693 1666 1775 περὶ
1720 1697 1879 1756 θεοῦ

102 1803 215 1857 τοῦ
241 1791 551 1856 Διονύσου
597 1793 969 1877 διαλέγεται,
1013 1792 1134 1850 nisi
1170 1792 1285 1851 hoc
1321 1791 1626 1869 judicium
1658 1811 1695 1851 a
1723 1790 1880 1852 Cho-

100 1892 443 1953 rizontibus
485 1891 828 1971 profectum
872 1900 981 1950 aut
1022 1892 1355 1950 omissione
1393 1892 1730 1971 particulae
1772 1911 1879 1952 ne-

101 1995 346 2071 gativae
390 1991 798 2073 depravatum
847 2001 968 2066 est3
1033 2009 1179 2051 nam
1223 2008 1308 2051 ex
1364 1991 1481 2050 hoc
1535 1993 1674 2072 ipso
1719 1992 1878 2067 loco,

101 2105 172 2153 ut
212 2090 573 2154 Heraclides
616 2094 707 2151 ait
749 2113 797 2151 c.
831 2090 1092 2151 XXXV.
1141 2092 1278 2152 114.
1321 2091 1686 2174 νομίζουσιν
1729 2095 1880 2157 ἔνιοι

102 2193 259 2275 μηδὲ
302 2191 615 2256 Διόνυσον
657 2193 815 2256 εἶναι
856 2193 998 2274 παρ’
1036 2190 1286 2274 Ὁμήρῳ
1324 2192 1516 2265 θεὸν,
1561 2191 1878 2275 ἐπειδήπερ

105 2293 226 2355 ὑπὸ
252 2290 629 2376 Λυκούργου
672 2289 960 2353 ὃιιόκεται
1002 2291 1107 2352 καὶ
1148 2290 1324 2371 μόλις
1362 2292 1535 2354 δοκεῖ
1574 2293 1879 2376 σωτηρίας

105 2397 314 2472 τυχεῖν
341 2390 586 2460 Θέτιδος
625 2389 1042 2474 παραστάσης.
1089 2410 1437 2472 quanquam
1479 2392 1547 2450 hi
1588 2410 1714 2451 non
1751 2402 1880 2452 tam

105 2491 366 2553 Homeri
408 2494 774 2550 sententiam
817 2490 1102 2549 exhibere
1126 2510 1311 2570 quam
1358 2493 1489 2570 eJus
1532 2493 1880 2553 inconstan-

107 2594 261 2652 tiam
300 2589 742 2672 reprehendere
782 2589 1102 2665 videntur‚
1168 2594 1272 2672 qui
1327 2591 1590 2652 eundem
1632 2592 1881 2670 Diony-

108 2710 246 2752 sum
305 2700 368 2750 et
422 2690 786 2751 coelestibus
854 2690 974 2751 diis
1030 2691 1391 2752 adnumeret
1446 2702 1508 2752 et
1562 2692 1643 2752 ad
1704 2713 1880 2759 casus

112 2790 414 2873 deprimat
454 2792 772 2853 humanos.
859 2791 985 2852 Sed
1027 2791 1105 2852 de
1150 2790 1513 2853 Criticorum
1558 2811 1881 2872 argumen-

28 2891 33 2900 '
115 2892 444 2953 tationibus
485 2892 655 2954 haud
698 2902 974 2954 accurate
1017 2895 1271 2972 cognitis
1293 2895 1361 2973 [⁰]
1407 2912 1518 2953 nec
1560 2903 1881 2974 promtum

233 3059 290 3117 [⁸]
318 3062 463 3106 Verba
492 3062 554 3106 δι’
588 3060 692 3118 ὅλης
719 3089 776 3097 -
803 3060 1147 3122 μνημονεύοντα
1188 3062 1475 3107 continuanda
1504 3066 1605 3106 suut
1634 3076 1728 3107 cum
1755 3063 1877 3121 prio*

119 3117 237 3160 ribus
264 3122 388 3164 οἴνου
418 3117 615 3181 εὑρετήν.

235 3190 295 3247 [⁰]
326 3191 431 3246 Boo,
459 3194 533 3251 qui
560 3194 612 3236 Il.
642 3194 677 3236 I.
707 3189 806 3236 400.
823 3191 940 3254 ‘'an
968 3193 1001 3237 τ’
1035 3194 1115 3251 ἠδὲ
1144 3189 1413 3237 Ποσειδάων
1442 3194 1519 3236 καὶ
1543 3191 1727 3243 Παλλὰς
1735 3191 1880 3249 ’Λθή-

119 3263 172 3303 νη
202 3249 509 3295 substituerunt
533 3255 611 3296 καὶ
641 3256 810 3307 Φοῖβος
830 3250 1072 3310 Ἀπόλλων,
1103 3253 1375 3295 vehementer
1404 3252 1634 3296 contemnit
1661 3253 1875 3308 Heynius,

119 3321 223 3363 qua
238 3308 283 3349 si
327 3321 430 3351 nou
465 3310 607 3354 idem
643 3311 959 3366 flagitium,
1002 3326 1029 3354 a
1059 3325 1161 3368 quo
1194 3310 1449 3353 Minerva
1479 3311 1613 3354 filia
1647 3310 1687 3352 li
1704 3312 1800 3354 ber
1815 3326 1875 3355 a—

35 3422 37 3425 ·
118 3371 236 3418 tur,
284 3366 706 3424 relinqueretur
758 3370 811 3411 in
849 3370 1127 3427 Apolline
1166 3369 1323 3412 Jovis
1366 3369 1514 3412 filio.
1585 3370 1745 3413 Verum
1788 3383 1874 3413 non

120 3423 226 3467 haec
254 3426 480 3470 mutandae
506 3425 700 3471 lectionis
727 3427 839 3471 ratio
868 3428 970 3480 fuit,
1000 3429 1077 3472 sed
1106 3429 1222 3485 quod
1251 3427 1488 3472 Minervam
1528 3428 1640 3472 tanti
1667 3428 1876 3474 facinoris
