2158 3848
736 218 1306 266 ELEUSINIA.
1792 214 1909 275 117

145 357 241 407 tus
283 346 714 426 praesidebant
753 358 815 407 et
856 350 1202 411 sacerdotes
1244 353 1462 432 populi
1498 355 1907 433 >Atheniensis⁹

142 446 236 504 his
281 445 645 524 ambubajae
686 455 767 509 et,
787 459 1266 515 aeruscatorum·>
1291 453 1515 527 infimi3
1571 455 1694 515 illis
1744 443 1917 520 'sum—2

139 562 274 603 mus
320 544 636 604 constabat
676 537 849 624 apud'
872 565 1098 625 *omnes
1143 549 1369 624 honos,
1430 550 1644 624 decus,
1689 557 1905 613 sancti-

139 651 251 714 taS,
292 642 441 700 haec
482 641 960 720 prudentissimo
1005 651 1220 730 cuique
1265 649 1409 709 odio
1455 660 1628 709 erant
1670 660 1731 710 et
1766 670 1906 711 con-

136 742 373 799 temtui.
458 741 671 821 anue
731 742 1043 808 distinctio
1085 768 1211 809 non
1253 758 1383 808 tam
1427 748 1509 808 ad
1540 749 1772 814 Dionis
1815 750 1906 809 lo-

136 857 272 898 cum
303 840 610 918 pertinet,
661 843 728 901 in
773 863 892 924 quo
938 866 1294 907 communes
1340 847 1639 928 quaedam
1681 850 1907 908 utrius—

133 958 251 1017 que
293 941 527 1016 generis
569 950 753 1000 notae
796 956 1169 1024 comparent,
1213 966 1395 1027 quam
1432 947 1512 1006 ad
1545 931 1700 1007 alios
1728 966 1904 1028 quos-

133 1037 310 1111 dam,
355 1040 460 1117 qui
503 1057 690 1117 quum
734 1040 812 1100 de
852 1046 1114 1123 privatis
1157 1047 1467 1122 mysteriis
1512 1047 1722 1126 scripti
1766 1049 1905 1120 sint,

131 1157 255 1199 non
294 1141 426 1198 sine
467 1138 695 1215 flagitio
738 1141 820 1200 ad
862 1143 1178 1203 Eleusinia
1219 1145 1556 1203 trahuntur.

298 1236 351 1296 J.
396 1237 698 1298 Stobaeus
742 1239 1003 1321 denique
1029 1240 1246 1303 CXIX.
1272 1243 1414 1303 604.
1456 1243 1566 1302 illa
1610 1245 1744 1305 sive
1766 1243 1897 1303 Plu-

131 1337 323 1395 tarchi
366 1336 631 1419 (Fragm.
677 1337 755 1397 de
797 1339 913 1398 An
958 1340 1059 1399 VI.
1104 1343 1162 1401 2.
1179 1340 1374 1421 726)
1402 1344 1536 1404 sive
1581 1342 1904 1402 Themistii

130 1434 319 1495 verba
362 1437 634 1511 exhibet,
679 1457 835 1518 quae
878 1459 1080 1521 supra
1107 1443 1460 1502 retulimus.
1503 1443 1623 1526 πρὸ
1657 1449 1770 1504 τοῦ
1805 1466 1901 1502 τε-

131 1543 271 1604 λους
314 1537 501 1619 φρίκη
545 1539 649 1600 καὶ
689 1537 934 1622 τρόμος·
982 1545 1047 1603 ἐκ
1087 1541 1156 1604 δὲ
1198 1540 1424 1605 τούτου
1469 1533 1604 1625 φῶς
1638 1565 1698 1602 τι
1732 1545 1899 1602 θαυ-

127 1633 355 1716 μάσιον
411 1636 716 1717 ἀπήντησε
770 1641 875 1701 καὶ
932 1639 1110 1702 τόποι
1152 1642 1429 1723 καθαροὶ
1470 1642 1574 1702 καὶ
1617 1646 1901 1720 λειμῶνες

127 1734 408 1804 ἐδέξαντο
454 1737 670 1817 φωνὰς
710 1738 816 1799 καὶ
851 1739 1096 1820 χορείας
1142 1742 1377 1819 ἔχοντες
1421 1749 1530 1798 etc.
1596 1738 1714 1797 His
1759 1736 1899 1795 sub-

119 1835 382 1912 jungunt
444 1835 701 1894 Luciani
765 1837 968 1897 locum
1025 1836 1261 1918 Catapl.
1316 1838 1545 1897 XXIII.
1599 1836 1742 1895 203.
1792 1834 1899 1893 ubi

121 1936 326 1993 nescio
382 1935 517 2013 quis
563 1933 786 1994 Orcum
843 1938 1147 2013 ingressus
1209 1956 1345 1996 cum
1390 1938 1557 1995 socio
1602 1936 1898 2014 loquitur:

124 2035 256 2095 εἶπέ
302 2059 429 2114 μοι,
486 2035 802 2113 ἐτελέσθης
844 2036 966 2121 γὰρ
1010 2026 1494 2110 τάἛλευσίνια,
1556 2038 1671 2115 οὐχ
1715 2036 1898 2116 ὅμοια

124 2141 251 2202 τοῖς
307 2137 428 2195 ἐκεῖ
485 2132 575 2195 τοὶ.
632 2132 864 2197 ἐνθαὸε
932 2156 1030 2198 σοι
1083 2137 1292 2211 ὃοκεῒ,·ῗ
1351 2134 1514 2203 unde
1569 2135 1661 2193 illi
1717 2152 1897 2210 argu-

122 2220 514 2304 multantur,
530 2230 826 2308 Elysium
851 2233 1305 2315 Tartarumque
1348 2245 1409 2294 et
1450 2232 1745 2313 quidquid
1787 2251 1897 2291 un-

124 2350 307 2411 quam
342 2340 563 2410 poetae
595 2333 982 2411 pictoresque
1019 2332 1096 2391 de
1130 2334 1344 2394 inferis
1383 2333 1712 2393 commenti
1735 2341 1894 2403 sunt,

120 2433 187 2490 in
213 2430 543 2490 Eleusiniis
575 2441 1099 2510 repraesentatum
1134 2452 1282 2492 esse.
1324 2433 1642 2492 Postremo
1671 2433 1895 2503 omnia,

122 2549 281 2610 quae
316 2538 673 2606 ,mystarum
731 2529 899 2609 apud
952 2530 1428 2613 Aristophanem
1484 2531 1701 2590 chorus
1745 2530 1893 2606 Ely-

120 2631 249 2689 sius
292 2628 369 2687 de
410 2627 659 2688 sedibus
701 2631 829 2689 suis
870 2630 1212 2708 praedicat,
1269 2633 1529 2691 initiatis
1574 2640 1715 2689 ante
1753 2649 1890 2689 ocu-

120 2729 215 2789 los
271 2730 475 2808 posita
529 2746 662 2788 esse
717 2728 1106 2789 contendunt.
1209 2728 1332 2791 Cur
1371 2732 1556 2808 igitur
1599 2731 1890 2802 omittunt¹

122 2827 291 2892 illud
318 2830 978 2915 magnificentissimum

251 2932 351 2985 Ἀεὶ
387 2933 480 2998 μὲν
513 2930 635 3001 ημῖν
666 2932 807 3001 ἥλιος
838 2937 923 2987 καὶ
961 2935 1141 3006 φέγγος
1177 2934 1355 3005 ἱλαρόν
1391 2934 1527 2986 gom?

130 3043 231 3093 cur
270 3026 522 3105 Apuleji
563 3025 1034 3102 obliviscuntur,
1095 3030 1211 3089 hoc
1262 3026 1432 3085 idem
1476 2994 1886 3106 spectaculum

126 3123 247 3184 sibi
298 3126 364 3184 in
416 3126 830 3206 penetralibus
884 3128 1157 3188 oblatum
1201 3127 1513 3186 testantis.
1494 3125 1519 3168 θ
1573 3125 1717 3185 Acc
1731 3143 1807 3184 es
1821 3143 1850 3183 s
1864 3126 1886 3181 i

131 3222 553 3286 confinium
597 3228 867 3286 mortis
910 3238 984 3287 et
1028 3227 1325 3287 calcato
1369 3226 1882 3304 Proserpinae

130 3323 392 3381 limine
456 3344 588 3402 per
661 3328 912 3388 omnia
987 3335 1254 3389 vectus
1322 3325 1704 3386 elementa
1768 3341 1882 3381 re-
