2158 3848
213 214 338 277 626
746 222 979 268 menn
1023 220 1454 268 SECUNDUS.

220 351 500 436 culpans:
539 355 642 418 ,τὰ
703 352 818 436 μὲν
871 348 1000 417 τῶν
1049 349 1239 435 ἱερῶν
1295 356 1361 416 ἐν
1418 352 1638 436 ἐρημία
1679 359 1993 421 παντελῶς

222 463 335 518 εἶσι
348 502 368 529 ,
421 455 499 518 τὰ
555 453 623 515 δὲ
669 450 1246 535 ἐμπερισπούὸαστα
1286 451 1635 535 καθάρσεσι
1677 451 1990 517 παντοδα-

221 562 364 625 παῖς
417 550 967 635 περικοσμούμενα.
1069 550 1224 611 Εἶθ’
1287 554 1345 613 οἱ
1399 551 1517 634 μὲν
1571 549 1874 634 πρότερον
1929 554 1994 613 ἐν

220 662 354 723 ταῖς
421 659 627 732 τιμαῖς
683 639 1072 731 ἀκμάσαντες
1124 648 1265 710 θεοὶ
1319 650 1754 735 γεγηρακότες,
1813 651 1870 711 οἱ
1924 649 1990 710 δ’

220 749 681 832 ἐπακμάσαντες
724 746 968 811 τούτων
1013 750 1078 809 ἐν
1114 747 1372 828 δευτέρᾳ
1406 747 1573 820 τάξει
1606 751 1994 832 ὑποβέβλην-

219 877 352 923 ται,
411 852 585 934 ἄλλοι
637 847 706 910 δὲ
760 844 966 910 καινοί
1017 870 1177 915 τινες
1232 844 1610 931 εἷςαγόμενοι
1663 848 2000 931 θρησκείας

218 947 618 1035 τυγχάνουσι.
681 943 870 1024 Cujus
914 947 1360 1004 inconstantiae
1403 946 1673 1025 plurima
1717 947 1999 1026 exempla

218 1050 608 1129 reperiuntur
665 1045 831 1127 apud
888 1064 993 1104 eos
1050 1048 1411 1126 scriptores,
1468 1047 1572 1125 qui
1617 1045 1999 1127 temporibus

220 1148 367 1210 belli
409 1147 917 1228 Peloponnesiaci
959 1146 1286 1219 vixerunt,
1341 1165 1535 1225 neque
1580 1145 1849 1205 dubitari
1891 1165 2003 1225 po-

223 1260 375 1320 test,
443 1249 590 1327 quin
659 1255 784 1319 tot,
853 1247 1013 1304 tanti
1080 1253 1329 1324 tamque
1383 1247 1749 1325 praecipites
1805 1263 2013 1317 casuS,

222 1348 443 1427 quibus
508 1357 653 1405 tunc
719 1362 932 1403 omnes
989 1344 1118 1403 fere
1175 1345 1467 1403 Graeciae
1527 1346 1805 1406 civitates
1863 1363 2001 1404 con-

223 1466 432 1507 cussae
489 1453 661 1517 sunt,
717 1455 851 1503 tum
896 1445 1048 1503 alias
1092 1445 1440 1504 invexerint
1485 1443 1844 1523 disciplinae
1887 1463 2001 1523 pu-

220 1546 416 1606 blicae
471 1528 535 1605 et
574 1545 857 1624 privatae
902 1532 1278 1625 corruptelas
1307 1540 1381 1623 [b]
1427 1553 1560 1602 tum
1606 1544 1792 1602 etiam
1836 1561 2003 1604 nova

222 1647 730 1726 superstitionum
787 1662 1038 1720 genera3
1097 1663 1217 1724 quo
1273 1643 1557 1701 homines
1612 1630 1823 1701 reruni
1866 1661 2003 1701 sua-

127 1772 137 1781 ·
220 1766 358 1805 rum
405 1744 634 1825 trepidi
676 1745 982 1824 imprimis
1026 1743 1413 1824 propendere
1453 1743 1670 1802 solent.
1738 1742 1841 1802 Sic
1883 1742 2003 1800 Ro-

221 1863 392 1916 mae,
450 1845 804 1923 pestilentia
847 1843 1065 1903 urbem
1108 1854 1172 1902 et
1214 1862 1391 1921 agros
1437 1853 1683 1916 urente,
1736 1850 1808 1901 ut
1848 1841 2004 1900 Dio-

220 1945 436 2020 nysius
494 1943 735 2016 scribit,
791 1944 984 2005 πολλά
1031 1943 1440 2026 ἐνεωτερίσθη
1485 1942 1625 2024 περὶ
1665 1943 1778 2011 τὰς
1819 1941 2002 2022 τιμὰς

220 2050 350 2105 τῶν
393 2046 567 2105 θεῶν
611 2040 1065 2126 ἐπιτηδεύματα
1108 2045 1222 2105 οὐκ
1265 2044 1531 2124 εὐπρεπῆ
1576 2041 1645 2100 L.
1680 2042 1758 2102 X.
1795 2040 2001 2119 53.[⁰].

224 2139 610 2220 Capitolinus
667 2143 734 2199 in
789 2140 861 2199 V.
918 2140 1145 2203 Anton.
1206 2141 1358 2199 Phil.
1413 2161 1464 2199 c.
1527 2141 1622 2200 13.
1678 2160 1738 2220 p.
1784 2141 1885 2200 28.
1927 2139 2002 2199 A.

220 2240 379 2312 Belli
421 2240 934 2313 Marcomannici,
978 2240 1209 2317 inquit,
1253 2248 1457 2298 tantus
1502 2250 1633 2298 erat
1675 2241 1891 2314 timor,
1934 2248 2006 2298 ut

222 2339 495 2418 undique
553 2339 902 2399 sacerdotes
958 2339 1306 2399 Antoninus
1363 2341 1683 2414 acciverit,
1738 2341 2004 2420 peregri-

222 2456 336 2497 nos
379 2442 533 2497 ritus
577 2441 962 2518 impleverit,
1007 2440 1266 2498 Romam
1306 2442 1481 2499 omni
1524 2428 1742 2517 genere
1783 2441 2003 2499 lustra-

222 2538 401 2597 verit.
490 2537 775 2616 Denique
832 2539 1189 2616 Propertius
1242 2539 1346 2598 IV.
1401 2539 1568 2616 Eleg.
1619 2541 1672 2598 l.
1716 2541 2001 2616 antiquae

224 2636 393 2694 urbis
434 2635 714 2695 habitum
760 2636 1105 2695 describens
1149 2638 1264 2695 hoc
1293 2657 1538 2716 quoque
1571 2640 1732 2696 inter
1764 2644 2001 2717 priscae

226 2735 635 2816 simplicitatis
681 2735 1046 2795 documenta
1087 2736 1276 2795 refert
1319 2755 1379 2797 v.
1430 2737 1524 2795 17.
1570 2736 1739 2816 quod
1783 2746 1916 2797 tum

367 2851 504 2900 Nulli
541 2867 655 2898 cura
688 2851 781 2898 fuit
816 2860 1042 2898 externos
1078 2867 1308 2915 quaerere
1355 2852 1510 2912 divos,

479 2953 623 3000 quum
657 2944 890 2984 tremeret
928 2938 1087 2999 patrio
1122 2938 1331 3000 pendula
1359 2938 1503 2984 turba
1539 2937 1660 2987 foro.

227 3033 351 3093 Sed
405 3052 555 3114 prae
611 3035 825 3093 ceteris
875 3033 1279 3094 Athenienses
1335 3033 1627 3094 credibile
1670 3045 1791 3109 est,
1833 3037 1999 3114 inge-
2044 3114 2046 3117 v

340 3174 406 3232 [b]
439 3189 480 3217 v.
513 3141 713 3231 Thucyd.
743 3175 826 3218 111.
857 3176 927 3220 82.

343 3246 404 3318 [θ]
446 3246 530 3290 Dio
572 3249 780 3319 Encerpt.
819 3249 864 3291 in
907 3247 1019 3319 Maii
1060 3247 1221 3318 Anecd.
1259 3263 1304 3307 p.
1347 3247 1446 3292 258.
1501 3248 1557 3291 T.
1598 3249 1654 3292 ΙΙ.
1705 3252 1750 3294 οἱ
1785 3247 1994 3309 Ῥωμαῖοι

226 3306 372 3348 πολλα
399 3306 478 3348 καὶ
506 3312 731 3356 παθοντες
759 3309 836 3350 καὶ
865 3307 1110 3367 δρασαντες
1136 3322 1227 3350 των
1254 3307 1342 3366 μὲν
1370 3311 1573 3368 πατρίων
1600 3310 1737 3368 ἱερῶν
1758 3304 1992 3367 ὠλιγώρη-

226 3374 325 3418 σαν,
356 3360 469 3422 πρὸς
497 3363 547 3408 δὲ
576 3363 630 3408 τὰ
660 3364 809 3415 ξενικὰ
840 3362 900 3415 ὠς
928 3367 1004 3409 καὶ
1033 3362 1374 3424 ἔπαρκεσόμενά
1403 3379 1563 3425 σφισιν
1591 3364 1821 3427 ὥρμησαν.
