2158 3848
181 243 185 248 ’
271 229 401 291 430
802 242 1039 287 LIBER
1081 242 1514 289 SECUNDUS.

271 391 455 447 mas;
501 370 793 433 dicitur
840 372 1037 432 enim
1079 372 1200 432 hic
1242 390 1602 435 numerus
1645 374 2047 455 Minervae

272 487 440 535 esse
527 479 1051 546 consecratuS,
1141 490 1362 551 quam
1449 475 1803 537 sterilem
1879 491 2047 540 ess-e

271 581 610 644 constat3
656 569 855 629 unde
900 572 1134 629 etiam
1182 573 1440 631 omnia
1483 575 1802 634 sterilia
1843 575 2049 654 quin-

269 683 346 732 ta
389 673 559 730 luce
602 679 784 728 nata
829 687 994 727 esse
1039 667 1430 744 dicuntur,
1475 683 1556 733 ut
1600 672 1870 746 OchS,
1913 673 2050 735 Fu-

267 773 466 842 riae,
534 769 942 845 GiganteS‚
1010 787 1164 847 quae
1207 769 1379 827 nullo
1423 770 1610 830 modo
1667 774 1743 832 ab
1789 773 2049 832 astrolo-

267 871 414 947 gicis
470 886 770 948 suspensa
827 876 974 927 sunt
1032 867 1391 927 rationibus,
1477 868 1577 928 Ad
1624 871 2049 933 celebrandam

267 970 516 1050 septimi
559 967 687 1027 diei
729 967 1198 1026 sanctimoniam
1241 969 1534 1046 scriptum
1578 981 1672 1029 est
1709 971 1864 1032 illud
1909 973 2048 1054 Ἑβ-

267 1067 429 1151 δόμη
473 1070 555 1148 ἣν
597 1066 915 1151 ἐφίλησεν,
960 1065 1126 1145 quod
1170 1077 1239 1126 ut
1283 1086 1419 1127 cum
1462 1067 1767 1129 Hesiodia
1809 1080 2049 1131 senten-

267 1171 359 1229 tia
408 1176 494 1250 Τῇ
539 1169 662 1255 γὰρ
700 1165 1054 1231 Ἀπόλλωνα
1090 1166 1420 1250 χρυσάορα
1463 1168 1710 1253 γείνατο
1753 1168 1946 1251 Λητώ
1987 1189 2047 1231 v.

266 1271 409 1329 770.
453 1270 789 1328 maximam
835 1265 1305 1327 similitudinem
1348 1267 1564 1341 habet,
1631 1271 1724 1330 ita
1779 1289 1818 1331 a
1870 1267 2047 1332 nobis

267 1367 348 1429 ad·
391 1368 624 1448 Orphei
659 1368 924 1449 Ἡμέρας
976 1365 1239 1425 relatum
1295 1378 1404 1426 est.
1489 1369 1734 1430 Etenim
1793 1369 1914 1443 dii,
1980 1379 2048 1428 ut

263 1467 574 1529 Arnobius
631 1466 955 1527 cavillatur
997 1464 1129 1523 vll.
1176 1466 1277 1525 32.
1339 1487 1416 1525 ex
1470 1470 1661 1528 uteris
1718 1469 2046 1548 prodeunt,

264 1578 326 1628 et
367 1567 596 1625 habent
640 1563 773 1624 dies
814 1565 1046 1637 laetos,
1105 1566 1325 1644 quibus
1371 1568 1459 1627 eis
1511 1567 1900 1648 adscriptum.
1933 1577 2046 1640 est,

263 1685 475 1728 auram
531 1684 829 1745 usurpare
886 1665 1172 1739 vitalem3
1240 1685 1398 1746 quae
1454 1668 1666 1747 opinio
1719 1666 2047 1748 Aegyptiis

263 1777 326 1828 et
384 1767 633 1829 Graecis
649 1762 721 1851 [¹³]
793 1767 1133 1826 communis
1204 1765 1315 1826 sed
1373 1767 1540 1847 apud
1609 1776 1899 1848 utrosque
1957 1757 2080 1827 (Ιί-ι

263 1885 441 1929 verse
486 1876 621 1927 orta
677 1875 739 1924 et
793 1865 1006 1926 habita
1062 1874 1173 1925 est.
1259 1865 1319 1924 A
1360 1869 1712 1943 graecanica
1754 1869 2048 1947 supersti-

184 2027 185 2037 ,
261 1969 431 2027 tione
473 1967 756 2027 manavit
811 1965 918 2024 ille
973 1984 1188 2027 versus
1231 1965 1420 2027 Hom.
1464 1966 1544 2026 H.
1605 1969 1671 2026 in
1723 1967 1906 2026 Merc.
1951 1967 2045 2028 19.

263 2066 516 2150 τετράδι
571 2074 646 2146 τῇ
705 2067 1003 2150 προτέρῃ,
1073 2074 1147 2146 τῇ
1205 2090 1318 2147 μιν
1369 2068 1500 2130 τέκε
1555 2065 1778 2144 πότνια
1833 2073 2044 2139 Μαῖα,

262 2168 369 2247 qui
429 2176 499 2227 ut
554 2166 691 2226 loco
748 2184 875 2224 non
927 2185 1042 2226 sue
1097 2167 1338 2246 positus
1393 2176 1642 2226 notatur
1701 2184 1740 2225 a
1784 2161 2045 2239 CriticiS‚

262 2276 462 2328 cetera
514 2267 882 2348 inculpatus.
981 2265 1144 2326 Nam
1195 2265 1273 2324 de
1332 2264 1434 2325 dei
1487 2265 1795 2326 natalibus
1856 2259 2043 2343 vulgo

258 2367 351 2425 ita
415 2365 742 2426 creditum:
835 2367 1024 2450 Ἑρμῇ
1106 2364 1379 2448 μάλιστα
1446 2375 1578 2432 τῶν
1644 2369 1944 2450 ἀριθμῶν
2005 2366 2044 2445 ἡ

258 2467 476 2548 τετρὰς
538 2466 885 2531 ἀνάκειται·
975 2467 1189 2530 πολλοὶ
1249 2467 1317 2530 δὲ
1385 2468 1491 2530 καὶ
1544 2464 1798 2551 τετράδι
1848 2466 2044 2548 μηνὸς

259 2567 593 2648 ἱσταμένου
636 2566 752 2630 τὸν
794 2567 954 2630 θεὸν
997 2569 1314 2649 ἱστοροῦσι
1359 2566 1664 2627 Plutarch.
1691 2566 1907 2646 Symp.
1932 2565 2040 2625 IX.

262 2662 508 2739 Quaest.
564 2667 670 2726 III.
727 2667 785 2725 2.
829 2665 974 2726 404.
1038 2666 1122 2728 Ἠ
1166 2666 1384 2749 τετρὰς
1456 2667 1765 2747 ἐνομίζετο
1815 2667 2040 2749 Ἑρμοῦ
2111 2689 2118 2698 ’

258 2767 366 2830 καὶ
406 2768 550 2830 καθ’
599 2769 859 2830 ἕκαστον
897 2773 1064 2847 μῆνα
1101 2763 1299 2846 ταύτῃ·
1334 2773 1410 2846 τῇ
1443 2766 1640 2850 ἡμέρᾳ
1681 2773 2040 2831 πλακοῦντα

260 2868 625 2932 ἀπετίθεντο
693 2875 783 2949 τῷ
845 2866 1031 2949 Ἑρμῇ
1103 2865 1304 2924 Schol.
1370 2864 1558 2925 Arist.
1629 2866 1786 2925 Plut.
1857 2867 2037 2927 1127.

262 2986 523 3049 eumque
581 2967 746 3028 diem
800 2963 1117 3026 Hesiodus
1179 2967 1687 3047 auspicatissimis
1743 2965 2037 3028 adnume-

260 3078 357 3128 rat
397 3087 458 3130 v.
500 3069 646 3128 770.

398 3182 620 3251 Πρῶτον
657 3180 768 3249 ἕνη,
807 3178 987 3250 τετράς
1018 3199 1070 3230 τε
1102 3179 1186 3230 καὶ
1220 3176 1416 3247 ἑβδόμη
1450 3178 1584 3250 ἱερὸν
1616 3171 1754 3249 ἦμαρ

375 3336 438 3393 [¹²]
471 3338 666 3380 Graecos
708 3336 944 3380 Salmasius
982 3336 1037 3378 de
1076 3337 1186 3378 Ann.
1233 3335 1356 3378 Olim.
1387 3350 1429 3392 p.
1459 3334 1558 3379 836.
1588 3349 1682 3380 cum
1710 3334 1886 3378 ,Iudaeis
1916 3347 2028 3376 com·

258 3403 387 3453 parat
415 3396 762 3453 Patriarcharum
792 3395 958 3439 natales
988 3394 1350 3437 enumerantibus.
