2176 3886
233 249 316 308 22
833 256 1068 300 LIBER
1110 253 1421 298 PRIMUS.

397 487 540 560 Illa,
596 487 907 567 inquiunt,
964 487 1319 567 promiscua
1361 483 1543 544 turba
1585 491 1765 543 extra
1807 482 2017 550 sindo-

229 605 374 647 nem
419 596 481 646 et
524 588 701 668 quasi
743 588 808 645 in
855 584 1161 648 vestibulo
1199 602 1406 645 sacrae
1439 582 1757 644 ‘doctrinae
1796 585 2019 649 consti-

229 689 334 761 tit,
390 705 664 768 pompae
707 689 1083 765 spectatrix,
1128 686 1353 745 secreti
1395 685 1610 761 ignara
1654 691 1716 741 et
1759 699 2020 762 expers;

229 797 417 867 caput
473 804 698 846 coenae
756 794 818 844 et
872 784 1169 865 quidquid
1211 802 1338 842 non
1379 782 1610 864 plebeji
1645 782 1887 866 saporis
1927 799 2020 842 es-

228 894 360 959 set,
451 885 909 967 probatissimis
989 885 1330 966 quibusque
1404 891 1821 954 reservatum,
1914 883 2022 961 qui

230 1004 442 1045 omnes
487 988 622 1064 J'am
682 985 904 1063 gradus
961 1004 998 1045 a
1054 987 1254 1065 capite
1313 980 1394 1042 ad
1439 980 1666 1045 calcem
1707 983 2023 1062 permensi

227 1095 446 1145 essent.
554 1085 643 1145 Hi
699 1087 1026 1148 veritatem
1080 1087 1148 1144 in
1218 1084 1380 1143 clara
1445 1082 1582 1140 luce
1638 1079 2021 1154 collocatam,

226 1185 321 1244 illi
376 1185 665 1262 symbola
723 1184 1027 1265 quaedam
1085 1193 1148 1244 et
1217 1185 1604 1277 glaucomata
1661 1178 2020 1261 adspexere,

225 1303 383 1365 quae
440 1304 636 1366 neque
693 1284 981 1347 obessent
1040 1287 1327 1365 cuiquam
1360 1268 1580 1362 “neque
1634 1280 2022 1362 prodessent,

223 1383 291 1443 id
347 1384 513 1464 quod
569 1385 645 1445 de
701 1387 1052 1465 emplastris
1098 1383 1466 1465 quibusdam
1511 1381 1754 1448 dicitur.
1839 1381 2016 1445 Arbi-

225 1486 413 1543 trium
460 1494 670 1545 autem
713 1485 1170 1548 intromittendi
1213 1503 1396 1566 quem
1433 1482 1667 1545 vellent
1703 1501 1895 1564 penes
1925 1501 2022 1548 sa·

226 1582 504 1643 cerdotes
549 1594 709 1657 erat,
768 1587 874 1664 qui
919 1584 1277 1644 candidatos
1321 1583 1611 1647 diuturna
1652 1582 2022 1662 probatione

226 1683 646 1763 explorarent,
692 1684 1057 1765 exploratos
1102 1683 1180 1742 ab
1225 1702 1351 1745 uno
1397 1681 1591 1759 gradu
1634 1680 1719 1742 ad
1761 1682 2023 1751 alterum

223 1791 683 1863 promoverent.
730 1783 782 1842 Ο
820 1802 952 1843 rem
988 1783 1370 1862 praeclaram
1405 1783 1823 1861 omniumque,
1866 1801 2024 1861 quae

226 1882 303 1942 ab
348 1882 702 1942 hominibus
745 1883 976 1960 ingenii
1019 1881 1296 1962 prodigis
1339 1891 1527 1941 noctu
1570 1881 1801 1961 diuque
1837 1899 2023 1944 exco-

225 1984 417 2060 gitata
460 1990 622 2056 sunt,
664 1982 863 2042 multo
908 1981 1403 2042 saluberrimam!
1451 1978 1592 2053 Qua
1624 1999 1751 2045 una
1785 2002 1855 2040 re
1884 1983 2022 2063 quis

224 2101 352 2142 non
393 2083 683 2161 intelligit
724 2090 861 2143 tum
902 2084 1094 2143 istum
1128 2082 1488 2163 scrupulum
1522 2080 1600 2140 de
1632 2068 2025 2150 initiatorum

225 2182 623 2246 multitudine
679 2192 1020 2256 exemtum,
1074 2193 1210 2244 tum
1266 2183 1455 2243 etiam
1508 2181 1626 2241 hoc
1665 2183 2023 2265 *perfectum

227 2301 360 2342 esse
403 2283 584 2360 longe
627 2282 1207 2355 fructuosissimum,
1251 2291 1322 2342 ut
1365 2281 1444 2341 de
1486 2284 1930 2358 mysteriorum
1955 2286 2024 2347 vi

226 2391 290 2441 et
343 2381 554 2441 indole
611 2374 810 2462 deque
867 2382 1182 2442 doctrinae
1239 2401 1497 2442 arcanae
1554 2382 1754 2441 causis
1809 2393 1872 2442 et
1927 2403 2020 2444 ar-

226 2482 530 2560 gumentis
576 2483 919 2563 quicunque
961 2483 1117 2543 velit
1160 2481 1329 2562 quod
1357 2482 1530 2554 velit,
1574 2482 1887 2561 quomodo
1914 2504 2024 2547 ve·-

226 2583 328 2655 lit,
395 2590 665 2642 statuere
732 2591 794 2641 et
863 2580 1190 2641 decernere
1242 2583 1474 2663 possit,
1531 2590 1593 2640 et
1646 2581 1714 2640 id
1772 2584 2023 2664 quidem

227 2692 439 2767 septus
471 2681 743 2764 undique
783 2691 846 2741 et
878 2683 1175 2756 munitus,
1220 2679 1582 2754 dummodo,
1627 2700 2022 2765 quaecunque

229 2771 626 2864 opponantur
679 2782 800 2842 sibi
843 2785 1150 2844 contraria
1191 2783 1577 2856 testimonia,
1637 2782 1715 2846 ab
1759 2785 1836 2845 iis
1877 2804 2023 2866 pro-

227 2884 389 2944 fecta
446 2882 615 2943 dicat
671 2881 1021 2944 auctoribus
1036 2928 1054 2958 ,
1119 2884 1224 2965 qui
1267 2885 1334 2944 in
1375 2885 1589 2943 infimo
1632 2885 2019 2955 initiatorum

229 2983 423 3062 gradu
478 2984 794 3044 constituti
834 3001 1032 3065 neque
1077 2985 1359 3044 omnium
1400 2985 1734 3066 participes
1776 2986 2021 3046 fuerint.

399 3083 599 3162 Ergo,
655 3085 710 3144 si
763 3084 1194 3166 Eumolpidae·
1229 3094 1636 3166 patronorum
1676 3104 1852 3146 more
1894 3096 2022 3147 tur-

230 3182 375 3243 bam
418 3202 597 3244 suam
639 3173 1031 3264 segregarunt
1072 3195 1256 3266 atque
1299 3186 1455 3246 alios
1492 3187 1560 3245 in
1592 3196 1893 3248 secretum
1925 3207 2020 3247 re-

233 3293 556 3363 ceperunt,
614 3286 771 3346 alios
827 3305 966 3347 cum
1019 3286 1300 3367 pluribus
1315 3330 1332 3360 ,
1390 3287 1547 3346 alios
1592 3305 1731 3347 cum
1773 3291 2019 3351 univer-

232 3384 349 3457 sis,
403 3403 778 3466 consequens
832 3396 927 3448 est
980 3397 1049 3448 ut
1101 3389 1168 3448 in
1222 3388 1363 3468 ipso
1408 3388 1620 3450 limine
1663 3389 1912 3450 sacrarii
1957 3397 2020 3448 et
