2158 3848
230 201 356 263 704
761 212 998 256 cumn
1041 210 1478 255 sncuNnus.

229 346 421 406 fuisse
474 347 539 404 in
593 345 780 405 sacris
831 361 1015 404 usum
1077 353 1138 401 et
1182 359 1465 401 arcanam
1513 337 2014 421 religionem;‘²in

229 456 478 527 promtu
546 463 680 505 esse
737 443 920 503 debet
975 461 1050 501 ex
1101 442 1180 501 iis
1234 461 1391 521 quae
1447 442 1753 502 Meursius
1811 441 1907 499 El.
1967 445 2014 499 c.

228 546 362 606 XV.
423 545 563 604 128.
620 536 975 623 spanheim.
1034 539 1114 600 ad
1169 537 1320 601 Call.
1375 541 1456 602 H.
1500 545 1566 602 in
1608 543 1759 602 Pall.
1803 543 1904 602 28.
1951 551 2014 599 et

229 645 430 706 Olear.
486 642 566 703 ad
620 643 905 701 Philostr.
961 639 1034 698 V.
1089 639 1209 720 Ap.
1264 640 1366 701 IV.
1410 643 1512 701 28.
1563 642 1702 702 168.
1759 642 2014 719 college-

226 754 387 805 runt.
474 742 574 801 De
628 739 862 821 τολύπη
924 738 1268 800 cavendum
1325 757 1404 798 ne
1445 743 1584 820 quis
1626 741 1731 802 vel
1762 741 2018 813 Buona-

225 845 399 905 rottii
445 841 691 903 Osserv.
748 859 796 900 S.
854 839 965 900 alc.
1010 838 1276 918 medagl.
1322 858 1383 920 p.
1426 839 1570 899 449.
1627 843 2015 914 auctoritate,

224 944 328 1006 vel
386 941 725 1024 Epiphanii
768 941 1136 999 vtestimonio
1195 950 1540 1000 commotus
1572 935 1649 1021 [¹¹]
1704 925 1782 1000 de
1836 941 2014 1001 lanae

224 1045 492 1123 glomere
535 1038 958 1123 accipiendum
1002 1038 1627 1120 putet3³3significatur
1660 1042 1836 1107 enim'
1858 1059 2015 1121 opus

224 1144 587 1224 pistorium,
644 1151 715 1202 ut
767 1139 1009 1222 pridem
1063 1159 1179 1200 nos
1235 1139 1575 1200 docuerunt
1619 1138 1888 1219 Scaliger
1932 1140 2012 1200 ad

223 1243 396 1304 Varr.
453 1242 523 1303 L.
579 1242 648 1302 L.
701 1240 807 1301 IV.
861 1260 921 1320 p.
966 1239 1068 1299 43.
1114 1249 1177 1299 et
1221 1236 1624 1299 Casaubonus
1667 1239 1748 1299 ad
1791 1239 2012 1300 Athen.

222 1346 329 1406 III.
372 1364 424 1404 c.
469 1344 571 1402 30.
657 1339 870 1420 Neque
914 1358 990 1398 ex
1035 1339 1161 1400 alio
1200 1358 1447 1417 genere·
1469 1348 1614 1398 sunt
1646 1340 2011 1422 πυραμίδες,

223 1463 377 1526 quas
434 1442 514 1502 D.
570 1438 881 1501 Heraldus
939 1436 1022 1497 ad
1075 1437 1306 1497 Arnob.
1360 1458 1421 1518 p.
1472 1439 1612 1499 104.
1656 1449 1719 1499 et
1738 1438 2009 1499 ¹»Wowe-

221 1546 350 1605 rius
411 1541 493 1603 ad
547 1541 771 1601 Minue.
815 1559 876 1620 p.
926 1537 1066 1598 133.
1113 1557 1248 1598 cum
1296 1538 1772 1627 castellamentis
1814 1538 2014 1599 Arno-

222 1645 311 1705 bii
366 1643 690 1704 conferunt
706 1637 798 1721 [Ἴ.
886 1638 955 1698 Si
1012 1639 1150 1717 quis
1205 1649 1414 1699 autem
1456 1640 1715 1699 miretur
1757 1637 2015 1698 bellaria

221 1747 286 1804 in
331 1745 498 1804 cistis
542 1742 819 1820 mysticis
864 1737 1182 1799 recondita
1223 1739 1374 1813 dici,
1418 1738 1731 1820 Apollinis
1775 1758 2014 1820 quoque

227 1846 414 1905 sacris
459 1845 748 1926 πέμματα
794 1844 860 1905 ἐν
905 1839 1172 1923 σχήματι
1215 1839 1406 1925 λύρας
1447 1866 1511 1903 τε
1554 1840 1660 1903 καὶ
1689 1837 1875 1912 τόξου
1908 1839 2014 1902 καὶ

225 1948 433 2028 βελῶν
494 1942 776 2003 adhibita
835 1959 1030 2021 eaque
1085 1943 1151 1999 in
1194 1939 1476 2024 πατάρᾳ,
1532 1940 1783 2014 cistula,
1825 1939 2012 2000 allata

341 2111 405 2171 [ΙΙ]
438 2113 492 2155 1..
522 2113 603 2156 ΙΙΙ.
635 2113 733 2156 adv.
763 2112 899 2154 Haer.
932 2110 989 2153 T.
1021 2111 1078 2154 ΙΙ.
1109 2125 1153 2168 p.
1187 2110 1311 2152 1092.
1341 2109 1427 2152 Est
1456 2110 1575 2162 locus
1598 2111 1886 2167 perobscurus
1908 2125 2009 2167 par-

220 2171 295 2216 tim
310 2172 584 2215 librariorum
603 2170 886 2227 negligentia,
916 2169 1072 2227 partim
1092 2168 1314 2226 scriptoris
1329 2169 1464 2225 ipsius
1478 2169 1672 2211 inscitia:
1703 2168 1808 2229 παρ’
1827 2167 2021 2224 Ἕλλησι»

222 2228 372 2276 ὁπόσα
401 2227 627 2290 μυστήρια
657 2231 734 2272 καὶ
761 2230 934 2272 τελεταὶ
962 2254 1021 2261 -
1051 2222 1164 2270 ἄλλα
1193 2241 1241 2270 τε
1271 2228 1348 2270 καὶ
1376 2225 1432 2270 τὰ
1461 2228 1512 2271 ἐν
1536 2227 1757 2271 Ἐλευσῖνι
1783 2224 2007 2286 μυστήρια

221 2292 372 2345 Δηοῦς
399 2291 478 2333 καὶ
509 2284 852 2350 Φεῤῥεφάττης,
894 2288 973 2331 καὶ
1000 2288 1093 2329 τῶν
1122 2286 1267 2333 ἐκεῖσε
1298 2282 1478 2330 ἀδύτων
1506 2285 1561 2329 τὰ
1591 2283 2006 2359 αῖσχρουργήματα,

219 2351 450 2407 γυναικῶν
497 2342 872 2406 ἀπογυμνώσεις,
913 2340 1130 2405 τύμπανά
1169 2359 1218 2388 τε
1261 2346 1339 2387 καὶ
1367 2341 1582 2401 πόπανα,
1614 2346 1784 2404 ρομβος
1812 2347 1891 2389 καὶ
1919 2342 2007 2390 κά-

219 2409 360 2456 λαθος
376 2440 389 2462 ,
433 2407 537 2466 ὲρέα
566 2407 888 2464 ἐξειργασμένῃ
931 2406 1007 2447 καὶ
1036 2400 1294 2461 κύμβαλον,
1337 2405 1414 2447 καὶ
1453 2402 1628 2448 κυκεὼν
1657 2400 1891 2461 ἐκπώματι
1919 2419 2005 2447 κα-

219 2468 598 2522 τεσκευασμένος,
642 2464 728 2507 ὅσα
766 2477 814 2507 τε
844 2458 958 2505 ἄλλα
986 2460 1042 2505 τὰ
1073 2463 1124 2507 ἒν
1152 2466 1334 2518 Πυθοῖ,
1369 2459 1650 2523 Ἀρχεμόρου
1680 2460 1735 2505 τὰ
1762 2458 2002 2521 μυστήρια,

221 2523 273 2567 ἐν
295 2522 489 2580 Ἰσθμῷ,
533 2522 662 2579 ἕτερα
699 2517 981 2575 Ἀθάμαντός
1007 2535 1055 2563 τε
1087 2523 1163 2564 καὶ
1192 2524 1500 2580 Μελικέρτου,
1540 2524 1618 2565 καὶ
1647 2519 1748 2566 ὅσοι
1776 2519 1857 2565 τὸν
1887 2522 2001 2579 φαλ-

220 2579 304 2626 λὸν
344 2579 702 2638 ἀναστρέφοντες
741 2581 793 2621 αἶ’
827 2593 875 2622 τε
906 2581 1235 2636 φαλαρίζουσαι
1265 2582 1588 2638 αἰσχρουργίας
1611 2575 1924 2638 μελετήματα,
1956 2580 2003 2622 οἵ

217 2653 266 2684 τε
307 2636 390 2688 τὴν
428 2636 555 2683 Ῥέαν
597 2634 926 2695 θεραπεύοντες
964 2634 1202 2680 Διονύσιοι
1250 2637 1357 2692 (scr.
1400 2635 1651 2692 Διόνυσον)
1691 2651 1739 2679 τε
1774 2637 1915 2693 ἕτεροι
1959 2639 2004 2681 οἱ

218 2696 324 2748 τοὺς
352 2699 588 2756 Κουρῆτας
616 2698 693 2739 καὶ
721 2693 803 2750 τὴν
832 2698 1117 2752 κρεωνομίαν
1145 2697 1389 2752 μυοῦντες,
1431 2693 1535 2744 τοὺς
1563 2691 1693 2753 ὄφεις
1720 2693 2001 2754 ἀνεστεμμέ-

219 2771 316 2813 νοι,
361 2753 590 2807 εὐάζοντες
630 2750 741 2809 οὗά,
786 2750 884 2798 οὐά.
929 2753 1083 2809 quibus
1126 2752 1286 2794 mederi
1314 2751 1495 2795 difficile
1524 2758 1604 2795 est.
1663 2753 1897 2806 Petavius’‚‘
1926 2754 2000 2810 qui

216 2829 296 2872 pro
327 2815 656 2872 φαλαρίζουσαι
685 2812 935 2856 dubitanter
966 2812 1263 2870 φαλλίζουσαι
1294 2811 1490 2867 corrigit,
1521 2817 1696 2868 poterat
1724 2825 1808 2855 non
1838 2813 2002 2855 minore

217 2872 440 2931 dispendio
485 2873 663 2914 verbum
702 2884 903 2927 graecum
957 2871 1343 2928 φαλλαγωγοῠσαι
1395 2869 1682 2924 substituere,
1733 2870 1814 2912 nisi
1856 2870 2003 2914 mallet

216 2933 582 2990 βασσαρίζουσαι,
615 2931 737 2986 cujus
765 2932 903 2973 forma
933 2927 1208 2971 circumflexa
1238 2933 1393 2970 exstat.
1453 2927 1540 2971 Hic
1568 2929 1706 2985 igitur
1727 2929 2001 2986 Epiphanius

217 2991 322 3051 ἓρέα
362 2990 686 3049 ἐξειργασμένῃ
723 3003 747 3031 e
789 2987 1021 3031 Clementis
1065 2987 1159 3028 loco
1199 2986 1448 3029 traduxisse
1487 2987 1686 3041 videtur,
1728 2987 1820 3031 sive
1850 3002 2000 3031 nomen

215 3044 385 3102 τολύπη
423 3049 488 3091 ita
527 3048 835 3105 interpretatus
879 3044 970 3089 'sive
1010 3045 1210 3087 vitiosam
1239 3044 1463 3090 lectionem
1507 3044 1649 3096 πόκος
1677 3050 1884 3103 sequutus
1914 3052 1994 3089 est.

219 3106 383 3166 Ἐρίων
410 3104 465 3149 τὰ
493 3104 558 3164 μὴ
588 3105 634 3155 ἒς
662 3106 881 3166 ἐργασίαν
907 3120 980 3149 πω
1009 3101 1174 3159 ἥκοντα
1202 3103 1482 3161 Phigalenses
1515 3105 1689 3148 Cereris
1731 3119 1835 3149 arae
1862 3106 2000 3170 impo-
2049 3116 2051 3118 ’

218 3179 321 3209 nere
351 3170 503 3208 narrat
530 3165 769 3207 Pausanias
797 3162 920 3207 VIII.
950 3162 1019 3206 42.
1050 3159 1092 3204 5.

330 3240 400 3300 [i]
449 3244 616 3287 Nomen
657 3259 685 3302 p
702 3243 921 3301 yramis
966 3255 1263 3298 nonnunquam
1303 3246 1518 3285 veretrum
1560 3241 1691 3284 valet.
1731 3257 1772 3285 v.
1821 3241 1996 3285 Anthol.

214 3303 315 3347 Lat.
344 3303 421 3345 VI.
451 3299 522 3345 64.
552 3317 636 3359 quo
676 3304 740 3346 uti
770 3307 972 3360 poterant
999 3300 1073 3357 qui
1103 3300 1270 3358 phallos
1300 3315 1325 3342 e
1356 3301 1478 3344 cistis
1506 3300 1725 3344 bacchicis
1753 3301 1997 3358 prominen-

212 3371 279 3405 tes
310 3360 518 3419 speculati
549 3369 658 3405 sunt.
690 3361 850 3406 Cetera
881 3361 1075 3403 dicentur
1102 3360 1147 3402 in
1176 3358 1320 3415 Epim.
1351 3359 1446 3403 XV.

2105 3238 2132 3314 ,X
