2158 3848
226 197 351 260 458
683 189 697 207 Κ
754 195 1458 252 LIBER'SEOUNDUS.

227 359 414 422 quae,
469 340 524 400 si
566 338 719 400 nihil
775 339 946 401 aliud
990 340 1290 415 obstaret,
1355 339 1432 401 ab
1478 339 1726 421 Orpheo
1769 341 1996 420 scripta

227 441 579 501 diceremus.
679 439 802 499 Sed
867 442 971 521 qui
1039 442 1286 505 oracula
1339 442 1459 501 ista
1528 441 1996 521 comparaverit,

227 560 382 622 quae
435 541 528 621 pii
585 536 918 598 Christiani
972 538 1333 619 decipiendo
1391 541 1577 618 vulgo
1635 556 2000 619 composue-

225 650 398 714 runt,
459 657 595 697 eam
651 640 966 717 utriusque
1018 638 1286 698 fabricae
1341 636 1811 699 similitudinem
1867 658 2000 699 esse

226 740 476 809 sentiet,
534 746 600 795 ut
654 751 1007 796 communes
1052 747 1336 817 parentes
1379 738 1604 798 habere
1655 739 2000 801 videantur.

226 837 534 898 Pharaoni
555 835 899 895 Petissonio
946 838 1257 897 oraculum
1302 836 1380 896 de
1424 836 1542 897 deo
1583 839 2002 899 Israelitarum

165 979 169 982 »
226 935 567 998 consulenti
606 953 970 1016 responsum
1014 945 1138 996 este
1184 939 1352 1000 Ἔστι
1395 938 1525 1000 κατ’
1573 938 1846 1022 οὐρανοῦ
1890 965 2000 1021 με-

225 1036 437 1124 γάλοιο
480 1037 747 1120 βεβηκὸς
803 1037 1032 1122 φλογὸς
1089 1041 1378 1120 αἴθριον,
1438 1037 1698 1111 ἀέναον,
1755 1037 2002 1103 ἀθάνα-

224 1161 338 1201 τον
379 1143 539 1219 πῦρ,
585 1137 619 1199 ὃ
662 1136 866 1221 τρέμει
909 1143 1067 1208 πᾶν,
1118 1137 1384 1219 οὗρανὸς
1427 1134 1579 1222 γαῖά
1619 1161 1685 1200 τε
1728 1137 1835 1200 καὶ
1877 1135 2000 1200 θά-

227 1246 426 1299 λασσα
492 1233 815 1319 ταρτᾶριοι
869 1235 1098 1318 βύθιοί
1162 1262 1226 1299 τε
1299 1236 1591 1318 δαίμονες
1644 1235 1999 1322 ἐῤῥίγησαν·

227 1333 406 1407 οὗτος
447 1336 597 1404 θεὸς
640 1334 930 1419 ἀπάτωρ,
977 1336 1347 1420 αὐτοπάτωρ
1358 1379 1376 1409 ,
1419 1335 1623 1420 πατὴρ
1665 1337 1801 1407 υἱὸς
1816 1383 1838 1410 ,
1885 1337 2002 1399 αὖ*

224 1437 330 1506 τὸς
373 1439 598 1498 ἑαυτοῦ
640 1432 1002 1517 τριςόλβιος,
1048 1437 1165 1510 εἷς,
1209 1436 1440 1518 μικρὸν
1483 1435 1552 1498 δὲ
1598 1434 1783 1513 (adde
1819 1435 2004 1515 θεοῦ)

224 1537 408 1619 μέρος
453 1537 699 1620 ἄγγελοι
740 1536 938 1616 ἡμεῖς·
980 1534 1216 1617 μαθών
1252 1537 1439 1598 ἄπιθι
1476 1534 1720 1618 χαίρων
1746 1532 2001 1594 Cedren.

227 1633 446 1714 Comp.
489 1653 549 1714 p.
593 1634 694 1694 41.
742 1629 806 1694 C.
854 1652 1112 1714 quorum
1153 1654 1298 1716 pars
1359 1635 1778 1693 consarcinata
1834 1643 1928 1693 est
1970 1654 2006 1693 e

225 1734 547 1811 Lactantio
591 1735 637 1793 Ι.
681 1735 841 1794 7.·1.
897 1735 1181 1815 Apollo
1239 1735 1647 1815 quaerenti
1704 1733 2005 1793 cuidam

228 1836 398 1914 quis
457 1843 665 1893 esset
719 1843 853 1893 aut
907 1834 1093 1915 quid
1149 1844 1354 1894 esset
1411 1835 1723 1894 omnino
1784 1831 2005 1906 deus,

229 1932 678 2013 Colophone
721 1933 1135 2014 respondit
1179 1935 1465 2012 viginti
1522 1942 1597 1992 et
1639 1953 1784 1993 uno
1830 1953 2004 1995 ver-

227 2033 475 2107 sibus,
520 2052 836 2113 quorum
878 2034 1020 2094 hoc
1062 2035 1534 2115 principium
1580 2041 1722 2092 est:

366 2144 678 2216 Αὖτοφυὴς,
718 2144 1015 2215 ἀδίδακτος,
1057 2146 1299 2217 ἀμήτωρ,
1340 2145 1721 2217 ἂστυφέλικτος,

367 2228 564 2298 οὔνομα
596 2230 727 2298 μηδὲ
764 2228 897 2304 λόγῳ
927 2229 1285 2303 χωρούμενον,
1327 2231 1378 2282 ἒν
1414 2233 1535 2302 πυρὶ
1570 2232 1728 2284 ναίων

365 2320 516 2369 τοῦτο
553 2315 704 2381 θεὸς,
742 2315 897 2387 μικρὰ
929 2308 991 2369 ’δὲ
1026 2322 1155 2370 ’θεοῦ
1188 2318 1333 2387 μερὶς
1369 2315 1566 2386 ἄγγελοι
1601 2313 1745 2385 ἡμεῖς
1759 2314 1841 2384 [11].

226 2420 377 2496 Regi
420 2418 605 2477 Thuli
659 2419 989 2477 sciscitanti
1044 2421 1179 2498 quis
1235 2438 1446 2495 regum
1506 2419 1661 2478 alter
1716 2418 1836 2478 sibi
1890 2437 2005 2498 par

225 2519 415 2579 fuerit
457 2527 564 2577 aut
605 2518 671 2575 in
713 2527 1028 2596 posterum
1064 2518 1306 2577 futurus
1351 2520 1449 2591 sit,
1495 2519 1721 2595 Pythia
1750 2537 2003 2599 respon-

228 2618 345 2678 dit:
390 2624 631 2702 Πρῶτα
658 2617 828 2690 θεὸς,
871 2618 1188 2699 μετέπειτα
1232 2616 1410 2703 λόγος
1452 2644 1558 2680 και
1599 2627 1843 2701 πνεῦμα
1883 2618 2001 2681 σὺν

229 2721 467 2788 αὐτοῖς
518 2700 815 2801 σύμφυτα
859 2717 923 2779 δ’
970 2723 1086 2779 εισι
1127 2714 1410 2798 ταῦταΓ]
1457 2714 1548 2781 ὧν
1577 2743 1804 2802 κρατος
1848 2724 1998 2780 αιω-

347 2883 412 2945 [h]
447 2887 516 2931 Cf.
546 2888 759 2930 Steuchus
799 2888 854 2930 de
893 2885 1479 2930 Perenn.Philos.III.15.
1522 2887 1574 2929 In
1603 2887 1795 2943 sequenti
1826 2887 2002 2930 oraculo

227 2944 467 3004 πάνσοφε,
508 2945 854 3003 παντοδίδακΐ,
899 2947 1247 3015 ἑνολοίστροφε,
1292 2947 1477 2991 κέκλυθι
1517 2945 1687 3017 δαῖμον
1728 2945 1973 2989 Struvius·
1960 2960 2005 2988 111

229 3007 414 3049 Observ.
444 3005 563 3048 Part.
592 3005 734 3049 XXII.
766 3004 834 3048 13.
865 3020 889 3048 e
912 3005 1004 3048 cod.
1035 3005 1131 3061 Reg
1132 3006 1304 3047 iomont.
1335 3004 1524 3047 restituit
1553 3001 1858 3062 πολύστροφε.
1902 3005 2000 3047 Hoc

228 3066 380 3163 ipsunll,
397 3064 572 3107 exhibet
601 3065 696 3108 cod.
728 3063 894 3107 Sedulii
922 3065 967 3107 in
997 3065 1236 3107 Montfauc.
1267 3063 1496 3120 Palaeogr.
1526 3063 1578 3105 L.
1608 3061 1808 3106 111.243.
1843 3063 2002 3106 Cante-

228 3137 302 3224 2¹2?
322 3124 570 3236 Ηιῖῗέιηῗ
571 3123 734 3224 <31¹¹
746 3119 1410 3241 3Οὲἓλιὲωἷῗρεῗῗοὲἕὲἶὲἕξὲζ
1449 3121 1700 3241 ἓῖἔὲἲὲἓῗε
1704 3123 2002 3224 ἐλξὲὲῗῖιᾞΐξ

229 3241 365 3295 major
394 3240 635 3296 Sophocleo
665 3242 778 3284 ἔλελι
768 3245 922 3298 ίχθων.

324 3305 386 3382 ..U
398 3310 414 3364 ]
449 3308 603 3351 Suidas
643 3325 676 3351 s.
722 3311 881 3359 Θοῦλις
922 3314 966 3352 et
1007 3308 1199 3351 Zonaras
1229 3309 1337 3351 Lex.
1366 3324 1407 3365 p.
1441 3306 1564 3350 1048.
1596 3306 1810 3367 σύμφυτα
1841 3306 1891 3351 δὲ
1921 3307 1998 3348 καὶ

232 3371 293 3418 εἰς
323 3367 372 3412 ἓν
400 3364 540 3423 ἰόντα,
576 3359 628 3412 οὗ
659 3366 818 3428 κράτος
848 3373 928 3411 etc.
962 3368 1161 3410 Chronic.
1194 3369 1347 3411 Pasch.
1380 3382 1422 3425 p.
1455 3366 1523 3409 46.
1556 3367 1608 3409 D.
1641 3369 1776 3410 ταῦτα
1807 3365 1858 3409 δὲ
1880 3361 1998 3421 σύμ-

2146 546 2158 837 «νῂ-α--ᾳῶη
2153 488 2158 532 ...2-
2153 393 2158 478 ...n-2
