2158 3848
219 223 342 282 628
751 231 984 274 mima
1030 230 1463 274 SECUNDUS.

226 385 409 446 quem
454 364 891 444 Theopompus
934 365 1125 422 irrisit
1170 362 1341 422 Suid.
1386 345 1646 430 smmg
1690 368 1752 418 et
1775 357 2003 418 Anecd.

226 465 417 524 Bekk.
462 486 522 545 p.
567 463 711 521 461.
758 466 1066 541 quemque
1102 463 1460 522 Plutarchus
1506 461 1663 520 dicit
1697 477 1822 518 una
1866 476 2007 516 cum

227 564 513 624 Adonide
582 581 658 619 ex
720 561 1058 620 barbaricis
1115 561 1653 640 superstitionibus
1710 577 1821 638 per
1873 565 2007 616 mu-

230 665 507 723 lierculas
553 669 645 731 et,
692 659 858 737 quod
901 669 1213 719 momento
1260 671 1380 732 est,
1425 659 1813 736 androgynos
1856 657 1914 714 h.
1959 676 2009 713 e.

233 763 575 839 Cybelistas
630 757 1044 817 introductum
1092 778 1225 817 esse
1268 759 1546 818 Amator.
1582 759 1750 818 XIII.
1795 759 1894 816 22.
1941 756 2010 815 T.

233 863 367 922 XII.
438 859 612 934 Hyes
669 857 959 937 denique,
1018 878 1199 938 quem
1258 858 1700 936 Aristophanes
1760 863 2014 928 ξενικοῖς

233 967 403 1029 θεοῖς
458 958 845 1016 adnumerat
923 959 1136 1039 (Phot.
1214 969 1276 1016 et
1356 957 1529 1017 Suid.
1610 958 1683 1016 cf.
1748 957 2014 1016 Meinek.

236 1059 482 1132 Quaest.
530 1057 744 1116 Scenn.
788 1056 864 1115 ΙΙ.
909 1059 1047 1136 73.)
1094 1069 1155 1116 et
1199 1056 1495 1116 Thraciae
1541 1056 1725 1130 deae,
1768 1056 2016 1127 Remus,

233 1179 387 1238 quae
434 1178 470 1216 a
514 1157 815 1216 Strabone
860 1158 976 1215 huc
1019 1157 1282 1216 refertur
1307 1159 1377 1238 [e]
1426 1167 1607 1236 atque
1653 1155 1907 1238 Cotytto
1922 1153 2015 1236 [f].

237 1257 597 1335 Quanquam
657 1258 819 1314 enim
885 1257 1037 1316 haec
1079 1260 1331 1317 nomina
1374 1258 1559 1335 vulgo
1606 1257 1685 1316 ad
1729 1258 2017 1334 Magnam

234 1366 531 1429 matrem,
575 1357 875 1427 Dianam,
920 1356 1195 1415 Hecaten
1239 1357 1532 1416 Liberum
1577 1368 1762 1436 atque
1795 1355 2018 1416 Jovem

231 1457 581 1515 referuntur
624 1462 881 1533 propter
924 1455 1236 1532 quandam
1279 1456 1767 1529 similitudinem,
1813 1466 2020 1514 tamen

236 1559 395 1616 inter
451 1574 625 1614 sacra
678 1556 817 1632 ipsa
872 1554 1207 1633 plurimum
1268 1557 1575 1614 intererat.
1621 1553 1868 1627 Quanta
1912 1574 2019 1613 au-

238 1669 357 1717 tem
416 1649 986 1734 superstitiosorum
1041 1655 1374 1718 multitudo
1435 1656 1621 1714 fuerit
1674 1664 1757 1714 et
1792 1665 2021 1734 quanta

234 1761 645 1836 impostorum
689 1753 1106 1832 impudentia,
1162 1754 1474 1814 declarant
1517 1757 1885 1815 comicarum
1929 1754 2023 1813 fa-

238 1857 517 1916 bularum
589 1855 787 1930 elogia
853 1853 1075 1932 quibus
1142 1855 1291 1913 illae
1358 1858 1763 1932 mysticorum
1822 1873 2021 1932 nugae

239 1958 590 2033 exagitatae⁴
621 1962 811 2025 sunt,
870 1953 1182 2031 Antipatri
1227 1953 1513 2027 Μύστις,
1559 1955 1889 2031 Phrynichi
1935 1957 2022 2030 (et

239 2057 486 2135 Sopatri
543 2053 792 2130 Parodi)
851 2051 1146 2125 Μύσται,
1216 2052 1551 2113 Nicostrati
1610 2054 2019 2137 Ἱεροφάντης,

238 2152 714 2216 Anaxandridae
747 2151 1326 2234 Φαρμακόμαντις,
1371 2154 1744 2233 Antiphanis
1789 2162 2022 2232 Μηνα-

237 2254 483 2340 γύρτης·
503 2264 565 2312 et
598 2250 849 2321 Μύστις
865 2255 960 2330 [9],
1005 2252 1285 2312 Alexidis
1321 2252 1724 2336 Θεοφόρητος,
1769 2253 2022 2313 Menan-

236 2409 487 2510 ἷΐῖἶὲη111ἔξ
509 2404 629 2507 1484114.)
646 2408 1076 2535 12'50‘221553’25‘2‘3‘25322
1077 2410 1418 2523 4441141114ὲ1ἕὲἶ1ἔῖ1
1440 2415 1515 2510 31⁵2}
1536 2410 1782 2512 §.3223ss
1776 2409 1945 2526 111144ζέ
1948 2423 2022 2451 1111

240 2525 509 2568 scribendum
551 2539 645 2565 esse
689 2526 831 2566 monui
873 2525 916 2566 in
947 2525 1063 2568 Diss.
1109 2526 1162 2568 de
1196 2527 1257 2568 M.
1289 2527 1338 2567 B.
1370 2527 1516 2582 paullo
1547 2531 1648 2568 ante
1678 2541 1802 2583 quam
1833 2526 2021 2568 Valcke-

239 2584 403 2686 nali-ium
445 2580 655 2682 εέιόᾶειῐι
663 2583 951 2636 conjecturam
982 2584 1139 2625 fecisse
1168 2584 1354 2626 innotuit
1383 2599 1437 2626 ex
1466 2584 1678 2639 Epistolis
1709 2599 1736 2626 a
1767 2584 2020 2627 Tittmanno

241 2657 266 2684 e
312 2643 369 2685 tis
401 2656 442 2698 p.

357 2714 424 2771 [θ]
457 2714 584 2755 Hanc
626 2710 829 2753 denotare
868 2711 1040 2753 videtur
1070 2712 1378 2782 Aristophanes
1416 2711 1590 2782 Fragm.
1622 2713 1771 2755 Lemn.
1802 2713 1903 2755 XII.
1934 2712 2016 2768 τὴν

241 2777 449 2833 κρατίστη
453 2786 479 2814 ν
519 2768 705 2828 δαίμον’
749 2760 801 2823 ἧς
839 2771 921 2812 νῦν
960 2767 1132 2838 θερμός
1173 2768 1279 2813 ἐσθ’
1324 2767 1347 2813 ὁ
1378 2767 1554 2828 βωμός·
1588 2771 1702 2826 quod
1731 2772 1893 2815 deinde
1915 2786 2017 2828 pro-

240 2814 379 2873 verbii
418 2789 512 2872 Ιηοοο
555 2829 712 2871 dicitur
741 2826 836 2869 de
825 2828 904 2879 ris,
943 2842 1056 2884 quae
1095 2828 1138 2869 in
1180 2828 1340 2870 honore
1371 2835 1470 2870 sunt
1499 2829 1670 2890 Euuap.
1703 2831 1754 2871 V.
1786 2831 1945 2873 Plotin.
1976 2845 2017 2900 p.

242 2888 310 2930 12.
340 2889 479 2932 Boiss.
511 2887 788 2942 Peregrinam
817 2885 938 2929 deam
971 2887 1026 2928 ab
1055 2886 1390 2929 Atheniensibus
1415 2886 1634 2943 receptam
1662 2888 1738 2930 illo
1770 2889 1863 2932 loco
1882 2889 2018 2944 signi-

241 2945 363 2989 ficari
394 2947 522 2989 docet
551 2946 724 2987 Suidas.

288 3059 294 3063 .
359 3017 422 3075 [f]
455 3034 498 3061 v.
529 3017 740 3074 Epimetr.
771 3016 848 3058 XI.

359 3088 423 3145 [ε]
460 3089 612 3131 Athen.
643 3089 715 3131 XI.
749 3086 847 3131 494.
880 3088 934 3131 D.
965 3089 1039 3131 ubi
1070 3103 1175 3130 anus
1205 3089 1438 3132 temulenta
1465 3089 1680 3133 inducitur

493 3148 570 3190 καὶ
597 3145 687 3218 γὰρ
718 3145 986 3218 ἐπαγωγὸν,
1021 3137 1056 3190 ὦ
1087 3149 1214 3202 θεοὶ,
1246 3146 1297 3191 τὸ
1329 3145 1482 3205 σχῆμά
1511 3164 1607 3198 πως

489 3207 566 3258 τῆς
594 3202 772 3255 κύλικός
799 3206 944 3261 ἔστιν,
975 3182 1104 3254 α’ξιόν
1132 3220 1178 3248 τε
1209 3208 1291 3250 τοῦ
1322 3209 1477 3255 κλέους

490 3266 570 3307 τοῦ
599 3266 677 3318 τῆς
705 3263 884 3323 ἑορτῆς,
917 3262 971 3307 οὗ
996 3263 1110 3321 μὲν,
1143 3261 1197 3307 οὐ
1224 3264 1339 3321 μὲν,
1372 3261 1471 3323 α’ρτι
1500 3263 1589 3324 γὰρ

486 3321 535 3369 ἐξ
564 3319 825 3393 ὀξυβαφίων
854 3325 1088 3379 κεραμέων
1117 3322 1349 3395 ἔπίνιζμεν.

239 3376 309 3419 ubi
339 3388 417 3433 pro
448 3376 502 3422 οὗ
526 3380 615 3436 μὲν
644 3378 698 3424 οὐ
724 3383 813 3437 μέν
843 3380 1109 3423 scribendum
1141 3371 1199 3424 οὗ
1236 3379 1486 3437 ’τελοῦμεν
