2158 3848
234 212 360 273 448
789 225 1021 270 LIBER
1067 225 1491 271 SECUNDUS.

236 357 419 420 buleo
474 354 851 430 adstrictius3
915 356 1291 417 novissimae
1345 374 1416 416 ac
1459 359 1857 434 gravissimae
1901 375 2008 416 au·

236 467 464 518 ctorem
524 476 655 516 esse
709 454 1132 516 Aristobulum
1194 455 1404 529 illum,
1469 475 1650 536 quem
1704 456 2008 516 Eusebius

234 557 602 628 introduxit,
657 556 967 614 hominem
1011 556 1145 614 sive
1187 552 1492 615 Judaeum
1537 558 1671 618 sive
1714 554 2010 616 Christia-

231 674 412 730 num,
501 653 831 713 Clementis
903 661 1063 711 certe
1136 654 1517 732 temporibus
1589 658 2010 736 posteriorem.

233 758 445 835 Itaque
489 763 727 813 tantum
788 770 826 811 a
869 752 1275 811 Valckenario
1333 751 1661 828 dissentio,
1731 758 1835 835 qui
1880 773 2012 813 om-

234 871 342 914 nes
386 856 539 914 istos
569 857 572 858 ’
597 871 814 914 versus
855 851 1216 911 Aristobulo
1260 852 1696 930 peripateticae
1737 855 2013 934 philoso-

230 954 415 1034 phiae
479 954 642 1012 inter
708 951 974 1012 Judaeos
1043 952 1280 1010 auctori
1348 951 1646 1030 imputat,
1715 964 2011 1032 quantum

234 1054 430 1113 doctis
459 1053 871 1131 Theologis[‘]
918 1069 1211 1131 repugn0,
1257 1059 1455 1110 totum
1485 1053 1711 1111 crimen
1745 1055 1811 1111 in
1839 1050 2013 1112 Chri·

232 1157 501 1214 stianum
546 1152 1067 1213 transferentibus.
1157 1149 1292 1223 Qua
1336 1150 1414 1209 de
1467 1171 1534 1210 re
1591 1170 1711 1231 quo
1769 1151 2010 1212 facilius

231 1256 648 1334 unusquisque
702 1253 1030 1331 legentium
1080 1251 1358 1329 judicare
1414 1260 1660 1332 posset,
1725 1271 1800 1311 ea
1855 1270 2011 1332 quae

231 1353 506 1414 Justinus
550 1354 786 1426 attulit,
831 1372 1104 1432 quaeque
1149 1370 1424 1410 seorsum
1473 1349 1753 1411 Clemens
1798 1361 1861 1411 et
1883 1352 2011 1411 Eu-

232 1455 437 1514 sebius
491 1462 982 1534 proposuerunt,
1049 1461 1326 1510 accurate
1381 1451 1759 1528 sejunximus
1817 1453 2010 1531 expli-

232 1556 382 1613 catis
427 1554 753 1632 angustiiS,
819 1554 884 1612 in
930 1567 1079 1630 quas
1128 1549 1433 1610 Gesnerus
1479 1558 1677 1610 totam
1733 1570 1864 1610 rem
1919 1553 2009 1610 in-

230 1653 514 1714 duxerat.

1021 1865 1073 1945 ξ.
1161 1867 1217 1925 3.

402 2039 688 2118 Sequitur
733 2036 857 2096 alia
882 2038 1159 2116 quaestio
1205 2035 1283 2095 de
1328 2035 1508 2094 titulo
1554 2035 1860 2107 carminis,
1906 2052 2007 2094 cu-

224 2141 328 2217 jus
396 2139 682 2217 reliquias
751 2135 938 2196 modo
1011 2136 1317 2216 complexi
1389 2153 1616 2195 sumus
1729 2133 2008 2193 Justinus

232 2243 552 2318 Διαθῆκαι
593 2246 809 2310 vocat,
866 2255 1060 2316 eoque
1104 2246 1382 2317 tempore
1426 2235 1504 2294 ab
1552 2234 1798 2314 Orpheo
1845 2252 2008 2295 com-

228 2341 500 2418 positum
547 2338 725 2411 dicit,
771 2355 890 2417 quo
928 2338 1064 2414 jam
1110 2336 1436 2410 erroribuS‚
1479 2354 1632 2416 quos
1679 2335 1788 2395 diu
1828 2336 2004 2397 fove-

229 2448 356 2510 rat,
411 2441 846 2496 renunciasset.
927 2436 1099 2496 Idem
1144 2456 1370 2497 nomen
1411 2437 1586 2496 affert
1625 2435 2007 2516 Theophilus

233 2536 315 2596 ad
357 2537 734 2612 Autolycum
775 2538 881 2595 111.
933 2537 1071 2594 117.
1119 2534 1183 2595 C.
1227 2538 1291 2598 τί
1329 2538 1452 2622 γὰρ
1499 2537 2005 2618 ὥφέλησανέηὈρ-

235 2639 355 2720 (psa
401 2640 458 2699 οἱ
499 2633 839 2719 τριακόσιοι
882 2634 1263 2714 πεντήκοντα
1306 2636 1482 2698 πέντε
1523 2637 1686 2707 θεοὶ,
1733 2636 1842 2704 οὓς
1889 2636 2001 2698 αὔ-

230 2739 336 2807 τὸς
380 2737 477 2799 ἐπὶ
517 2739 668 2799 τέλει
721 2743 834 2798 τοῦ
875 2735 1023 2818 βίου
1081 2738 1297 2797 ἀθετεῖ
1350 2739 1417 2798 ἐν
1474 2741 1608 2804 ταῖς
1657 2732 2004 2814 Διαθήκαις

234 2839 430 2901 αὐτοῦ
486 2839 679 2922 λέγων
732 2838 841 2899 ἕνα
895 2836 1052 2899 εἶναι
1106 2833 1279 2898 θεόν.
1383 2833 1776 2894 Aristobulus
1832 2853 2004 2909 vern,
2129 2911 2132 2918 Ι

234 2939 339 3018 qui
382 2937 635 3009 dicitur,
693 2934 1006 3016 Orpheum
1049 2934 1156 2994 illa
1212 2939 1278 2998 ἐν
1321 2933 1616 3017 ποιήμασι
1657 2943 1787 2999 τῶν
1841 2923 2061 3015 zarda?

354 3079 414 3136 [t]
447 3079 739 3122 Aristobulum
769 3075 1102 3134 Peripateticum
1133 3078 1188 3119 ab
1218 3091 1292 3128 eo,
1324 3077 1397 3133 qui
1426 3076 1471 3118 in
1499 3074 1621 3118 libris
1643 3077 2021 3122 Maccahaeorum,

235 3138 476 3180 nominatur
516 3139 728 3181 diversum
770 3143 893 3194 putat
922 3135 1143 3190 Scaliger,
1188 3142 1321 3191 negat
1350 3135 1548 3177 Valesius
1578 3135 1632 3176 ad
1663 3137 1833 3179 Anatol.
1876 3136 1999 3192 Alex.

236 3195 343 3238 Can.
384 3196 536 3239 Pasch.
577 3211 619 3252 p.
664 3195 762 3239 540.
805 3196 861 3238 T.
890 3194 947 3236 ΙΙ.
980 3193 1096 3235 Gall.
1125 3199 1170 3235 et
1199 3195 1300 3246 alii,
1334 3207 1440 3248 quos
1468 3193 1780 3236 Valckenarius
1810 3195 2000 3237 nominat
2060 3230 2062 3235 ,
2145 3214 2153 3245 .,·

234 3253 289 3296 de
318 3255 449 3297 Arist.
479 3269 521 3310 p.
553 3255 621 3296 35.
665 3255 856 3298 Priorem
887 3253 1138 3295 sententiam
1168 3257 1310 3296 tuetur
1337 3252 1624 3294 Eichhornius
1653 3254 1861 3296 Biblioth.
1893 3252 1997 3295 bibl.

233 3312 370 3355 Liter.
401 3313 457 3355 T.
490 3314 540 3353 V.
573 3312 668 3355 261.
700 3328 778 3356 nec
807 3312 1043 3355 dissent-ire
1062 3310 1233 3354 videtur
1261 3312 1462 3355 Winerus
1501 3311 1546 3352 in
1576 3310 1811 3368 Encyclop.
1842 3310 1995 3354 Ersch.
