2176 3886
249 243 328 303 52
834 250 1067 293 LIBER
1111 248 1418 294 PRIMUS.

252 383 483 444 mentio
527 382 804 455 occurrit,
847 400 996 462 quas
1039 383 1267 442 initiati
1308 397 1566 465 summa*
1591 396 1733 438 cum
1760 381 2030 440 venera-

254 486 420 542 tione
463 480 874 561 adspicerent,
930 500 1055 541 non
1097 482 1353 540 initiatis
1396 498 1474 538 ne
1529 477 1862 557 adspicere·
1901 480 2033 558 qui-

257 583 397 642 dem
439 582 664 641 liceret.
723 581 822 639 De
864 583 1081 640 statuis
1124 579 1500 639 luculentum
1545 577 2032 638 habemusffhe-

254 684 447 743 mistii
498 682 946 752 testimonium,
1003 681 1107 759 qui
1164 677 1450 737 Orvxx.
1495 676 1659 737 235.
1682 678 1749 737 Β.
1793 684 2034 757 patrem

256 801 435 842 suum
496 778 886 838 difficillimos
931 795 1203 857 quosque
1245 776 1674 840 Aristotelicae
1719 776 2035 853 doctrinae

256 883 423 939 locos
490 880 900 938 illustrantem
965 875 1286 936 sacerdotiv
1339 888 1658 958 comparat
1723 878 2033 955 signom'm

257 980 659 1059 mysticorum
680 978 1000 1039 involucra
1023 977 1292 1036 tollenti:
1339 978 1417 1039 σὺ
1442 975 1870 1062 γνωματεύων
1889 977 2035 1045 τοὺς

259 1079 539 1150 ἐπαξίους
577 1076 876 1161 περιῄρεις
910 1102 974 1139 τε
1011 1077 1223 1146 αὐτοῖς
1245 1077 1360 1140 τὸν
1383 1075 1581 1159 ζόφον
1604 1078 1711 1139 καὶ
1728 1076 2034 1162 νἐγύμνους

259 1181 337 1242 τὰ
365 1177 714 1264 ἀγάλματα,
758 1178 904 1247 ὥςτε
943 1177 975 1237 ὃ
1013 1175 1130 1258 μὲν
1165 1179 1313 1259 ἄρτι,
1343 1175 1612 1260 προςιῶν
1632 1175 2035 1254 τοῖςῑεᾶὁῗύτοῐις

263 1279 484 1363 φρίκης
533 1305 603 1341 τε.
650 1278 1054 1360 ἐνεπίμπλατο
1112 1277 1217 1339 καὶ
1265 1276 1505 1362 ἰλίγγου
1540 1310 1627 1334 -ή
1664 1276 1847 1339 ὁπότε
1890 1276 1967 1339 ,δὲ
2001 1277 2033 1338 ὅ

260 1377 575 1462 προφήτης
643 1382 867 1447 ἐκεῖνος
927 1375 1321 1446 ἀναπετάσας
1380 1376 1460 1438 τὰ
1508 1375 1870 1457 ’προπύλαια
1920 1381 2036 1438 τοῦ

258 1480 380 1546 νεώ
431 1480 536 1541 καὶ
583 1479 730 1548 τοὺς
771 1485 1045 1558 χιτῶνας
1090 1476 1465 1560 περιστείλας
1521 1483 1650 1538 τοῦ.
1681 1475 2036 1562 ἀγάλματος

259 1578 569 1641 ἐπεδείκνυ
613 1586 704 1659 τῷ
759 1578 1095 1659 μυουμένῳ
1141 1573 1604 1659 μαρμαρύσσον
1651 1600 1716 1649 τε
1739 1576 1889 1656 ἤδη.
1916 1577 2038 1654 «καὶ

260 1680 422 1763 αὐγῇ
455 1675 1013 1758 καταλαμπόμενον
1034 1675 1336 1756 θεσπεσία
1358 1711 1443 1720 -—
1468 1675 1716 1737 ἅπαντα
1745 1675 1815 1737 δὲ
1841 1674 2035 1759 ἄνεῴ-

258 1784 469 1861 γνυτο
490 1785 620 1839 τῶν
661 1784 878 1858 σοφῶν
915 1777 996 1838 τὰ
1033 1774 1350 1857 ἀνάκτορα
1389 1773 1494 1836 καὶ
1523 1771 2036 1844 συνεπώπτευσας

261 1875 344 1938 ἂν
365 1875 446 1937 τὰ
468 1875 602 1959 ἱεροὶ
615 1875 729 1938 καὶ
755 1876 872 1936 ὅσα
898 1873 1294 1961 Πυθαγόρας
1321 1872 1605 1956 ἐκόμισεν
1628 1877 1691 1944 ἐξ
1709 1873 2034 1960 Αἰγύπτου
2114 1901 2117 1903 ·

259 2001 541 2059 Pseudepigr.
569 2001 622 2043 V.
654 2000 712 2042 T.
727 2015 770 2057 p.
795 2000 867 2043 93.
897 2001 951 2043 Τ.
973 2000 1032 2042 II.
1059 2001 1114 2043 cf.
1145 1999 1446 2056 Christophori
1469 2014 1640 2042 carmen
1664 2013 1736 2057 ap.
1760 1999 1956 2042 Boisson.
1979 2000 2035 2042 ad

259 2060 426 2116 Eunap.
457 2075 500 2117 p.
514 2059 613 2102 277.
629 2060 717 2115 sq.)
747 2064 814 2100 est
843 2073 945 2100 sane
975 2058 1258 2101 admiratione
1290 2057 1580 2112 dignissimum
1611 2058 1689 2100 sed
1719 2059 1834 2100 haud
1862 2058 2038 2101 minoris

260 2119 439 2162 aestimo
468 2123 661 2160 veterum
689 2117 941 2173 templorum
971 2115 1200 2160 miracula:
1232 2126 1357 2158 ovum
1385 2115 1534 2157 Ledae
1564 2116 1671 2171 (nisi
1699 2116 1814 2159 forte
1843 2117 2037 2160 strutho-

259 2176 413 2219 cameli
440 2176 544 2230 fuit)
574 2175 759 2218 Pausan.
789 2176 868 2217 111.
901 2175 969 2217 16.
1001 2176 1152 2217 dentes
1182 2175 1269 2216 suis
1297 2173 1574 2229 Erymanthii
1591 2174 1714 2217 VIII.
1736 2174 1807 2217 24.
1840 2175 1882 2217 2.
1914 2175 2036 2232 cujus

259 2234 444 2276 exuviae
473 2247 500 2276 a
530 2231 742 2289 Tegeatis
772 2234 1097 2276 ostentabantur
1124 2232 1304 2274 Lucian.
1335 2232 1431 2274 adv.
1462 2232 1553 2274 Ind.
1587 2231 1652 2275 13.
1682 2247 1724 2291 p.
1746 2232 1814 2274 16.
1839 2233 1895 2275 T.
1912 2234 2034 2276 VIII.

257 2294 360 2335 item
390 2291 658 2348 Calydoniae
686 2292 775 2333 suis
805 2293 955 2334 dentes
982 2291 1222 2334 Beneventi
1252 2290 1462 2332 asservati
1492 2291 1676 2347 Procop.
1709 2291 1818 2332 Bell.
1841 2292 1974 2334 Goth.
1997 2291 2035 2334 Ι.

260 2349 328 2392 15.
359 2347 458 2392 349.
490 2349 540 2391 C.
572 2349 811 2392 Memnonis
841 2350 1010 2406 gladius
1040 2350 1169 2392 PauS.
1201 2349 1282 2391 111.
1312 2347 1353 2391 3.
1385 2347 1425 2389 6.
1455 2348 1571 2405 Epei
1598 2349 1860 2392 ferramenta
1879 2350 2034 2393 Iustin.

259 2407 354 2450 XX.
397 2407 435 2448 1.
477 2407 580 2449 Olla
619 2422 754 2450 aenea
792 2409 839 2451 in
879 2423 965 2465 qua
1005 2408 1151 2450 Pelias
1181 2412 1328 2450 coctus
1355 2419 1441 2448 una
1471 2421 1565 2449 cum
1596 2407 1960 2465 Teucri‘sagittis
1980 2414 2036 2460 *et

257 2465 400 2508 Ulixis
429 2465 653 2520 chlamyde
689 2467 734 2508 in
764 2466 870 2508 aede
900 2466 1112 2522 Apollinis
1142 2466 1330 2521 Sicyone
1360 2465 1523 2521 Ampel.
1555 2466 1683 2509 Mem.
1714 2466 1841 2510 VIII.
1873 2466 1944 2510 68.
1977 2467 2033 2511 cf.

256 2523 517 2566 Beckmann.
548 2523 705 2566 Gesch.
736 2523 777 2565 d.
806 2524 974 2566 Erfind.
1006 2524 1062 2565 T.
1092 2524 1151 2565 11.
1171 2538 1212 2580 p.
1229 2520 1329 2565 364.
1360 2522 1605 2565 Scrofae
1634 2525 1865 2568 Aeneae
1895 2524 2034 2581 (illius

261 2596 374 2638 quae
410 2581 594 2636 triginta
634 2581 844 2639 porcellos
875 2582 1001 2624 enixa
1030 2581 1254 2637 augurium
1282 2579 1402 2622 dedit
1430 2580 1569 2622 Albae
1598 2582 1868 2638 condendae)
1897 2597 1925 2627 a
1952 2598 2034 2627 sa-

261 2639 601 2684 cerdotibus
646 2640 794 2696 quod
833 2640 889 2683 in
929 2639 1163 2682 salsura
1204 2641 1390 2690 foret,
1424 2637 1863 2694 demonstratur
1891 2642 2032 2685 Varro

259 2699 314 2740 R.
343 2698 397 2741 R.
426 2697 485 2739 ΙΙ.
513 2695 554 2740 4.
587 2697 656 2740 18.
685 2698 799 2755 quod
839 2698 1030 2741 illustrat
1071 2697 1287 2741 Tatianus
1318 2712 1355 2739 c.
1388 2696 1546 2741 Graec.
1583 2712 1620 2739 c.
1651 2692 1851 2742 XXXIV.
1881 2700 2034 2743 mulie-

256 2770 349 2799 rem
384 2755 749 2799 foecundissimam
787 2770 1038 2814 comparans
1065 2759 1118 2816 τῇ
1147 2754 1258 2800 κατὰ
1283 2753 1527 2813 Ῥωμαίους
1555 2755 1652 2812 συῖ·,
1695 2753 1895 2810 fircera).
1922 2756 2033 2814 αὐτὴ

258 2816 611 2873 μυστικωτέρας,
657 2812 717 2864 ὥς
745 2827 911 2872 φασιν,
953 2813 1134 2870 ἠξίωται
1161 2817 1305 2874 τιμῆς.
1366 2813 1574 2867 luendas,
1619 2827 1728 2871 quas
1756 2814 1927 2872 Jupiter
1952 2816 2033 2859 Ju-

259 2873 384 2915 nonis
411 2872 594 2930 pedibus
622 2873 901 2930 appenderat,
932 2887 958 2915 a
986 2873 1219 2930 periegetis
1247 2873 1294 2915 in
1319 2871 1496 2915 Troade
1519 2873 1750 2916 monstrari
1772 2875 1912 2927 ‘refert
1934 2875 2029 2917 Eu-

260 2931 444 2974 stathius
484 2946 526 2988 p.
559 2930 628 2981 15.
657 2931 726 2974 30.
764 2932 839 2974 ubi
880 2931 1011 2974 etiam
1034 2932 1206 2974 Paridis
1235 2930 1443 2974 citharam
1471 2931 1620 2974 videre
1651 2931 1878 2988 unicuique
1906 2932 2030 2976 licuit

258 2989 480 3032 Plutarch.
520 2989 642 3033 Alex.
672 3004 709 3032 c.
741 2989 808 3032 15.
866 2990 1022 3046 Neque
1062 2989 1158 3032 illos
1186 2989 1336 3047 puduit
1362 3002 1452 3032 rem
1481 2989 1659 3033 eandem
1686 2989 1881 3047 pluribus
1910 3005 2028 3034 asse-

260 3060 359 3088 rere
398 3046 529 3099 locis3
567 3047 698 3091 Isidis
737 3048 893 3091 crinem
933 3048 1134 3105 Coptitis.
1171 3063 1214 3092 v.
1253 3047 1397 3103 Etym.
1440 3062 1473 3088 s.
1503 3044 1683 3097 Κόπτος
1709 3047 1808 3091 522.
1841 3048 1909 3092 12.
1950 3050 2029 3093 sed

260 3104 430 3147 eosdem
459 3105 587 3148 etiam
602 3106 864 3163 Memphitis.
893 3121 935 3150 v.
965 3106 1144 3149 Lucian.
1173 3105 1202 3149 l.
1234 3122 1272 3152 c.
1302 3106 1492 3149 Proinde
1511 3107 1648 3151 minus
1671 3106 1820 3149 mirum
1843 3107 2027 3151 siEucti

259 3162 441 3205 Romani
469 3162 647 3221 Sisyphi
684 3165 880 3220 pollubro
919 3165 1097 3220 (Horat.
1130 3164 1193 3218 Π.
1224 3165 1318 3208 Sat.
1347 3164 1390 3209 3.
1421 3164 1516 3221 21.)
1546 3170 1591 3207 et
1618 3165 1920 3208 Laomedontis
1949 3171 2026 3210 aut

260 3220 397 3263 Didus
425 3221 587 3278 poculis
627 3222 844 3278 (Martial.
872 3223 997 3266 VIII.
1026 3223 1090 3279 6.)
1121 3223 1260 3279 gavisi
1290 3225 1413 3275 sunt,
1457 3223 1532 3265 sed
1559 3220 1626 3265 illi
1653 3223 1909 3277 miserandi,
1949 3223 2024 3281 qui

258 3279 408 3322 harum
447 3278 688 3324 fabularum
726 3282 974 3325 auctoribus
1008 3284 1053 3324 et
1095 3281 1457 3338 subscriptoribus
1495 3281 1591 3339 plus
1629 3282 1902 3325 auctoritatis
1940 3283 2022 3325 tri-

258 3337 416 3390 buunt,
466 3352 592 3395 quam
640 3340 885 3384 certissimis
933 3340 1192 3396 argumentis
1244 3353 1356 3397 quae
1396 3353 1450 3382 ex
1488 3339 1670 3384 historia
1710 3339 2020 3398 geographiae,

258 3396 542 3442 astronomiae
570 3401 891 3457 ceterarumque
919 3398 1074 3455 artium
1102 3398 1326 3444 ducuntur.
