2158 3848
849 232 1342 293 oaPflch..
1840 226 1964 285 725

179 362 461 422 docens
537 361 984 439 theologice
1052 364 1286 434 simul
1354 373 1428 422 et
1483 359 1959 430 naturaliter

178 471 560 522 versatur.
646 459 819 521 Haec
877 462 1082 522 autem
1126 461 1207 521 de
1247 463 1358 523 illo
1391 461 1562 521 libro
1600 467 1959 544 ‘accipienda

174 578 309 621 oese
365 561 564 620 elucet
620 579 696 619 ex
752 562 877 621 alio
939 563 1076 622 loco
1111 559 1198 622 'in
1255 560 1392 623 Xllg
1449 562 1550 622 83.
1596 562 1667 623 b.
1713 565 1956 628 aliter

171 658 755 740 impartibilem
824 664 1210 723 unitatem
1282 663 1842 739 determinant,
1917 686 1956 726 a

173 779 317 839 qua
369 768 548 839 post
599 760 979 839 procedit·
1025 781 1391 824 numerus
1427 765 1671 826 unius
1726 783 1813 823 ex
1855 765 1954 824 l‘a-

172 857 392 918 tebra
436 910 441 913 .
489 871 856 936 aeterna;
961 863 1202 922 aliter
1285 858 1951 939 intelflectualem,

169 978 383 1038 quam
430 971 504 1018 et
545 957 814 1021 Jovem
859 962 1252 1042 appellari
1295 965 1590 1026 volunt.
1639 964 1755 1024 De
1795 961 1954 1045 ³qui-

171 1058 311 1118 bus
366 1058 596 1118 multi
650 1060 957 1139 quidem
1003 1057 1952 1123 veterumdisseruerunt

170 1195 255 1203 —
297 1195 382 1206 -—-
438 1158 520 1218 Si
566 1161 738 1238 quis
775 1178 975 1221 -v-ero
1017 1179 1324 1219 sacrum
1367 1162 1626 1243 ipsum
1665 1162 1950 1239 Pytha-

166 1275 398 1334 gorae
439 1275 868 1319 sermonem
914 1261 1292 1340 consequi
1335 1270 1642 1340 posset,
1689 1262 1949 1324 omnes

163 1355 696 1415 ibiinveniet
750 1358 1073 1419 ordines
1133 1370 1207 1419 et
1262 1363 1650 1421 unitatum
1709 1372 1784 1422 et
1825 1383 1950 1424 nu-

164 1474 547 1515 merorum
593 1455 686 1515 ad
729 1476 1053 1536 unguem
1101 1459 1596 1533 laudatosset
1638 1483 1699 1543 p.
1743 1463 1843 1522 71.
1889 1465 1945 1524 b.

165 1555 647 1633 Pythagoras
690 1559 859 1637 ipse
902 1561 982 1618 in
1026 1579 1244 1619 sacro
1281 1580 1630 1621 sermone
1660 1564 1946 1623 forma-

160 1674 326 1715 rum
370 1663 447 1714 et
489 1655 837 1717 idearum
884 1659 1277 1721 dominum
1324 1681 1492 1721 esse
1543 1682 1944 1724 numerum

161 1757 413 1836 ipsum
459 1755 677 1818 dixit.
722 1758 905 1819 Hunc
936 1780 1088 1821 vero
1123 1763 1348 1845 librum
1383 1759 1700 1841 Orphicae'
1722 1762 1946 1823 doctri-

160 1873 279 1915 nae
317 1875 623 1917 summam
662 1860 972 1929 continere
1016 1872 1149 1920 tum
1189 1871 1402 1920 auctor
1441 1863 1572 1938 ejus
1594 1862 1946 1922 firmissime

161 1955 506 2031 contendit,
563 1967 696 2016 tum
751 1957 889 2016 aliis
945 1977 1310 2037 persuasum
1356 1971 1480 2034 est,
1527 1963 1609 2031 ὥς
1651 1971 1758 2042 τῆς
1803 1969 1946 2026 Πυ-

158 2059 504 2141 θαγορικῆς
585 2059 727 2119 κατ’
798 2060 1082 2140 ἀριθμὸν
1146 2061 1478 2147 θεολογίας
1547 2061 1945 2148 παράδειγμα

161 2155 413 2241 ἐναργὲς
469 2159 658 2220 ἔκειτο
715 2160 1051 2239 ἐνιὈρφεῖ
1102 2158 1323 2219 Jambl.
1377 2161 1417 2219 l.
1475 2180 1523 2219 c.
1577 2180 1637 2240 p.
1683 2161 1826 2221 304.
1871 2162 1944 2221 cf.

165 2255 448 2315 Scheffer.
503 2255 585 2315 de
644 2254 853 2332 Const.
898 2257 1052 2316 Phil.
1096 2258 1238 2318 Hal.
1283 2281 1331 2319 c.
1375 2259 1484 2320 IX.
1530 2257 1631 2319 95.
1718 2261 1945 2338 Pytha-

158 2375 493 2436 goramque
546 2357 752 2436 ipsum
793 2356 955 2416 libro
999 2377 1112 2418 suo
1159 2359 1237 2419 de
1281 2359 1404 2420 diis
1446 2362 1675 2441 scripto
1718 2379 1945 2421 nomen

155 2457 348 2539 ‘lepoo
402 2455 588 2543 λόγου
645 2458 1050 2536 imposuisse,
1111 2461 1196 2531 ὥς
1240 2459 1324 2525 ἂν
1367 2466 1434 2524 ἐκ
1472 2469 1586 2524 τοῦ
1629 2482 1944 2543 μυστικω-

158 2553 353 2618 τάτου
414 2558 865 2639 ἅπηνθιομένῳ
919 2563 1062 2641 παρ’
1116 2563 1338 2644 Ὀρφεῖ
1374 2556 1588 2624 τόπου.
1627 2560 1800 2620 unde
1844 2580 1943 2621 su-

158 2656 387 2735 spicari
440 2656 585 2715 licet
639 2657 942 2717 vocabula
997 2661 1135 2719 ista·
1173 2662 1544 2743 κλᾳὸοῦχος,
1613 2669 1940 2744 Κουρῆτις,

159 2757 546 2837 οὐλομέλεια,
600 2775 728 2815 non
784 2777 859 2816 ex
919 2742 1152 2839 Orphei
1207 2760 1474 2842 quodam
1521 2763 1787 2819 carmine
1831 2760 1942 2820 sed

162 2875 240 2915 ex
290 2857 406 2916 hoc
465 2875 748 2915 sermone
787 2876 962 2918 sacro
1006 2859 1317 2920 Libethris'
1359 2869 1606 2939 accepto
1652 2859 1942 2941 decerpta

163 2973 327 3029 esse,
388 2965 572 3037 atque
625 2958 833 3037 ipsum
887 2958 1134 3033 Ionem,
1196 2979 1383 3039 quum
1441 2960 1672 3020 diceret
1714 2961 1940 3038 Pytha-

162 3073 349 3132 goran
395 3059 527 3121 ἔνια
571 3062 655 3128 εἰς
692 3059 921 3139 Ὀρφέα
958 3061 1327 3145 ἀνενεγκεῖν,
1372 3060 1533 3121 hunc
1567 3061 1939 3139 significasse

163 3156 330 3235 ἱερὸν
401 3154 618 3240 λόγον,
687 3157 900 3236 hisque
969 3159 1178 3219 verbis
1231 3178 1357 3219 non
1409 3160 1567 3220 iliud
1622 3162 1937 3235 declarari,

162 3253 327 3335 quod
396 3254 579 3333 vulgo
635 3266 887 3336 putant,
953 3258 1296 3319 Mnesarchi
1351 3259 1544 3320 filium
1600 3262 1757 3322 libro
1813 3263 1936 3321 cui-

163 3353 304 3415 dam
362 3373 474 3414 suo
519 3355 774 3416 subdole
820 3357 1048 3437 Orphei
1094 3379 1316 3419 nomen
1362 3361 1769 3441 inscripsisse,
1826 3360 1936 3420 sed
