2158 3848
777 230 1233 276 ORPHICA.
1768 218 1894 280 255

117 366 370 427 ciendae
408 359 990 444 praeparanda-'eque
1044 377 1269 419 causae
1310 362 1507 438 gratia
1554 364 1688 438 jam
1742 367 1895 425 satis

116 469 310 528 multa
352 463 516 523 dicta
554 471 727 539 sunt,
771 461 1031 540 propius
1054 461 1434 540 propiusque
1463 459 1545 520 ad
1577 461 1895 543 Orpheum

114 543 316 648 ilisum
359 563 752 634 accedamus,
814 562 1207 641 primumque
1253 563 1568 635 omnium,
1624 581 1748 642 qua
1790 583 1896 623 ae-

113 676 240 725 tate
281 681 506 723 nomen
550 664 684 740 ejus
728 661 1025 721 celebrari
1069 672 1356 743 coeptum
1400 664 1512 735 sit,
1557 680 1672 743 pro
1703 663 1894 723 facul-

110 775 233 824 tate
275 773 484 823 nostra
525 764 984 841 investigemus,

825 1015 995 1078 CAP.
1083 1018 1170 1076 II.

439 1147 567 1206 De
649 1154 986 1207 aetate
1073 1143 1550 1225 Orpheiff}

896 1315 949 1397 ξ.
1042 1316 1095 1375 1.

269 1460 452 1535 Quod
485 1478 842 1539 graecorum
867 1462 1239 1541 scriptorum
1269 1461 1735 1540 antiquissimus
1758 1462 1892 1521 nul-

97 1565 228 1623 lum
283 1562 362 1622 de
407 1561 656 1642 Orpheo
703 1562 963 1623 verbum
1006 1562 1182 1635 fecit,
1238 1561 1306 1621 id
1350 1560 1606 1641 quidam
1638 1563 1738 1621 sie
1781 1581 1891 1622 ex-

98 1683 310 1723 cusare
349 1663 569 1735 solent,
617 1670 686 1721 ut
720 1664 1028 1721 neminem
1064 1662 1460 1722 scribentium
1496 1664 1707 1722 omnia
1731 1682 1891 1743 quae

95 1764 250 1822 sciat
304 1764 369 1821 in
413 1763 604 1822 libros
649 1781 796 1822 suos
839 1763 1068 1821 referre
1113 1763 1339 1822 dicant.
1402 1761 1603 1822 Credo
1646 1763 1716 1823 id
1759 1766 1891 1843 qui-

95 1863 267 1937 dem;
324 1862 435 1922 sed
493 1861 807 1942 quomodo
852 1865 995 1922 sciri
1037 1873 1273 1943 potest,
1308 1872 1548 1922 ⁴notum
1594 1865 1652 1923 ei
1695 1864 1889 1924 fuisse

93 1962 261 2043 quod
304 1963 502 2023 tacet?
545 1963 728 2022 Duae
773 1965 1030 2023 omnino
1075 1973 1221 2023 sunt
1262 1964 1423 2038 viae,
1468 1963 1693 2043 quibus
1740 1962 1890 2044 quid

92 2066 351 2144 quisque
420 2073 703 2126 veterum
771 2066 1021 2126 noverit
1037 2109 1054 2140 ,
1107 2084 1221 2125 nec
1275 2063 1603 2124 tradiderit
1657 2074 1888 2139 autem,

92 2165 374 2225 invenire
418 2182 746 2245 queamus;
789 2166 1027 2244 prima,
1072 2169 1127 2226 si
1171 2165 1318 2246 quid
1361 2166 1458 2224 his
1477 2209 1496 2238 ,
1541 2185 1701 2245 quae
1741 2185 1888 2246 pro-

92 2263 285 2337 didit,
340 2266 431 2324 ita
484 2265 879 2342 conjunctum
937 2276 1001 2325 et
1054 2284 1400 2325 connexum
1460 2275 1582 2339 est,
1636 2275 1735 2339 ut,
1781 2268 1887 2345 qui

90 2364 203 2423 illa
244 2366 510 2438 noverit,
552 2382 632 2422 ne
674 2365 793 2423 hoc
834 2365 1084 2444 quidem
1126 2368 1362 2426 nescire
1398 2366 1628 2446 possit3
1673 2354 1888 2440 altera,

91 2466 146 2523 si
191 2483 375 2545 quam
417 2482 549 2522 rem
594 2483 669 2522 ea
713 2473 946 2539 aetate,
990 2477 1114 2544 qua
1154 2468 1291 2547 ipse
1332 2466 1489 2539 fuit,
1534 2475 1644 2525 aut
1688 2469 1886 2526 omni-

92 2564 206 2623 bus
251 2573 361 2623 aut
402 2572 563 2622 certe
604 2564 914 2644 plerisque
956 2574 1172 2626 notam
1215 2567 1407 2626 fuisse
1455 2575 1715 2627 constat.
1769 2566 1884 2627 At-

0 2688 2 2706 2
88 2666 195 2746 qui
249 2663 328 2723 de
381 2663 644 2724 Homeri
698 2665 1054 2747 aequalibus
1109 2667 1352 2726 nullum
1395 2676 1642 2747 praeter
1683 2669 1884 2748 ipsius

0 2773 3 2799 ²
89 2766 513 2826 testimonium
554 2766 740 2827 valet.
827 2767 992 2845 Ergo
1036 2786 1115 2826 ex
1159 2767 1465 2847 adjunctis
1522 2778 1583 2827 et
1641 2776 1883 2827 antece-

0 2892 2 2898 *
93 2862 375 2925 dentibus
418 2875 482 2925 et
525 2867 1034 2948 consequentibus
1079 2878 1509 2947 argumentum
1555 2867 1740 2927 ducat
1772 2886 1880 2927 ne-

95 2980 259 3023 cesse
312 2977 437 3039 est,
494 2967 549 3025 si
594 2969 730 3046 quis
776 2966 1010 3049 Orphei
1052 2971 1341 3029 notitiam
1384 2968 1666 3028 Homero
1713 2986 1878 3028 asse-

0 3103 1 3108 1
48 3066 54 3076 “
91 3082 226 3122 rere
275 3066 458 3140 velit,
514 3067 631 3126 hoc
674 3075 796 3141 est,
850 3087 936 3129 ex
979 3080 1330 3152 temporum
1371 3069 1623 3129 illorum
1667 3067 1876 3127 condi-

93 3217 144 3262 δὲ
175 3218 442 3270 ἐκτείνοντες
467 3220 548 3277 τὴν
577 3227 881 3282 προςηγορίαν
911 3228 988 3269 καὶ
1016 3225 1070 3269 τὰ
1102 3221 1339 3284 Δημήτρια
1371 3220 1628 3283 καλούμενα
1659 3228 1872 3285 σπέρμα-

91 3292 145 3319 τα
199 3280 602 3337 συγκαταλέγουσι,
665 3279 842 3338 φακοὺς
882 3282 1087 3339 δηλονότι
1129 3287 1206 3327 καὶ
1245 3288 1445 3343 θέρμους
1495 3286 1572 3326 καὶ
1627 3281 1869 3341 λαθύρους,

92 3333 262 3392 ἔλυμόν
287 3350 333 3378 τε
364 3338 440 3379 καὶ
469 3342 660 3396 κέγχρον
690 3342 766 3382 καὶ
795 3344 933 3385 πίσον
962 3345 1224 3399 ἐρεβίνθους
1251 3357 1297 3385 τε
1324 3345 1400 3385 καὶ
1424 3341 1509 3387 ὅσα
1535 3337 1647 3386 ἄλλα
1671 3346 1868 3387 τοιαῦτα.

211 3395 275 3450 [³]
311 3395 434 3437 Haec
463 3409 562 3450 pars
591 3398 771 3454 primum
802 3399 1127 3446 editaJCalend.
1158 3402 1335 3445 Januar.
1368 3401 1720 3444 MDcccxxv.
