2158 3848
226 201 353 260 714
753 213 989 256 mnan
1030 213 1459 256 SECUNDUS.

224 346 387 406 τὲλια
441 349 570 413 τοῖς
599 343 982 428 ὲ’λεγομένοις
1038 342 1343 422 Ὀσίριδος
1409 341 1844 424 διασπασμοῖς·
1866 344 2003 405 «καὶ

225 451 359 514 ’ταῖς
403 443 780 525 ἀναβιώσεσι
824 443 928 504 καὶ
972 442 1457 526 παλιγγενεσίαις
1473 438 1563 523 [Ἶ.
1627 448 1633 459 ’
1850 491 1859 500 .
1910 468 1969 499 ἐν

925 722 1114 784 ΟΑΡ.
1194 723 1301 785 XI.

706 869 1046 950 Ἰεροὶ
1146 866 1502 967 λόγοι.

1013 1038 1068 1119 ξ.
1161 1039 1213 1098 l.

391 1167 807 1245 Theogoniam
878 1183 1076 1244 neque
1133 1163 1415 1226 Clemens
1469 1168 1535 1225 in
1596 1164 2005 1244 Orphicorum

221 1269 517 1329 librorum
587 1284 844 1325 numero
915 1265 1105 1323 refert
1169 1285 1365 1347 neque
1425 1262 1683 1337 SuidaS‚
1741 1262 1851 1323 sed
1907 1263 2007 1321 hic

213 1369 435 1451 Ἱεροὺς
470 1366 693 1452 λόγους
725 1370 792 1427 ἐν
831 1365 1181 1445 ῥαψῳδίαις
1217 1367 1314 1428 κδ.
1350 1373 1808 1436 commemorat,
1853 1380 2005 1441 quos

222 1468 299 1528 ab
370 1467 508 1526 aliis
578 1466 935 1548 Theogneto
994 1466 1345 1542 assignari,
1394 1465 1470 1523 ab
1526 1465 1664 1523 aliis
1719 1460 2005 1541 Cercopi3

222 1566 508 1628 Clemens
532 1567 722 1646 Ἱερὸν
757 1549 963 1649 λόγον,
1006 1583 1043 1622 a
1078 1562 1368 1645 Cercope,
1404 1573 1474 1623 ut
1506 1565 1613 1637 ait,
1646 1563 2007 1641 subjectum,

220 1667 386 1727 unde
452 1667 727 1746 primum
798 1665 1066 1743 suspicio
1136 1667 1360 1737 oritur,
1432 1673 1694 1743 utroque
1748 1680 2005 1722 numero

220 1767 388 1826 idem
434 1785 674 1825 carmen
718 1765 1074 1841 significari,
1143 1764 1366 1823 deinde
1410 1765 1526 1824 hoc
1569 1784 1607 1824 a
1651 1763 2009 1841 Theogonia

220 1867 374 1926 nihil
428 1866 741 1926 diversum
798 1865 1018 1937 fuisse,
1075 1865 1219 1925 licet
1274 1864 1351 1924 de
1395 1874 1656 1924 auctore·
1687 1864 2008 1945 discrepet.

221 1968 381 2029 Nam
426 1967 576 2025 haec
620 1983 880 2044 quoque,
924 1972 995 2023 ut
1037 1982 1226 2044 supra
1270 1963 1671 2037 ostendimus,
1715 1965 1782 2023 in
1824 1964 2008 2042 rhap-

226 2066 436 2127 sodias
482 2065 790 2145 descripta
836 2074 967 2124 erat
999 2074 1071 2150 9¹⁵
1116 2085 1192 2123 ex
1235 2050 1480 2125 octavo¹
1516 2073 1629 2127 τοῦ
1688 2067 1854 2147 ἱεροῦ
1904 2061 2006 2125 λό-

221 2193 338 2253 γου
384 2166 796 2243 Etymologus
854 2166 1029 2224 affert
1085 2183 1191 2223 eos
1235 2183 1482 2237 versuS,
1526 2183 1786 2244 quorum
1833 2183 2007 2242 argu-

224 2276 503 2327 mentum
563 2265 954 2343 Theogoniae
1009 2265 1291 2346 apprime
1345 2266 1635 2325 convenit
1691 2268 1777 2342 (v.
1823 2261 1889 2324 C.
1933 2263 2007 2322 V.

224 2367 279 2447 ξ.
339 2366 479 2446 12.).
568 2366 652 2424 Et
705 2385 780 2424 ex
838 2364 1053 2425 eadem
1113 2367 1245 2425 sine
1274 2365 1488 2425 ‘dubio
1551 2374 1871 2446 excerptus
1917 2374 2010 2424 est

227 2466 460 2547 Orphei
515 2466 685 2524 locus
742 2485 924 2544 quem
986 2464 1270 2526 Clemens
1325 2465 1779 2526 Alexandrinus
1824 2467 2008 2544 signi-

224 2569 473 2626 ficanter
515 2565 632 2627 τὸν
672 2567 868 2635 ὄντως
912 2567 1079 2647 ἱερὸν
1124 2564 1313 2650 λόγον
1353 2569 1636 2626 nominat
1687 2568 1775 2648 (v.
1822 2564 1887 2625 C.
1929 2565 2004 2624 Π.

225 2666 279 2750 ξ.
330 2667 429 2746 1.).
515 2663 728 2744 Neque
786 2684 886 2724 me
940 2674 1157 2724 movet
1213 2667 1517 2724 contraria
1558 2664 1828 2724 Fabricii
1871 2682 2009 2723 sen-

225 2768 450 2840 tentia,
494 2766 599 2845 qui
634 2765 822 2846 Ἶερὸν
867 2763 1054 2851 λόγον
1098 2783 1135 2823 a
1177 2764 1526 2844 Pythagora
1570 2764 1818 2845 Orpheo
1861 2783 2007 2844 sup-

224 2869 499 2947 positum
544 2883 677 2924 esse
720 2873 1005 2925 autumat
1045 2864 1200 2925 Bibl.
1248 2865 1352 2924 Gr.
1393 2865 1462 2925 Τ.
1501 2867 1547 2925 Ι.
1585 2863 1734 2925 785.
1778 2866 2007 2945 quippe

225 2968 396 3028 nullo
466 2975 714 3026 auctore
779 2964 1066 3039 fundata3
1151 2984 1296 3025 nam
1372 2965 1536 3047 quod
1591 2967 1704 3026 Ion
1760 2967 2006 3046 scripsit

329 3148 393 3207 [b]
425 3149 569 3193 Schol.
585 3150 791 3223 Gregor.
821 3150 866 3193 in
897 3151 995 3192 Cat.
1023 3150 1139 3195 nihl.
1163 3151 1289 3194 Bodl.
1314 3166 1365 3223 p.
1396 3150 1469 3195 50.
1497 3151 1647 3223 dicus?
1673 3149 1753 3195 τὸν
1776 3146 2004 3194 Διόνυσον

228 3207 318 3252 ὑπὸ
361 3211 452 3253 τῶν
488 3204 693 3254 Τιτάνων
732 3206 871 3260 οὕτως
899 3210 977 3252 καὶ
1004 3206 1083 3254 τὸν
1101 3204 1275 3267 Ὄσιριν
1304 3208 1393 3254 ὑπὸ
1433 3212 1654 3269 Τυφῶνος
1684 3222 1828 3268 φασιν
1857 3210 2003 3252 ἔσπα-

230 3263 409 3325 ράχθαι.
