2158 3848
179 189 304 248 636
706 198 944 243 LIBER
986 199 1414 243 SECUNDUS.

178 330 800 409 malorumfsrequieS,
825 328 1132 408 ,quoniam
1183 345 1365 387 causa
1408 329 1574 388 latet.
1643 328 1768 389 Sed
1811 331 1955 409 quia

177 416 610 508 nonnunquam
654 429 752 502 fit,-
795 427 904 487 ubi
948 427 1198 486 morbus
1242 430 1488 504 gravius
1532 431 1849 502 exarserit,
1887 438 1956 487 ut

179 528 515 588 abstractus
560 545 599 586 a
642 534 898 606 corpore
941 528 1182 586 animus
1227 525 1453 587 furoris
1499 530 1702 588 afflatu
1761 529 1956 587 occul-

179 638 273 687 tas
304 625 637 686 >insidentis
681 625 829 683 mali
888 642 1099 695 causas
1156 630 1582 704 persentiscat,
1638 630 1778 688 hinc
1821 629 1955 686 Pla-

179 736 246 785 to
289 727 549 785 alterum
595 742 781 801 genus
827 722 1026 784 divini
1059 723 1286 782 furoris
1327 730 1642 787 constituit
1682 747 1756 786 ex
1782 746 1958 807 prae-

179 826 362 902 sagiis
421 824 894 903 aegrotantium:
954 823 1108 885 ἀλλὰ
1162 825 1290 904 μὴν
1342 824 1551 889 νόσων
1595 828 1699 889 καὶ
1742 826 1956 890 πόνων

178 933 308 987 τῶν
365 924 707 1009 μεγίστων,
764 924 802 984 ἃ
864 923 942 1002 δὴ
998 931 1280 987 παλαιῶν
1325 928 1389 987 ἐκ
1431 925 1798 1006 μηνιμάτων
1845 953 1956 988 πο-

179 1024 299 1087 θὲν
357 1026 423 1086 ἔν
475 1044 599 1085 τισι
654 1031 783 1085 τῶν
837 1031 1040 1108 γενῶν
1091 1024 1129 1102 ἡ
1185 1024 1381 1105 μανία
1437 1027 1799 1110 ἐγγενομένη
1856 1026 1961 1087 καὶ

180 1123 681 1206 προφητεύσασα,
727 1123 816 1192 οἷς
861 1123 982 1184 ἔδει
1027 1125 1388 1208 ἀπαλλαγὴν
1419 1126 1639 1206 ἐὕρετο
1683 1150 1960 1207 καταφυ-

179 1231 380 1309 γοῦσα
422 1225 576 1304 πρὸς
619 1221 1021 1302 θεῶνιεύχοίς
1065 1250 1127 1285 τε
1173 1225 1277 1286 καὶ
1321 1226 1636 1307 λατρείας,
1682 1226 1836 1288 ὅθεν
1881 1225 1960 1302 δὴ

181 1329 538 1405 καθαρμῶν
580 1348 643 1383 τε
687 1323 792 1383 καὶ
834 1331 1095 1385 τελετῶν
1137 1333 1413 1403 τυχοῦσα
1457 1324 1674 1404 ἐξάντη
1721 1324 1958 1403 ἐποίησε

180 1425 293 1486 τὸν
352 1426 571 1501 ἑαυτῆς
627 1424 846 1500 ἔχοντα
903 1422 1158 1480 Phaedr.
1215 1444 1274 1502 p.
1321 1424 1464 1483 244.
1508 1426 1581 1484 Ε.
1626 1425 1796 1501 cujus
1836 1424 1961 1482 loci

180 1525 544 1602 interpretes
614 1523 784 1599 sequi
850 1539 974 1579 non
1044 1540 1314 1600 possum.
1433 1523 1646 1582 Astius
1715 1524 1962 1581 nomine

180 1632 310 1686 τῶν
353 1631 555 1708 γενῶν
610 1621 876 1679 familias
932 1621 1341 1681 sacerdotales
1398 1625 1741 1701 significari
1764 1629 1963 1702 putat,

184 1722 391 1801 quales
460 1721 873 1799 Eumolpidae
931 1721 1102 1779 fuere
1160 1732 1267 1781 aut
1323 1722 1738 1798 Arestoridae.
1841 1721 1963 1780 Sed

182 1822 248 1879 hi
317 1840 631 1900 nunquam
699 1821 1111 1899 prophetandi
1181 1833 1243 1880 et
1308 1822 1655 1883 medicandi
1714 1842 1966 1882 munere

183 1922 377 1979 functi
433 1930 606 1992 sunt,
661 1938 858 1997 neque
904 1923 1156 1979 omnino
1201 1924 1344 2008 γένη
1389 1925 1498 1982 illa
1541 1933 1686 1983 sunt
1730 1942 1962 1994 eorum,

186 2023 291 2099 qui
336 2018 788 2097 aegrotantibus
834 2020 1216 2099 opitulantur
1258 2023 1370 2081 sed
1412 2026 1644 2101 aegroti
1687 2025 1808 2103 ipsi
1832 2024 1964 2102 pia-

186 2121 479 2179 cularium
535 2119 853 2177 hominum
909 2124 1174 2198 posteri,
1235 2141 1386 2201 quos
1440 2124 1670 2182 nullius
1725 2124 1965 2202 proprii

187 2220 394 2278 delicti
439 2220 807 2278 conscientia
852 2219 960 2277 sed
1008 2221 1101 2279 vis
1147 2223 1328 2280 tacita
1374 2225 1579 2283 avitae
1602 2242 1802 2283 noxae
1827 2241 1966 2281 exa—

186 2304 352 2398 gitat.
452 2319 624 2378 Haec
691 2328 896 2378 autem
951 2338 1077 2378 non
1131 2339 1342 2381 omnes
1398 2321 1670 2400 ejusdem
1729 2324 1964 2400 generis
2036 2358 2042 2362 -

187 2421 466 2478 homines
512 2420 846 2497 aequaliter
890 2420 1163 2492 affectat,
1207 2421 1315 2479 sed
1358 2421 1548 2480 modo
1592 2425 1964 2494 intermittit,

189 2517 378 2578 modo
445 2517 843 2589 recrudescit,
913 2529 983 2577 ut
1048 2539 1107 2580 v.
1177 2541 1223 2579 c.
1280 2530 1408 2584 τῶν
1458 2522 1796 2604 Ἐριννύων
1849 2531 1962 2585 τοῦ
2050 2526 2054 2529 ’

189 2702 454 2746 926-942,
500 2715 611 2757 quae
653 2701 879 2756 magnifica
920 2703 1130 2757 professio
1173 2705 1369 2759 profecta
1409 2711 1476 2746 est
1513 2719 1540 2746 a
1580 2706 1785 2748 communi
1827 2707 1961 2748 totius

192 2761 463 2817 antiquitatis
503 2759 724 2815 opinione,
764 2760 968 2816 pietatem
999 2765 1043 2802 et
1074 2762 1322 2818 obsequium
1350 2764 1394 2804 in
1425 2770 1624 2820 parentes
1655 2765 1788 2806 omnis
1819 2764 1963 2806 dome-

192 2822 327 2864 sticae
367 2818 666 2876 prosperitatis
695 2818 920 2860 maximum
952 2833 1045 2860 esse
1074 2820 1415 2873 fundamentum,
1459 2837 1689 2879 eorumque
1734 2823 1963 2879 propitiam

193 2879 465 2922 voluntatem
486 2877 671 2933 posteris
698 2876 956 2933 patrimonia
983 2879 1228 2931 fortunare,
1263 2894 1390 2935 agros
1412 2880 1665 2934 fecundare,
1696 2881 1962 2938 liberumque

194 2943 428 2995 proventus
459 2949 642 2991 augere3
684 2935 770 2977 illis
799 2949 927 2987 vero,
971 2936 1045 2991 qui
1073 2937 1262 2980 debitum
1292 2940 1542 2995 parentibus
1572 2941 1772 2982 honorem
1802 2941 1963 2995 violas-

197 3000 318 3047 sent,
358 3001 444 3036 tum
490 2995 536 3035 in
564 2993 728 3049 reliquo
758 2994 875 3035 vitae
906 3008 1033 3036 cursu
1060 2997 1165 3038 nihil
1196 2997 1302 3039 satis
1333 3012 1387 3038 ex
1416 3005 1518 3041 voto
1549 2999 1709 3051 fluere,
1737 3008 1826 3041 tum
1857 3000 1964 3041 edu-

197 3053 360 3097 candae
390 3051 524 3110 pr'olis
555 3066 670 3108 spem
701 3058 928 3109 suppetere
957 3053 1126 3097 nullam.
1171 3056 1296 3097 Plato
1327 3056 1464 3112 Legg.
1494 3057 1571 3099 XI.
1602 3056 1700 3099 931.
1724 3057 1774 3099 Β.
1807 3055 1964 3116 ἀραῖος
2053 3104 2056 3107 ,

195 3109 355 3170 γονεὺς
405 3107 609 3167 ἐκγόνοις
661 3107 720 3159 ὠς
759 3111 905 3160 οὐδεὶς
945 3111 1091 3169 ἕτερος
1131 3108 1280 3162 ἄλλοις
1307 3141 1366 3147 -
1394 3115 1516 3172 μηδέ
1549 3131 1614 3163 τις
1654 3114 1962 3174 ἀτιμαζομένῳ

195 3172 283 3229 μὲν
313 3167 426 3212 θεὸν
456 3164 651 3222 ἐπήκοον
680 3170 730 3212 ἐν
759 3169 912 3226 εὐχαῖς
941 3167 1139 3227 ἡγείσθω
1169 3176 1425 3229 γίγνεσθαι,
1458 3178 1696 3232 τιμωμένῳ
1729 3174 1778 3217 δὲ
1809 3177 1885 3218 καὶ
1915 3175 1965 3218 ἐν

198 3228 349 3285 εὐχαῖς
379 3229 424 3276 ἒς
453 3225 607 3283 ἀγαθὰ
637 3232 730 3276 τοῖς
757 3230 889 3271 παισὶ
917 3232 1283 3287 παρακαλοῦντος
1322 3230 1404 3275 οὐκ
1446 3228 1640 3275 ἀκούειν.
1710 3233 1825 3275 Hinc
1851 3233 1962 3274 idem

143 3320 145 3322 .
200 3287 251 3330 L.
283 3287 336 3329 V.
367 3286 467 3329 729.
498 3285 551 3327 D.
583 3300 702 3338 eum,
733 3287 806 3342 qui
838 3290 1175 3343 consanguineos
1205 3290 1396 3332 officiose
1438 3291 1641 3338 coluerit,
1685 3289 1784 3339 τοὺς
1826 3303 1957 3346 ,γενε-

202 3347 355 3393 θλίους
384 3342 517 3392 θεοὺς
547 3345 756 3402 propitios
787 3346 945 3389 habere
978 3347 1083 3391 dicit
1113 3349 1175 3397 εἰς
1203 3348 1383 3393 παίδων
1413 3345 1603 3407 σποράν.
