2158 3848
284 207 402 269 122
860 219 1096 265 LIBER
1139 222 1442 266 PRIMUS.

274 369 596 436 perperam
638 351 716 411 de
757 351 1205 415 Brumaliorum
1249 353 1545 413 terriculis
1589 351 1836 412 ludicris
1880 356 2030 412 acci-

273 457 384 535 pit.
419 463 422 466 ⁴
483 451 806 526 Quomodo
851 464 1055 514 autem
1110 456 1538 514 Gnosticorum
1583 453 1800 532 aliqui,
1845 471 2031 532 quum

271 554 540 616 novitios
595 552 675 612 ad
717 569 887 613 sacra
930 552 1349 626 admitterent,
1407 571 1650 612 scenam
1694 551 2030 613 adornave-

270 653 422 725 rint,
480 650 646 731 apud
687 651 1006 710 Irenaeum
1047 653 1302 728 legimus
1348 651 1424 710 de
1467 651 1677 710 Marco,
1718 649 1868 709 haee
1910 660 2030 710 tra-

270 749 542 821 dentem,
602 767 755 828 quae
807 748 1116 808 redhibuit
1167 749 1548 828 Epiphanius
1599 750 1668 808 L.
1724 750 1770 807 I.
1813 749 1880 807 T.
1924 750 2029 807 III.

270 850 410 909 223.
455 847 522 906 Β.
566 847 774 909 Petav.
816 849 898 911 τὰ
937 849 1059 933 γὰρ
1091 847 1443 917 Ἀναξιλάου
1486 849 1742 934 παίγνια
1783 857 1858 929 τῇ
1901 856 2031 911 τῶν

266 948 610 1032 λεγομένων
651 946 906 1032 Μάγων
957 947 1307 1032 πανουργία
1352 947 1654 1029 συμμίξας
1696 949 1775 1010 δι’
1820 949 2030 1010 αὐτῶν

266 1044 603 1129 φαντάζων
644 1047 749 1109 καὶ
788 1043 1080 1132 μαγεύων
1120 1048 1265 1116 τοὺς
1308 1048 1584 1128 ὁρῶντας
1627 1052 1709 1116 εἷς
1752 1049 2029 1124 ἔκπληξιν

264 1144 572 1230 ἐμβαλών.
671 1145 806 1206 Has
859 1147 1219 1228 praestigias
1272 1145 1551 1226 pluribus
1603 1145 1808 1206 verbis
1855 1163 2029 1204 exse-

265 1248 469 1327 quitur
509 1244 871 1322 Anonymus
916 1246 993 1306 de
1035 1246 1494 1326 Rebaptismate
1509 1289 1527 1319 ,
1572 1247 1676 1325 qui
1719 1243 2028 1325 Cypriano

262 1346 547 1424 subjungi
598 1346 780 1406 solet:
844 1344 990 1418 Qui
1046 1348 1423 1423 originem
1478 1346 1798 1404 trahunt
1839 1364 1877 1404 a
1922 1345 2028 1403 Si-

259 1464 477 1506 mone
520 1445 735 1522 Mago
772 1482 854 1490 —
888 1445 1280 1523 baptisma
1321 1483 1404 1490 ——
1437 1446 1707 1505 taliter
1763 1443 2028 1503 dicunt

260 1544 687 1622 adsignare,
730 1553 810 1602 ut
855 1561 1072 1622 quam
1111 1563 1280 1606 mox
1309 1547 1388 1603 in
1420 1564 1687 1625 aquam
1722 1532 2025 1603 descen-

260 1643 499 1717 derit,
577 1643 840 1704 statim
906 1661 1136 1722 super
1205 1661 1471 1720 aquam
1534 1627 1734 1722 ignis
1802 1662 2025 1723 appa-

256 1739 530 1823 reat[¹¹].
577 1740 795 1815 Quod
828 1743 892 1801 si
926 1743 1186 1820 aliquo
1220 1741 1393 1800 lusu
1423 1744 1872 1823 perpetrari
1899 1760 2023 1822 po-

254 1852 437 1916 test,
498 1843 702 1903 sicut
767 1827 1294 1901 adfirmantur
1355 1843 1716 1922 plerique
1769 1842 2024 1918 hujus-

252 1941 467 2006 modi
520 1941 737 2000 lusus
795 1939 1171 1999 Anaxilai
1226 1958 1422 2012 esse,
1477 1942 1649 2002 sive
1703 1942 2023 2018 maligni

254 2043 593 2123 spiritus
656 2056 846 2117 opus
915 2048 987 2098 et
1053 2041 1433 2116 magicum
1498 2040 1715 2100 virus
1774 2043 2023 2118 ignom

253 2150 518 2224 potest
559 2141 636 2198 in
678 2156 872 2217 aqua
914 2139 1380 2217 exprimere,
1425 2147 1532 2198 ete.
1576 2159 1636 2218 p.
1682 2138 1824 2198 363.
1881 2138 2022 2197 Bal-

251 2242 373 2300 luz.
414 2238 702 2300 Anaxilai
759 2246 965 2296 autem
1018 2236 1283 2311 ludicra,
1337 2247 1408 2296 ut
1454 2239 1586 2316 jam
1627 2236 1868 2318 pridem
1911 2236 2022 2296 do-

253 2342 378 2400 cuit
420 2338 472 2398 J.
519 2337 783 2414 Scaliger
799 2333 872 2418 [³]
935 2338 1247 2397 simillima
1302 2346 1477 2397 erant
1532 2338 2019 2417 technopaegniis

251 2440 405 2511 illis,
464 2456 617 2516 quae
670 2438 867 2497 nostri
918 2439 1315 2498 ventilatores
1359 2448 1422 2498 et
1462 2439 1670 2518 pilarii
1714 2446 2023 2498 ostentant

252 2534 735 2599 emturientibus.
837 2534 1110 2607 Quorum
1163 2539 1414 2597 artificia
1475 2539 1787 2597 nonnullis
1850 2547 2018 2600 vete-

246 2657 386 2698 rum
429 2634 813 2695 sacerdotum
853 2654 980 2696 non
1019 2637 1227 2715 ignota
1267 2655 1462 2717 neque
1502 2639 1830 2717 inexperta
1869 2638 2018 2696 fuis-

250 2757 345 2811 se,
390 2734 619 2796 indicia
660 2746 803 2796 sunt
844 2738 1019 2798 varia
1060 2737 1430 2818 templorum
1473 2737 1792 2809 miracula,
1837 2737 2016 2796 thura

367 2891 429 2949 [11]
463 2891 578 2942 Quia
619 2892 664 2934 in
703 2891 863 2934 Christi
906 2892 1161 2949 baptismate
1200 2893 1263 2935 sic
1302 2894 1461 2936 factum
1497 2896 1707 2935 narratur.
1738 2907 1779 2934 v.
1810 2892 1927 2934 Gall.
1958 2892 2013 2934 ad

250 2952 403 2995 Justin.
431 2950 547 2993 Dial.
577 2965 613 2992 c.
646 2951 814 3007 Tryph.
845 2966 880 2993 c.
911 2951 980 2994 88.
1010 2949 1109 2993 545.
1140 2952 1197 2994 T.
1226 2952 1262 2994 Ι.

368 3006 429 3065 [i]
462 3009 530 3054 Ad
558 3008 719 3053 Euseb.
749 3024 794 3067 p.
827 3007 924 3052 153.
953 3023 992 3052 a.
1021 3014 1121 3066 post
1150 3024 1274 3067 quem
1301 3009 1538 3060 Heraldus,
1567 3008 1821 3060 Reinesius,
1853 3008 2013 3064 aliique

251 3067 305 3109 de
346 3067 557 3109 Anaxilao
596 3068 808 3110 dixerunt.
850 3069 904 3110 cf.
935 3068 1108 3111 Fabric.
1154 3068 1210 3111 ad
1239 3068 1359 3113 Sext.
1390 3069 1508 3124 Hyp.
1538 3081 1581 3122 p.
1613 3066 1680 3108 14.
1711 3070 1755 3109 et
1782 3065 1940 3123 passim
1966 3066 2012 3108 in

249 3125 365 3167 Bibl.
406 3125 486 3166 Gr.
527 3126 591 3180 (v.
630 3126 802 3168 Harles-
833 3126 890 3171 T.
922 3126 1130 3182 1L829.)
1172 3127 1356 3170 Macarii
1399 3127 1598 3169 Abraxas
1627 3139 1669 3182 p.
1701 3125 1770 3169 87.
1802 3124 2011 3181 Cypriani

249 3184 369 3225 locus
406 3182 491 3224 illis
520 3196 603 3224 non
639 3184 850 3235 innotuit3
889 3185 1213 3228 Beausobrius
1201 3200 1245 3227 111
1274 3186 1384 3229 hanc
1413 3183 1702 3240 quaestionem
1731 3183 1896 3226 omnino
1927 3196 2010 3224 non

251 3240 491 3292 descendit,
536 3254 613 3282 nec
651 3242 695 3283 in
736 3243 996 3298 (Muenteri)
1039 3244 1150 3293 libro
1181 3243 1438 3287 Versuch
1480 3243 1622 3285 iiber
1650 3242 1742 3284 die
1770 3239 2009 3284 kirchli-

253 3300 387 3341 chen
416 3299 681 3342 Alterthu
698 3314 811 3343 mer
839 3301 938 3345 der
966 3302 1288 3346 Gnostiker.
1350 3301 1562 3359 Anspach.
1596 3301 1719 3345 1790.
1749 3299 1804 3342 de
1834 3299 2007 3342 Mar-co

252 3358 406 3400 siorum
435 3357 599 3399 artibus
626 3372 760 3402 sermo
789 3366 868 3402 est.
