2176 3886
797 191 1375 235 ELEnslNIA.
1906 181 1984 243 19

198 329 267 390 Τ.
310 331 356 388 1¹.
398 346 459 407 p.
505 320 648 385 277.
705 331 888 404 quem
942 339 1069 382 non
1111 324 1423 396 nominat,
1470 323 1832 386 Sancrucius
1876 343 1985 386 au-

195 440 321 489 tem
383 424 776 505 Spanhemio
805 421 1069 483 credidit
1111 421 1192 483 ad
1238 420 1479 482 Callim.
1525 422 1607 482 H.
1650 425 1717 482 in
1759 425 1880 506 Ap.
1923 445 1984 488 v.

194 520 251 588 2.
291 526 395 588 vel
431 525 738 585 salmasio
780 522 948 583 idem
994 522 1324 583 affirmanti
1358 524 1423 582 in
1457 522 1759 583 Exercitt.
1794 525 1986 586 Solin.

189 632 250 708 p.
293 624 438 686 752.
483 625 588 705 qui
631 626 693 684 si·
729 638 873 684 rem·-
904 624 1158 684 intentis
1205 624 1399 683 oculis
1447 624 1850 705 contemplati
1895 643 1988 685 es-

190 730 354 800 sent,
420 727 666 785 Isaeum
732 723 809 784 de
866 723 1121 784 Philoct.
1189 723 1340 783 Her.
1409 743 1471 805 p.
1533 724 1674 784 148.
1729 742 1855 783 non
1911 724 1988 784 de

187 827 523 887 Eleusiniis
566 826 739 906 loqui
781 823 893 885 sed
938 825 1015 885 de
1050 825 1562 906 Thesmophoriis
1598 823 1988 886 animadver-

188 928 422 987 tissent.
511 925 718 1000 Quum
761 942 946 987 sacra·
979 926 1230 1011 publica
1274 925 1435 1009 (ἱεροὶ
1483 924 1815 1007 δημοτελῆ)
1861 943 1988 984 ser-

187 1028 287 1087 vis
341 1025 515 1087 adire
568 1029 810 1087 licuerit
866 1009 1218 1105 [Demosth.
1277 1046 1324 1085 e.
1380 1023 1598 1085 Neaer.
1655 1043 1716 1104 p.
1768 1020 1982 1103 1374]

189 1126 478 1207 equidem
518 1142 661 1187 non·
686 1144 803 1207 pro
850 1136 1016 1186 certo
1051 1126 1290 1205 negabo
1324 1125 1562 1188 civibus
1587 1123 1811 1183 Atticis
1849 1144 1990 1205 per-

184 1229 444 1287 missum
497 1228 690 1287 fuisse
734 1236 807 1287 ut
849 1244 1174 1288 servorum
1221 1243 1474 1286 suorum
1523 1236 1708 1306 quem
1753 1225 1989 1286 vellent

183 1328 252 1387 in
304 1327 609 1408 templum
666 1327 1058 1388 Eleusinium
1113 1325 1607 1400 introducerent3
1664 1324 1852 1405 idque
1909 1324 1988 1384 de

183 1437 319 1486 suo*
365 1426 624 1488 domino
690 1428 1052 1509 praedicare
1119 1426 1372 1490 videtur
1427 1426 1690 1490 vernula
1744 1425 1988 1486 Atticus

183 1526 353 1608 apud
398 1528 814 1610 Theophilum

392 1640 729 1712 τὸντρσφὲᾱ,
767 1638 859 1692 τὸν
881 1644 1121 1709 σωτῆρα,
1162 1639 1224 1691 δι’
1256 1639 1315 1692 ὃν
1341 1636 1478 1692 εἶδον
1500 1636 1694 1707 νόμους

396 1725 637 1794 ἓλληνας,
673 1725 876 1792 ἔμαθον
899 1722 1176 1796 γράμματ’,
1218 1722 1458 1794 ἕμυήθην
1481 1728 1644 1783 θεοῖς·

180 1829 245 1885 in
292 1826 493 1885 Schol.
538 1826 622 1886 ad
664 1827 852 1885 Dion.
900 1826 1177 1884 Gramm.
1220 1845 1281 1904 p.
1328 1826 1473 1884 724.
1560 1822 1793 1884 Verum
1836 1825 1987 1884 haec

181 1928 526 1987 omittimus
581 1935 653 1986 ut
708 1924 998 2004 ambigua
1042 1935 1105 1985 et
1146 1927 1212 1984 in
1256 1935 1540 1985 neutram
1586 1933 1832 2004 partem
1876 1944 1987 1987 va-

177 2027 381 2088 litura.
470 2025 598 2087 Sed
652 2024 730 2086 de
776 2024 1009 2086 Juliani
1054 2026 1412 2085 testimonio
1459 2025 1659 2084 multa
1702 2026 1770 2084 in
1813 2044 1986 2085 men-

178 2136 303 2187 tem
367 2128 657 2202 veniunt,
728 2144 887 2208 quae
941 2125 1131 2184 fidem
1189 2127 1321 2204 eJ‘us
1378 2144 1754 2204 magnopere
1812 2126 1982 2186 labe-

177 2228 421 2287 factent.
465 2228 742 2286 Primum
775 2226 1076 2304 Diogenis
1119 2241 1488 2306 responsum
1532 2225 1810 2285 referunt
1843 2227 1985 2286 Plu-

178 2326 422 2387 tarchus
478 2346 720 2408 quoque
777 2326 855 2386 de
898 2325 1061 2386 Aud.
1110 2327 1279 2385 Poet.
1325 2325 1421 2384 lV.
1466 2346 1527 2406 p.
1579 2325 1675 2384 18.
1723 2336 1784 2384 et
1826 2327 1983 2385 Dio-

176 2444 360 2507 genes
414 2427 698 2488 Laertius
756 2427 859 2489 VI.
903 2428 1005 2487 39.
1052 2443 1314 2506 quorum
1359 2435 1615 2505 uterque
1659 2409 1983 2486 Eleusinia

175 2530 514 2607 significare
567 2526 849 2602 videtur,
903 2529 1213 2602 rationem
1268 2535 1507 2599 autem,
1566 2546 1671 2585 cur
1714 2525 1822 2586 ille
1864 2528 1982 2586 ini-

175 2630 320 2688 tiari
360 2630 661 2703 noluerit,
705 2629 938 2688 nullam
984 2629 1282 2701 afferunt,
1326 2635 1573 2708 praeter
1617 2645 1800 2706 quam
1844 2628 1982 2707 ipse

172 2729 551 2810 planissimis
606 2729 815 2791 verbis
870 2728 1120 2789 indicat.
1225 2729 1441 2809 anue
1486 2738 1618 2787 tam
1662 2729 1870 2805 gravis
1917 2737 1979 2786 et

173 2839 388 2911 aperta
431 2839 554 2904 est,
598 2839 668 2890 ut
709 2831 1221 2912 interpretatione
1264 2848 1391 2888 non
1438 2837 1629 2906 egeat.
1690 2825 1976 2886 Secundo

173 2948 297 2991 non
340 2940 549 3012 potest
590 2933 775 3005 sumi,
818 2930 1248 3005 Athenienses,
1296 2929 1582 3009 quamvis
1622 2925 1975 3005 largiendae

178 3031 447 3092 civitatis
514 3031 808 3114 prodigos
838 3027 948 3113 [f]‚
1015 3051 1210 3112 usque
1283 3049 1356 3089 eo
1426 3029 1832 3108 processisse,
1907 3025 1978 3086 ut

178 3148 387 3191 omnes
440 3132 615 3207 illos,
673 3135 777 3214 qui
835 3134 1168 3214 quotannis
1229 3151 1264 3191 e
1324 3137 1540 3189 cuncta
1585 3127 1848 3187 Graecia
1893 3126 1975 3186 ad

294 3282 355 3342 [f]
388 3301 429 3329 v.
458 3288 617 3333 Jacobs
647 3290 703 3333 ad
735 3289 908 3333 Anthol.
940 3290 998 3333 T.
1029 3290 1108 3333 IV.
1140 3305 1182 3346 p.
1216 3288 1312 3332 132.
1360 3285 1636 3329 Saintecroix
1668 3298 1743 3327 sur
1772 3284 1836 3326 les
1876 3282 1973 3326 Me-

175 3348 352 3401 tOeques
382 3358 426 3402 ρ.
457 3345 556 3390 268.
587 3349 631 3391 in
662 3348 792 3392 Mem.
824 3349 958 3393 Acad.
990 3349 1193 3405 Inscript.
1226 3347 1282 3389 T.
1317 3344 1526 3388 XLVIII.

1508 3419 1630 3478 2*
