2158 3848
179 193 304 253 390
706 203 941 248 mesu
985 199 1412 245 SECUNDUS.

181 334 536 394 demannus.
619 331 776 393 Nam
822 329 984 410 quod
1027 333 1092 390 in
1133 331 1309 408 Legg.
1344 329 1504 388 VIII.
1547 329 1690 389 849.
1724 329 1796 388 Ε.
1841 347 1945 389 ve-

183 442 276 492 tat
316 431 402 514 μή
443 457 584 497 τινα
625 439 862 514 τολμᾷν
906 431 1082 512 ᾄδειν
1126 429 1426 512 ἀδόκιμον
1469 437 1748 512 μοῦσαν,
1791 429 1943 511 μηδ’

186 532 270 597 ἂν
310 531 585 612 ἡδίων-’ᾗ
636 540 757 594 τῶν
806 528 1100 611 Θαμύρου
1143 554 1207 591 τε
1251 531 1355 592 καὶ
1391 529 1664 612 Ὀρφέως
1706 527 1947 610 ὕμνων,

183 633 572 691 manifestum
629 639 750 702 est,
817 629 968 687 haec
1019 630 1269 688 nomina
1322 629 1619 688 duntaxat
1675 628 1953 707 exempli

185 750 368 790 causa
413 730 616 788 afferri
672 745 1000 807 eorumque
1055 728 1190 786 loco
1246 731 1429 788 etiam
1476 729 1758 788 Sirenum
1815 745 1953 786 can-

184 839 281 888 tus
326 830 610 908 usurpari
652 830 944 908 potuisse.
1018 826 1142 886 Sed
1184 828 1396 887 multis
1422 828 1596 888 annis
1633 837 1776 907 post
1798 828 1955 887 Pau-

185 931 387 988 sanias
446 929 677 1008 Orphei
730 929 993 1005 hymnos
1063 936 1125 985 et
1181 927 1328 1004 legit
1390 936 1450 985 et
1503 926 1794 1006 probavit
1844 925 1955 986 IX.

187 1027 286 1087 30.
332 1026 388 1088 5.
447 1030 607 1099 ὅςτις
651 1028 790 1110 περὶ
832 1025 1125 1107 ποιήσεως
1170 1024 1795 1111 ἐπολυπραγμόνησεν
1835 1026 1954 1106 ἤδη

186 1129 332 1198 τοὺς
370 1130 651 1212 Ὀρφέως
693 1128 932 1210 ὕμνους
976 1129 1146 1191 οἶδεν
1189 1130 1376 1197 ὄντας
1419 1124 1684 1190 ἕκαστόν-
1734 1151 1799 1188 τε
1843 1127 1959 1188 αὗ-

185 1234 315 1292 τιῢν
333 1229 406 1307 [¹²]
473 1229 582 1291 ἐπὶΙ
622 1226 1052 1310 βραχύτατον,
1125 1228 1229 1291 καὶ
1279 1227 1351 1290 τὸ
1420 1225 1676 1308 σύμπαν
1730 1227 1843 1289 οὐκ
1901 1229 1960 1296 ἐς

188 1328 469 1410 ἀριθμὸν
512 1328 710 1391 πολὺν
752 1329 1211 1409 πεποιηιιιένους·
1257 1327 1633 1409 Λυκομῆδαι
1676 1324 1745 1387 δέ
1789 1325 1961 1388 ’ίσασί

186 1452 251 1488 τε
308 1427 413 1489 καὶ
471 1426 767 1508 ἐπᾴδουσι
821 1433 950 1496 τοῖς
976 1483 980 1487 .
1007 1427 1374 1508 δρωμένοις·
1443 1425 1658 1508 κόσμῳ
1710 1424 1827 1507 μὲν
1881 1425 1960 1505 δὴ

188 1534 319 1589 τῶν
362 1531 526 1590 ἐπῶν
569 1528 881 1610 δευτερεῖα
926 1524 1008 1588 ἂν
1053 1528 1338 1608 φέροιντο
1386 1526 1542 1609 μετὰ
1578 1522 1850 1606 Ὁμήρου
1893 1549 1963 1609 γε

189 1626 335 1695 τοὺς
376 1626 644 1709 ὕμνους,
702 1633 879 1709 τιμῆς
922 1624 992 1686 δέ
1035 1629 1101 1687 ἐκ
1142 1636 1255 1689 τοῦ
1297 1627 1480 1690 θείου
1534 1625 1639 1687 καὶ
1681 1627 1740 1694 ἐς
1781 1625 1966 1688 πλέον

192 1725 443 1789 ἐκείνων
512 1728 735 1805 ἔχουσι.
836 1726 920 1784 Et
987 1747 1034 1785 c.
1092 1728 1192 1786 27.
1259 1728 1316 1788 2.
1382 1727 1640 1805 Ὠλῆνος
1704 1724 2003 1806 ὕστερον,

194 1823 489 1907 Πάμφως
530 1850 594 1887 τε
639 1827 747 1904 ἔπη
791 1826 897 1887 καὶ
931 1826 1196 1909 Ὀρφεὺς
1238 1826 1558 1906 ἐποίησαν·
1604 1824 1712 1888 καί
1753 1845 1969 1907 σφισιν

196 1926 567 2007 ἀμφοτέροις
621 1925 993 2007 πεποιημένα
1049 1925 1215 1988 ἐστὶν
1271 1931 1330 1995 ἐς
1372 1929 1645 2007 Ἔρωτα,
1710 1929 1816 1989 ἴνα
1872 1927 1969 1988 ἐπὶ

194 2031 323 2094 τοῖς
366 2024 704 2106 δρωμένοις
743 2023 1104 2105 Λυκομίδαι
1145 2025 1250 2086 καὶ
1291 2034 1491 2087 ταῦτα
1536 2025 1800 2106 ᾄδωσιν·
1848 2026 1968 2111 ἐγώ

195 2123 264 2186 δὲ·
309 2121 675 2204 ἐπελεξάμην
719 2124 907 2206 ἀνδρὶ
950 2127 1009 2193 ἐς
1053 2122 1272 2209 λόγους
1316 2124 1525 2188 ἐλθών
1578 2125 1971 2206 δᾳδουχοῦν-

195 2248 287 2296 τι,
356 2223 461 2285 καὶ
511 2223 812 2306 τῶνἋμέν
879 2227 954 2287 οὗ
1021 2223 1235 2307 πρόσω
1303 2223 1638 2307 ποιήσομαι
1700 2223 1969 2307 μνήμην.

198 2322 569 2401 eosdemque
610 2322 994 2398 Lycomedas
1038 2326 1172 2385 sive
1215 2323 1586 2401 Lycomidas
1600 2321 1676 2405 [b]
1731 2324 1974 2384 Musaei

197 2423 427 2499 hymno
470 2423 537 2480 in
567 2419 853 2482 Cererem
895 2426 989 2483 uti
1030 2423 1232 2483 refert.
1318 2424 1659 2484 Pausaniae
1703 2421 1974 2484 commo-

198 2520 453 2580 dissime
495 2520 895 2599 subjungetur
937 2518 1276 2582 Menander
1331 2523 1409 2581 de
1453 2525 1707 2586 Encom.
1751 2525 1827 2583 ΙΙ.
1873 2524 1972 2584 30.

205 2620 456 2702 φυσικοὶ
497 2620 713 2702 ὕμνοι,
755 2622 847 2691 τίς
887 2623 925 2701 ἡ
970 2630 1082 2684 τοῦ
1119 2621 1494 2692 Ἀπόλλωνος
1539 2622 1756 2706 φύσις,
1799 2623 1893 2692 τίς
1933 2623 1973 2702 ἥ

203 2728 314 2782 τοῦ
359 2719 540 2792 Διὸς,
584 2719 1100 2803 παρατιθέμενοι·
1149 2722 1254 2784 καὶ
1298 2725 1358 2785 οἱ
1399 2723 1611 2785 πολλοὶ
1651 2729 1782 2786 τῶν
1818 2725 1974 2805 Ὄρ-

206 2821 366 2902 φέως
416 2817 642 2883 τούτου
697 2827 811 2884 τοῦ
867 2819 1131 2902 τρόπου·
1201 2821 1279 2880 de
1320 2839 1439 2901 quo
1495 2841 1712 2900 genere
1765 2840 1974 2882 rursus

207 2919 499 2979 admonet
552 2938 599 2978 c.
643 2918 715 2978 V.
769 2919 872 2980 41.
915 2919 1242 3004 ’ἐπιτηρεῖν
1297 2921 1366 2984 δέ
1414 2922 1536 3004 χρὴ
1590 2922 1695 2984 καὶ
1746 2922 1831 3004 μὴ
1892 2929 1977 2994 εἰς

206 3021 318 3083 τὸν
361 3020 556 3083 πολὺν
609 3020 795 3100 ὄχλον
846 3021 952 3083 καὶ
1004 3014 1208 3103 δῆμον
1264 3023 1540 3105 ἐκφέρειν
1579 3021 1724 3090 τοὺς
1767 3021 1975 3085 τοιού*

207 3143 352 3188 τους
395 3120 659 3199 ὕμνους·
721 3118 1180 3204 ἀπιθανώτεροι
1223 3122 1345 3208 γὰρ
1388 3123 1493 3184 καὶ
1535 3130 1975 3207 καταγελαστι-
2040 3127 2042 3131 ’

325 3231 389 3287 [a]
421 3231 625 3274 Fortasse
663 3232 930 3277 scribendum
968 3232 1070 3284 τοὺς
1101 3233 1301 3294 Ὀρφέως
1335 3232 1505 3293 ὕμνους
1547 3228 1643 3278 οἶδε
1658 3268 1670 3290 ,
1711 3232 1901 3279 ἕκαστόν
1927 3246 1975 3276 τε

212 3295 292 3333 etc.
324 3303 512 3332 omnes
541 3290 822 3346 singulos.
1818 3307 1821 3309 ·

330 3346 385 3403 [b]
420 3362 461 3390 v.
494 3347 701 3404 Epimetr.
735 3350 768 3392 1.
