2158 3848
272 169 394 232 158
859 177 1096 223 LIBER
1141 178 1450 224 PRIMUS.

267 322 450 379 τοῦτο
496 311 566 376 δὲ
610 314 796 384 ἔστιν,
840 312 936 374 ὅτι
968 311 1110 395 τρία
1142 312 1378 398 γίνεται
1414 315 1475 381 ἐξ
1509 312 1718 389 αὐτῆς,
1760 311 1831 374 τὸ
1869 312 2042 374 ἐὐλο-

267 415 553 502 γίζεσθαι
579 414 681 492 [8],
739 412 809 474 τὸ
856 412 1047 498 λέγειν
1092 421 1292 482 καλῶς
1334 411 1438 473 καὶ
1478 410 1550 473 τὸ
1597 411 1809 492 ὀρθῶς
1851 408 2042 493 πράτ-

267 534 411 580 τειν’
457 515 622 589 sive,
668 520 736 570 ut
779 510 1053 595 Tzetzes
1081 509 1162 569 ad
1203 510 1350 587 Lyc.
1395 509 1536 571 519.
1581 510 1675 573 ὅτι
1715 509 1874 573 κατὰ
1915 514 2045 589 Δη-

267 615 564 699 μόκριτον
615 610 759 692 τρία
814 618 1015 672 ταῦτα
1064 609 1414 690 χαρίζεται,
1459 608 1781 694 βουλεύειν
1822 619 2044 684 καλῶς,

266 716 500 799 κρίνειν
543 712 756 791 ὀρθῶς
766 754 788 781 ,
832 707 1126 791 πράττειν
1167 708 1419 781 δικαίως
1437 705 1523 792 [Ἴ.
1570 709 1807 783 Quibus
1853 711 2047 770 omni-

266 817 382 876 bus
448 810 780 881 evincitur,
846 807 1004 866 hanc
1059 809 1516 868 commentandi
1566 811 1868 869 rationem
1922 811 2050 889 pri-

266 932 438 974 mum
482 908 833 970 Homericis
878 907 1248 967 carminibus
1293 907 1663 982 adhibitam,
1707 909 1930 969 deinde
1975 928 2049 968 eo

267 1012 524 1075 consilio
570 1019 916 1091 susceptam
963 1027 1095 1068 esse
1138 1018 1207 1068 ut
1250 1007 1451 1070 divini
1492 1017 1715 1088 poetae
1759 1008 1923 1069 dicta
1970 1008 2053 1069 ad

267 1114 600 1176 utilitatem
652 1110 987 1188 legentium
1042 1118 1104 1168 et
1158 1108 1239 1169 ad
1294 1109 1523 1190 pulcri,
1591 1109 1756 1182 veri,
1809 1109 2054 1169 honesti

268 1221 599 1295 praecepta
640 1229 678 1271 a
717 1209 1105 1290 philosophis
1150 1208 1376 1268 tradita
1419 1208 1869 1270 accommodari
1909 1227 2054 1291 pos-

268 1325 424 1376 sent.
521 1313 736 1391 quue
790 1311 1046 1371 artificio
1100 1311 1295 1370 nostri
1339 1310 1537 1369 etiam-
1571 1308 1925 1371 Homiletae
1969 1327 2053 1369 ex

269 1414 491 1476 iisdem
559 1431 771 1472 sacrae
841 1413 1179 1491 scripturae
1244 1410 1395 1469 locis
1451 1410 1606 1469 alias
1662 1419 1846 1491 atque
1899 1409 2053 1470 alias

269 1514 603 1576 sententias
658 1513 824 1584 sive,
871 1520 942 1569 ut
978 1512 1233 1590 proprio
1276 1511 1528 1571 nomine
1570 1519 1738 1585 utar,
1781 1510 2055 1591 applica-

270 1617 470 1675 tiones
516 1613 735 1671 elicere
778 1611 997 1683 solent,
1042 1609 1124 1669 ad
1167 1608 1510 1670 docendiun
1554 1610 1810 1690 perinde
1854 1611 2056 1683 utiles,

261 1714 385 1777 sed
438 1731 588 1794 quas
643 1711 722 1771 ab
778 1710 1128 1772 auctoribus
1171 1712 1325 1790 ipsis
1371 1711 1738 1789 cogitatione
1782 1729 2056 1791 compre-

268 1818 492 1877 hensas
532 1813 724 1872 fuisse
763 1810 932 1871 haud
966 1811 1177 1888 jurare
1221 1810 1490 1871 audeant
1514 1806 1611 1892 [¹¹].
1697 1809 1910 1891 Neque
1951 1829 2058 1873 ve-

271 1927 434 1977 teres
491 1913 916 1991 allegoriarum
973 1921 1253 1971 auctores
1310 1912 1444 1971 veri
1496 1912 1840 1990 periculum
1881 1913 1950 1971 in
1991 1929 2058 1972 se

271 2017 576 2097 recepisse
619 2014 889 2093 primum
931 2012 1127 2092 ipsius
1172 2008 1434 2082 Juliani,
1490 2011 1763 2090 graphici
1817 2020 2058 2090 arguta-

394 2186 456 2241 [e]
488 2183 655 2226 Eodem
683 2182 792 2226 vitio
822 2182 995 2224 laborat
1026 2182 1183 2226 Suidas
1212 2196 1246 2223 s.
1287 2177 1590 2240 Δημόκριτος,
1633 2179 1709 2222 sed
1751 2180 2059 2238 Moschopulus

275 2248 388 2296 Λεξ.
418 2248 528 2287 Αττ.
561 2257 597 2286 S.
629 2242 670 2284 h.
702 2256 743 2284 v.
773 2246 891 2283 recte
916 2232 966 2284 εὖ
994 2242 1266 2298 λογίζεσθαι.

397 2320 458 2379 [ἵ]
493 2323 563 2365 cf.
594 2319 745 2369 Orion.
775 2321 921 2376 Etym.
948 2334 994 2377 p.
1028 2317 1124 2362 153.
1149 2318 1300 2362 schol.
1330 2319 1437 2361 Ven.
1471 2321 1523 2363 Θ.
1553 2316 1623 2361 39.
1666 2317 1744 2362 sed
1771 2318 1957 2376 priorem
1984 2332 2058 2362 ra-

275 2383 434 2426 tionem
476 2382 699 2424 confirmat
735 2379 976 2436 Xenophon
1016 2378 1182 2435 Cyneg.
1214 2378 1271 2420 II.
1306 2380 1343 2421 1.
1376 2378 1450 2434 qui
1478 2377 1719 2420 venationis
1750 2378 1971 2422 commoda
2000 2377 2056 2420 ad

277 2442 519 2484 universam
561 2439 776 2483 παιδείαν
813 2440 1029 2490 referens,
1061 2439 1190 2493 hujus
1218 2443 1308 2479 tres
1336 2437 1446 2479 facit
1474 2441 1644 2493 panes:
1675 2434 1725 2480 τὸ
1757 2437 1904 2486 καλῶς
1933 2441 2057 2480 νοεῖν

278 2502 355 2544 καὶ
385 2501 535 2556 λέγειν
565 2500 642 2540 καὶ
663 2493 906 2556 πράττειν,
940 2510 1064 2552 quam
1093 2495 1318 2538 formulam
1346 2496 1391 2539 in
1421 2495 1667 2551 quotidiano
1688 2509 1865 2595 ssuoque
1893 2509 1973 2538 usu
2000 2495 2058 2536 de

277 2559 408 2600 rebus
439 2556 574 2598 sacris
605 2556 881 2612 profanisque
910 2555 1101 2610 viguisse
1132 2560 1314 2610 apparet
1343 2568 1398 2595 ex
1430 2553 1658 2595 Menandri
1728 2568 1863 2610 ragm.
1894 2569 1935 2610 p.
1955 2553 2056 2596 168.

278 2621 324 2660 et
353 2616 517 2660 duobus
548 2615 644 2658 aliis
674 2614 971 2671 Xenophontis
997 2613 1121 2666 locis,
1153 2627 1180 2654 a
1210 2612 1428 2655 Meinekio
1463 2612 1712 2668 desi-gnatis.
1743 2613 1866 2655 Adde
1887 2612 2056 2656 Philon.

279 2676 334 2718 de
364 2675 507 2716 Somn.
537 2688 580 2730 p.
614 2671 740 2715 1133.
771 2674 823 2715 A.
864 2669 1071 2730 τάγαθὸν
1112 2675 1383 2730 συμπέφυκε
1422 2672 1540 2730 τρισὶ
1569 2675 1660 2718 τοῖς
1689 2666 2059 2727 ἀναγκαιοτάτοις
2099 2667 2102 2670 ⁴

278 2738 459 2794 μέρεσι,
504 2731 694 2791 καρδίᾳ,
737 2727 952 2789 στόματι,
989 2733 1158 2789 χερσὶ,
1190 2728 1239 2774 τὸ
1273 2729 1312 2772 δ’
1347 2731 1441 2774 ἔστι
1469 2729 1678 2784 διανοίᾳ,
1710 2724 1855 2786 λόγῳ,
1886 2725 2058 2788 πράξε-
2113 2759 2116 2762 -

279 2806 383 2848 σιν,
426 2790 582 2846 ἐπειδὴ
619 2789 675 2834 τὰ
715 2788 830 2834 καλὰ
873 2792 950 2833 καὶ
991 2794 1182 2847 φρονεῖν
1225 2791 1301 2832 καὶ
1330 2790 1477 2846 λέγειν
1507 2789 1584 2831 καὶ
1611 2792 1760 2830 ποιεῖν
1790 2787 2056 2845 ἀναγκαῖον.

277 2851 489 2895 Proculus
528 2850 574 2892 in
615 2849 736 2892 Crat.
775 2864 816 2906 p.
858 2844 929 2890 48.
971 2845 1082 2890 κατὰ
1118 2844 1282 2903 ταύτην
1320 2851 1397 2890 καὶ
1437 2843 1696 2904 πράττομεν
1734 2844 1883 2904 ὀρθῶς
1910 2844 2057 2890 πολλὰ

280 2912 358 2954 καὶ
412 2905 808 2967 ἀναφθεγγόμεθα
860 2902 1081 2963 εὐστόχως
1121 2908 1198 2950 καὶ
1236 2909 1433 2965 νοοῦμεν
1476 2901 1717 2960 ἐπιβάλως,
1773 2899 1872 2948 οἷον
1913 2901 2060 2964 φάρος
2102 2927 2108 2933 ·

279 2973 435 3028 μέντοι
474 2967 656 3026 πρῶτον
697 2968 942 3011 ἑπέπνευεν
982 2969 1103 3023 μέγα
1134 2966 1326 3025 δαίμων.
1390 2965 1499 3016 Quis
1539 2972 1623 3005 non
1662 2963 1860 3018 agnoscit
1898 2963 2057 3006 Home-

278 3028 414 3128 gicum
442 3041 612 3070 versum
642 3026 726 3069 od.
757 3025 875 3069 XIX.
908 3023 1004 3068 138.
1035 3027 1183 3085 φᾶρος
1209 3028 1297 3083 μέν
1324 3039 1406 3082 μοι
1430 3025 1611 3080 πρῶτον
1649 3022 1890 3067 ἐνέπνευσε
1921 3023 2058 3080 φρεσὶ

312 3089 473 3144 αίμων.

399 3161 462 3220 [ff]
494 3163 735 3206 Hildebert.
775 3163 859 3219 Ep.
902 3161 997 3204 XV.
1027 3175 1070 3217 p.
1103 3160 1200 3203 182.
1232 3161 1287 3203 Τ.
1318 3161 1440 3204 ΧΙΙΙ.
1479 3160 1607 3216 Bign.
1638 3160 1783 3202 licet
1811 3158 2056 3215 undique

282 3222 583 3281 proficere
613 3237 676 3266 ac
705 3223 940 3273 docere3
971 3220 1163 3263 omnia
1194 3221 1316 3262 fere
1355 3219 1634 3275 mysticos
1674 3219 1942 3261 afferunt
1980 3217 2055 3258 in-

282 3281 662 3383 ξιίὶῃὶεζέἑιῗθὲιὺ
699 3280 876 3324 facile
919 3284 1003 3322 est
1042 3293 1104 3321 ex
1146 3279 1418 3335 qualibet
1458 3292 1516 3320 re
1555 3291 1760 3321 morum
1789 3277 2056 3332 figurare
