2158 3848
230 216 314 276 82
822 221 1062 267 LIBER
1106 222 1414 267 PRIMUS.

231 357 424 416 siniae
481 349 820 423 daduchiae
886 355 1214 433 imaginem
1242 422 1245 425 ,
1282 352 1566 435 praebuit
1579 395 1596 425 ,
1662 353 2010 412 existimare

229 471 557 535 possumus
570 496 586 526 ‚
625 477 635 501 ι
646 462 874 532 quanta
928 454 1339 514 multitudinis
1391 451 1735 529 indignatio
1750 497 1768 527 ,
1823 472 2011 533 quan-

231 565 330 615 tus
401 554 699 614 tumultus
766 565 1012 613 exortus
1068 554 1255 613 fuerit
1268 595 1284 625 ‚
1350 547 1539 631 quum
1596 556 2013 614 sanctissimas

231 655 595 716 cerimonias
638 654 986 712 imitatione
1030 655 1270 712 scenica
1313 652 1629 731 profanari
1663 653 1906 715 videret
1921 650 2010 736 [¹].

230 753 333 814 Sic
375 753 453 815 de
495 754 621 811 suis
666 761 833 832 temp
840 753 1047 812 oribus
1091 760 1300 811 narrat
1343 751 1576 811 Pinedo
1630 755 1698 813 in
1740 754 2011 814 Breviar.

227 854 473 914 Auctor.
532 850 612 910 ad
670 850 960 930 Stephan.
1016 872 1077 932 p.
1131 849 1276 911 753.
1330 850 1387 909 b.
1444 853 1530 925 „P
1546 870 1582 910 o
1599 873 1632 911 e
1647 862 1722 913 ta
1735 873 1769 912 e
1825 855 1894 913 It
1907 841 2012 912 ali

227 952 544 1026 „comici
615 960 688 1009 et
758 953 1041 1029 tragici
1109 971 1262 1010 non
1332 951 1615 1011 audent
1683 971 2012 1013 summos

226 1051 702 1133 „pontifices
773 1053 851 1110 in
906 1054 1068 1111 suis
1127 1051 1430 1111 fabulis
1487 1054 1696 1111 intro
1715 1051 2012 1124 ducere,

227 1171 491 1233 „quum
551 1170 769 1229 reges
817 1161 890 1211 et
931 1153 1447 1232 imperatores
1490 1151 2013 1213 introducant.

224 1253 447 1329 „Nam
491 1271 711 1331 quum
756 1251 833 1336 i0d
877 1251 1112 1313 feciss
1130 1263 1203 1312 et
1246 1272 1289 1333 p
1307 1260 1483 1310 oeta
1518 1251 1827 1331 quidam
1858 1254 2013 1330 jus-

223 1370 352 1425 „su
394 1371 436 1431 p
455 1351 831 1410 ontificio
877 1371 906 1411 s
925 1354 1280 1435 upplicio
1326 1351 1664 1410 affectus
1709 1352 1881 1425 fuit,
1924 1371 2013 1411 ne

222 1450 620 1529 „dignitas
698 1471 740 1531 p
759 1453 998 1511 ontifi
1016 1455 1132 1511 cia
1209 1470 1352 1531 quo
1370 1451 1407 1509 d
1425 1450 1773 1511 ammodo
1862 1453 2014 1513 evi-

222 1551 284 1624 „l
300 1571 334 1610 e
345 1569 375 1610 s
389 1571 420 1610 c
433 1571 467 1609 e
478 1571 510 1608 r
525 1570 559 1608 e
576 1558 658 1609 t.“
762 1550 975 1631 Neque
1029 1551 1271 1613 invidia
1315 1560 1641 1611 caruerunt
1685 1551 2012 1611 Schillerus

222 1659 287 1709 et
350 1647 682 1708 Wernerus
698 1693 715 1723 ‚
784 1651 1223 1709 ecclesiasticas
1292 1652 1655 1711 cerimonias
1706 1654 1774 1711 in
1831 1670 2015 1712 scena

223 1757 617 1809 ostentantes.
697 1747 878 1822 Quod
925 1759 1134 1810 autem
1180 1750 1253 1809 G.
1297 1749 1612 1830 Hauptius
1654 1753 1722 1811 in
1766 1749 2014 1824 Quaest.

222 1847 510 1924 Aeschyl.
566 1869 627 1928 p.
673 1847 779 1908 59.
832 1848 1099 1908 affirmat
1111 1892 1127 1922 ,
1188 1849 1256 1909 id
1301 1850 1466 1930 quod
1510 1850 1699 1911 modo
1745 1850 2013 1912 diximus

221 1947 578 2024 Aristotelis
648 1951 968 2028 omnisque
1040 1950 1422 2029 antiquitatis
1476 1953 1847 2011 testimoniis
1904 1952 2014 2012 ad.-

221 2050 490 2121 versari‚
571 2049 850 2128 quibus
926 2048 1397 2126 Aeschylum
1485 2069 1636 2109 non
1715 2051 2012 2112 ritibus

220 2168 343 2225 my
362 2167 392 2207 s
410 2149 790 2207 teriorum
847 2152 1098 2209 sancti
1116 2159 1350 2209 tatem
1410 2149 1542 2234 sed
1587 2149 1822 2211 dictis
1865 2153 2014 2212 lae-

222 2250 328 2308 sis
342 2267 370 2308 s
384 2268 417 2306 e
488 2268 520 2306 c
535 2266 572 2305 o
585 2267 627 2306 n
640 2266 668 2307 s
684 2257 709 2307 t
723 2267 760 2307 a
774 2257 828 2321 t,
883 2248 952 2307 id
1011 2250 1274 2309 multum
1336 2250 1510 2309 abest
1552 2260 1622 2309 ut
1665 2252 2012 2312 concedam.

220 2348 588 2408 Aristoteles
658 2347 835 2406 dicit:
911 2346 1032 2421 Qui
1093 2350 1421 2409 inscienter
1488 2352 1614 2427 agit
1680 2389 1765 2397 -—
1831 2354 1864 2414 ὃ
1932 2354 2011 2415 δι’

224 2451 490 2534 ἄγνοιαν
544 2445 838 2528 πράττων
880 2473 973 2493 --’
1007 2459 1216 2528 potest
1257 2469 1324 2508 se
1366 2470 1630 2530 purgare
1642 2495 1659 2525 ‚
1719 2453 1772 2511 si
1814 2453 1880 2511 in
1921 2453 2012 2511 lo-

225 2547 469 2628 quendo
514 2566 580 2605 se
621 2547 867 2626 lapsum
911 2546 1094 2621 dicat,
1139 2557 1248 2607 aut
1291 2551 1345 2608 si
1387 2551 1692 2609 inscitiam
1737 2562 2012 2613 excuset:

221 2647 263 2727 ἢ
321 2649 434 2711 οὐκ
489 2647 715 2709 εἰδέναι
768 2647 863 2708 ὅτι
918 2646 1231 2729 ἆπόρῥητα
1283 2647 1363 2729 ἦν
1372 2697 1393 2723 ,
1452 2651 1646 2733 ὥςπερ
1702 2651 2011 2732 Αἰσχύλος

226 2747 301 2809 τὰ
355 2746 626 2829 μυστικά
651 2745 749 2829 [Ἲ.
806 2747 1067 2807 Minime
1122 2749 1227 2807 ille
1284 2748 1363 2807 de
1418 2752 1817 2810 excusatione
1862 2752 2010 2813 dicti

346 2886 410 2946 [ἱ]
444 2884 734 2946 Seneca'rEp.
766 2889 900 2932 CXV.
945 2890 1114 2942 Quum
1161 2891 1216 2934 hi
1246 2890 1545 2935 novissimi
1574 2907 1782 2936 versus
1810 2894 1864 2937 in
1893 2901 2007 2939 tra-

228 2949 433 3001 goedia
470 2948 779 3004 Euripidis
820 2949 1200 3005 (Bellerophonte)
1243 2951 1632 3006 pronuntiati
1671 2958 1892 3006 essent,
1922 2959 2006 2997 to-

228 3010 318 3047 tus
357 3007 596 3062 populus
640 3006 708 3049 ad
747 3007 1087 3062 ejiciendum
1130 3014 1185 3051 et
1226 3015 1474 3051 actorem
1516 3016 1572 3053 et
1615 3025 1840 3054 carmen
1880 3027 2005 3055 con-

230 3065 497 3106 surrexit
526 3079 627 3107 uno
657 3066 891 3123 impetu.
1994 3082 1998 3083 ⁷

345 3119 405 3177 [k]
438 3121 510 3164 Ex
540 3123 622 3165 hoc
650 3138 754 3166 sane
784 3123 931 3180 colligi
958 3138 1086 3180 posse
1115 3124 1314 3178 videtur,
1348 3126 1460 3181 quod
1492 3126 1689 3169 Clemens
1718 3127 1885 3171 directe
1912 3134 2004 3172 tra-

227 3177 318 3232 dit,
356 3179 617 3236 Aeschylum
647 3196 730 3224 non
759 3183 891 3225 fuisse
919 3183 1160 3226 initiatum-
1208 3184 1321 3226 Nam
1351 3189 1399 3225 ut
1430 3186 1658 3228 concedam
1688 3186 1918 3230 Welckero
1949 3189 2003 3230 de

225 3237 396 3293 Trilog.
438 3253 481 3295 p.
514 3239 613 3281 107.
643 3254 705 3296 sq.
751 3256 836 3284 non
865 3241 1014 3284 eadem
1043 3242 1236 3284 omnibus
1277 3243 1525 3298 spectacula
1554 3244 1749 3287 exhibita
1779 3260 1886 3299 esse,
1917 3261 2000 3303 quo

222 3296 376 3337 referri
404 3302 548 3353 potest
576 3297 768 3342 Senecae
796 3300 1080 3343 testimonium
1098 3301 1277 3352 Quaest.
1309 3302 1414 3344 Nat.
1445 3302 1544 3343 VII.
1574 3301 1644 3345 31.
1675 3303 1797 3347 Non
1826 3305 2001 3347 semel

224 3354 489 3408 quaedam
530 3370 694 3400 sacra
738 3360 1073 3411 traduntur,
1118 3366 1315 3402 servat
1345 3360 1598 3413 Eleusis,
1631 3362 1778 3418 quod
1809 3367 2000 3407 osten-
