2158 3848
216 194 340 256 522
744 204 983 250 LIBER
1025 204 1462 248 SECUNDUS.
1531 171 1533 175 Α

214 347 292 404 Εἰ
344 340 562 405 τοίνυν
618 339 651 402 ὃ
711 338 868 410 Ζεύς
923 342 1091 403 ἔστιν
1145 339 1178 401 ὅ
1222 337 1292 401 τὸ
1342 338 1410 400 ἓν
1452 334 1678 419 κράτος
1723 341 1920 419 ἔχων,
1952 342 1997 402 κὸ

212 443 327 505 τὸν
383 439 650 519 Φάνητα
706 438 1030 503 καταπιών
1073 473 1154 486 -
1201 433 1381 508 οὗτός
1436 440 1605 501 ἐστιν
1659 439 1691 501 ὅ
1737 447 1850 502 τοῦ
1891 437 2001 502 μκό-

215 563 376 624 σμου
421 539 692 619 ποιητὴς,
736 540 1019 621 πέμπτην
1063 539 1221 616 ἔχων
1265 541 1331 600 ἐν
1372 543 1502 608 τοῖς
1536 541 1859 621 βασιλεῦσι
1891 537 2004 601 τά-

212 647 340 715 ξιν,
401 642 483 710 (ὃς
539 639 970 701 ἀποδέδεικται
1027 643 1118 718 τῷ
1173 637 1447 720 ἡμετέρῳ
1502 638 1892 724 καθηγεμόνι
1937 643 2003 702 ἐν

211 747 346 809 ταῖς
383 741 706 820 Ὀρφικαῖς
753 735 1116 816 συνουσίαις
1157 743 1218 815 p'.
1243 736 1344 795 96.
1388 736 1553 797 unde
1597 737 1880 800 concludi
1927 739 1974 797 li

211 849 334 912 cet,
393 838 505 897 has
563 856 672 898 sex
727 837 1063 918 particulas
1120 854 1197 895 ex
1221 845 1226 850 “
1252 834 1472 896 eodem
1516 840 1789 899 carmine
1832 839 2004 899 theo-

211 940 427 1018 gonico
476 937 778 998 delibatas
823 955 975 996 esse.
1021 934 1233 1017 Neque
1279 934 1508 1011 obstat,
1551 927 1718 1019 quod
1742 938 2003 1017 Tzetzes

208 1041 275 1098 in
319 1039 591 1118 Prolegg.
636 1037 717 1099 ad
759 1038 907 1116 Lyc.
952 1058 1013 1118 p.
1059 1035 1203 1098 259.
1265 1034 1582 1117 Orpheum
1626 1039 2004 1117 hymnosm
1943 1041 1957 1052 ”

209 1138 435 1202 Jovem
489 1141 770 1219 aliosque
824 1138 975 1198 deos
1032 1139 1458 1216 composuisse
1512 1138 1691 1244 dicit
1706 1148 1771 1199 et
1811 1141 2004 1220 speci-

208 1242 395 1301 minis
438 1241 576 1301 loco
620 1241 738 1301 hos
777 1257 994 1301 versus
1038 1236 1301 1297 adnotat

350 1353 484 1415 Ζεὺς
514 1358 716 1423 πρῶτος
747 1352 942 1422 γένετο,
981 1349 1115 1412 Ζευς
1145 1351 1394 1417 υστατος,
1435 1350 1810 1424 ἀργικέραυνος.

350 1437 484 1499 Ζεὺς
514 1437 737 1508 κεφαλὴ,
777 1435 911 1497 Ζεὺς
941 1435 1137 1503 μέσσα,
1176 1434 1310 1496 Διὸς
1342 1435 1388 1486 ὁο
1426 1436 1480 1487 ἐκ
1511 1434 1683 1491 πάντα
1712 1439 1969 1495 τέτυκται.

208 1558 365 1620 quae
421 1539 727 1619 excerpsit
781 1538 1171 1598 Phavorinus.
1211 1554 1259 1596 s.
1305 1537 1599 1618 Ποιητής.
1687 1539 1855 1601 Nam·
1892 1556 2001 1614 ne-

206 1659 323 1720 que
369 1641 634 1699 auctoris
680 1639 863 1715 hujus
908 1639 1342 1697 testimonium
1380 1648 1615 1697 tantam
1639 1640 2000 1718 religionem

205 1741 424 1814 habet,
485 1750 555 1799 ut
615 1758 861 1799 omnem
896 1739 1324 1819 suspicionem
1372 1741 1593 1798 erroris
1639 1739 1851 1812 tollat,
1897 1759 2000 1798 ne-

206 1860 323 1921 que
394 1840 728 1918 doxologia
792 1839 904 1899 illa
971 1838 1238 1898 multum
1299 1837 1397 1898 ab
1435 1839 1653 1916 hymni
1709 1829 1999 1916 similitu-

208 1942 353 2002 dine
398 1940 591 2000 abest.

983 2138 1038 2219 §·
1130 2137 1226 2198 17.

379 2330 536 2391 Sunt
600 2345 746 2390 vero
804 2326 1014 2406 plures
1069 2324 1279 2402 hujus
1312 2325 1604 2384 carminis
1647 2310 1876 2386 ‘versus
1920 2323 1998 2384 ab

206 2433 344 2492 aliis
389 2428 790 2508 scriptoribus
835 2427 1114 2495 servati„
1160 2425 1234 2484 In
1275 2434 1592 2505 postrema
1633 2433 1814 2505 parte
1857 2424 1999 2484 libri

208 2532 285 2591 de
342 2528 609 2601 Mundo,
670 2529 774 2606 qui
828 2526 1152 2591 Aristoteli
1206 2524 1575 2597 adscribitur
1631 2524 1743 2584 sed
1778 2526 1912 2603 jam
1958 2544 1996 2583 a

206 2630 471 2698 Proculo
523 2635 908 2708 suspectatus
965 2633 1060 2685 est
1075 2626 1151 2705 [ἢ]
1171 2668 1190 2698 ,
1255 2626 1622 2704 interposita
1677 2633 1851 2698 sunt,
1903 2625 1996 2682 in-

161 2793 171 2811 ⁴
209 2742 442 2794 certum
502 2747 622 2836 quo
669 2736 949 2799 auctore,
1005 2727 1158 2784 haec
1202 2743 1357 2804 quae
1399 2726 1467 2783 in
1508 2724 1790 2805 pluribus
1835 2722 1994 2783 Edd.

210 2831 614 2894 omittuntur:
673 2830 784 2891 Διὸ
843 2827 948 2890 καὶ
1001 2830 1090 2889 ἒν
1121 2832 1251 2896 τοῖς
1302 2828 1627 2909 Ὀρφικοῖς
1672 2826 1747 2888 οὗ
1792 2833 1995 2900 κακῶς

212 2938 445 3022 λεγεται

210 3090 323 3137 κατὰ
360 3088 438 3138 τὰς
475 3082 714 3140 ὑποθήκας
749 3086 823 3138 τῆς
863 3078 1037 3130 Νυκτός
1065 3080 1278 3154 Αὐταρ
1291 3082 1423 3126 ἐπεὶ
1453 3082 1562 3152 (sic)
1593 3079 1819 3153 δεσμὸν
1849 3097 1991 3150 κρα-
2027 3114 2030 3117 ,

207 3148 384 3209 τερὸν
423 3148 559 3203 περὶ
598 3141 788 3188 πάντα
829 3137 1080 3200 τανύσῃς
1114 3139 1332 3213 σειρὴν
1371 3137 1715 3210 ἄρτήσαντηα.
1788 3140 1906 3182 Idem
1948 3140 1990 3181 in

211 3211 325 3253 Tim.
354 3207 435 3250 III.
468 3203 565 3247 155.
597 3209 641 3246 et
669 3203 714 3246 in
745 3202 866 3244 Crat.
898 3214 940 3257 p.
971 3187 1044 3243 55.
1075 3197 1214 3259 αὐτὰρ
1245 3198 1360 3253 ἐπὴν
1389 3225 1444 3231 -
1473 3201 1580 3259 περὶ
1609 3201 1722 3242 πᾶσι
1751 3195 1982 3257 τανύσσῃς,

211 3281 386 3328 prorsus
416 3270 466 3307 ut
494 3265 764 3306 Hermannus
796 3259 991 3332 conjecit.

327 3326 392 3382 [a]
426 3325 475 3367 ln
515 3323 630 3365 Tim.
662 3322 716 3367 V.
747 3319 846 3365 322.
890 3315 949 3367 ὥς
988 3330 1129 3376 φησιν
1165 3316 1482 3376 Ἀριστοτέλης,
1524 3330 1563 3359 ει
1547 3319 1650 3373 ἴπερ
1691 3316 1865 3360 ἐκείνου
1896 3311 1989 3356 ἐστὶ

211 3383 259 3431 τὸ
292 3386 397 3444 περὶ
428 3379 602 3440 κόσμου
634 3382 821 3435 βιβλίον

2144 2836 2158 2870 ³¹<
