2158 3848
748 270 1200 335 oRPnlch‘.
1737 280 1861 342 275

87 427 178 486 les
221 433 573 484 exterorum
629 419 1127 498 superstitiones:
1186 418 1270 489 ὥς
1323 426 1455 498 τῶν
1502 419 1865 503 Ῥωμαϊκῶν

86 549 244 595 τινες
284 519 698 603 ἱστορήκασιν,
743 515 1047 598 ἐκκλήσεις
1072 519 1193 586 εἶσὶ
1229 519 1335 584 καὶ
1370 526 1644 604 γοητεῖαι
1669 525 1864 598 θεῶν,

84 624 180 694 αἶς
219 620 575 704 νομίζοντες
620 618 735 683 καὶ
776 619 960 683 αὐτοὶ
1001 618 1194 690 θεούς
1236 644 1414 690 τινας
1456 623 1863 701 ἐκκεκλῆσθαι

80 722 248 804 παρὰ
289 727 422 784 τῶν
463 717 777 802 πολεμίων
819 718 925 781 καὶ
966 721 1384 803 μετῳκηκέναι
1409 720 1565 804 πρὸς
1609 722 1862 795 αὐτοὺς,

75 823 423 904 ἐφοβοῦντο
477 820 550 882 τὸ
619 819 773 885 αὐτὸ
831 823 1084 884 παθεῖν.
1173 821 1404 903 (Ώςπερ
1473 818 1589 896 οὗν
1650 819 1866 904 Τύριοι

74 919 342 1001 δεσμοὺς
413 918 731 1005 ἀγάλμασι
796 920 1078 1004 λέγονται
1144 925 1502 1005 περιβαλεῖν
1529 916 1601 999 [¹¹]
1671 922 1865 1005 ἕτεροι

74 1019 142 1082 δ’
187 1024 383 1086 αἰτεῖν
427 1020 730 1106 ἐγγυητὰς
774 1019 873 1083 ἐπὶ
916 1019 1183 1102 λουτρὸν
1237 1021 1276 1100 ἢ
1334 1018 1679 1102 καθαρμόν
1720 1045 1864 1085 τινα

73 1120 536 1203 προπέμποντες
591 1130 703 1182 etc.
810 1117 936 1181 Sed
996 1127 1062 1178 et
1120 1121 1289 1198 apud
1350 1119 1618 1180 Graecos
1679 1120 1864 1197 hujus

73 1221 269 1280 moris
309 1220 571 1297 vestigia
613 1226 856 1281 extant:
888 1217 1123 1281 ..Liberi
1166 1217 1365 1278 Patris
1409 1224 1678 1275 statuam
1724 1213 1863 1276 Chii

0 1315 2 1348 l
71 1318 514 1391 devinxerant,
568 1319 833 1381 Dianae
887 1317 1208 1398 Ephyraei
1264 1315 1464 1376 Schol.
1526 1315 1700 1376 Pind.
1765 1315 1860 1375 Ol.

72 1417 209 1488 ΥΠ,
251 1419 352 1481 93.
440 1419 691 1496 Enyalii
734 1418 1113 1499 Venerisque
1157 1417 1481 1499 Spartani3
1527 1414 1861 1476 Saturnum

68 1515 491 1598 Apollodorus
534 1519 776 1597 alligari
822 1519 911 1580 ait
953 1538 1067 1599 per
1115 1537 1348 1579 annum
1387 1517 1567 1578 laneo
1613 1517 1861 1578 vinculo

70 1629 135 1678 et
178 1619 342 1679 solvi
384 1617 466 1678 ad
509 1617 677 1680 diem
721 1617 841 1679 sibi
880 1619 1109 1680 festum
1145 1617 1417 1681 Macrob.
1446 1618 1492 1677 Ι.
1537 1612 1684 1695 8.[1]
1731 1619 1861 1696 qui-

69 1717 186 1778 bus
232 1718 517 1779 omnibus
577 1717 838 1780 eandem
895 1737 1145 1780 causam
1200 1701 1452 1779 subesse
1493 1734 1620 1776 non
1665 1715 1860 1775 credi-

70 1818 299 1892 derim,
344 1837 531 1898 quum
576 1820 940 1898 praesertim
984 1820 1116 1879 fieri
1153 1819 1354 1897 possit
1396 1826 1466 1878 ut
1508 1817 1752 1876 taeniae
1797 1825 1860 1874 et

66 1919 324 1991 tasciae,
370 1929 666 1985 consueta
704 1928 1053 1981 statuarum
1098 1924 1463 1978 ornamenta
1480 1913 1557 1997 [k]
1574 1959 1592 1991 ,
1634 1916 1858 1976 falsam

68 2018 454 2081 vinculorum
493 2020 763 2100 speciem
790 2018 1191 2098 praebuerint
1214 2017 1671 2095 Periegetarum
1717 2035 1858 2077 ocu—

18 2149 21 2152 *
66 2118 175 2191 lis,
219 2117 300 2178 ad
325 2130 572 2198 promta
606 2127 669 2179 et
693 2130 910 2199 aperta
938 2137 1128 2198 saepe
1156 2118 1642 2179 caecutientium.
1733 2117 1859 2177 Sed

69 2229 133 2278 et
174 2237 329 2297 quae
375 2218 453 2278 de
481 2219 871 2285 Tonaeorum
911 2218 1267 2282 Samiorum
1309 2219 1435 2279 ritu
1478 2217 1730 2298 prodita
1773 2218 1858 2276 le-

0 2301 1 2305 *
71 2319 270 2395 gimus
328 2318 547 2377 Athen.
603 2318 740 2378 XV.
802 2316 943 2376 572.
1000 2318 1080 2375 D.
1151 2336 1288 2376 cum
1345 2326 1556 2375 nostra
1615 2319 1856 2375 ratione

74 2428 445 2495 congruunt,
524 2428 586 2477 et
647 2418 987 2477 Pausanias
1048 2417 1236 2476 refert
1294 2415 1546 2493 Enyalii
1608 2417 1854 2477 vincula

0 2502 5 2523 ¹
70 2529 405 2598 perpetuae
471 2518 807 2578 mansionis
868 2519 1088 2596 pignus
1153 2515 1385 2576 haberi.
1493 2515 1633 2575 Hoc
1699 2536 1852 2578 vero

0 2621 6 2675 ἰ
71 2618 352 2698 exemplo
397 2617 760 2679 Paciaudius
816 2635 963 2680 usus
1022 2627 1117 2678 est
1158 2617 1434 2677 Menum.
1479 2616 1734 2697 Pelopp.
1781 2616 1851 2676 T.

189 2785 254 2845 [Β]
286 2788 474 2831 Hercule
502 2794 548 2831 et
575 2788 772 2845 Apolline
800 2788 845 2831 id
877 2789 1038 2831 factum
1066 2802 1161 2830 esse
1193 2791 1374 2829 constat.

187 2853 254 2912 [i]
296 2856 337 2899 E·
380 2857 603 2901 Cleanthis
647 2858 965 2911 Theomechia‚
1011 2858 1122 2900 libro
1165 2857 1456 2912 ignotissimo,
1495 2811 1753 2897 Plutarchus
1798 2854 1853 2896 de

75 2910 253 2956 Flamin.
289 2929 329 2972 p.
373 2916 497 2959 1003.
541 2916 692 2968 affert,
734 2916 966 2959 Saturnum
997 2919 1023 2960 ιι
1052 2917 1160 2959 Jove
1187 2917 1285 2957 lana
1316 2915 1559 2957 devinctum
1590 2927 1712 2966 esse,
1743 2913 1852 2955 dicis

12 2992 14 2998 v
75 2982 207 3013 caune
234 2978 282 3015 ut
308 2973 517 3027 arbitror,
557 2982 602 3017 et
640 2949 694 3017 mi
735 2975 986 3017 servandam
1027 2976 1188 3017 veteris
1226 2973 1449 3016 custodiae
1479 2972 1748 3023 memoriam,
1780 2971 1852 3014 cui

75 3028 221 3071 similis
248 3038 314 3074 est
341 3032 395 3075 de
423 3033 670 3076 Promethei
698 3034 881 3077 vinculis
910 3034 1119 3092 saligneis
1147 3033 1232 3075 fab
1229 3032 1311 3074 lla.

193 3095 256 3155 [ἱ]
288 3100 447 3144 Aeliam
478 3101 534 3144 V.
564 3101 620 3145 H.
649 3101 727 3145 lx.
757 3101 827 3144 39.
868 3098 1011 3147 ἀναδ’
987 3115 1097 3159 ησας
1134 3103 1323 3148 πολλαῖς
1350 3113 1451 3141 ταιι
1454 3102 1540 3147 laec
1568 3099 1644 3140 καὶ
1674 3109 1849 3155 (Πείρα-

22 3190 25 3210 .
77 3151 225 3204 νώσας
259 3154 309 3200 τὸ
349 3153 545 3219 αγαλμα.
589 3159 737 3203 Schol.
768 3160 881 3205 Plat.
921 3176 963 3219 p.
996 3162 1092 3205 155.
1122 3157 1271 3219 μύρον
1302 3161 1535 3214 καταχέειν
1562 3171 1654 3199 των
1682 3157 1734 3199 ἓν
1757 3161 1851 3205 τοῖς

24 3256 26 3258 ,
78 3210 344 3284 ἁγιωτάτοις
376 3218 512 3278 ἱεροῖς
548 3215 824 3291 ἀγαλμάτων
859 3224 991 3290 θέμις
1030 3213 1108 3274 ἦν,
1152 3220 1257 3275 ἐρίῳ
1299 3230 1345 3259 τε
1386 3218 1570 3273 στέφειν
1611 3211 1724 3257 αὐτὰ
1770 3217 1843 3257 καὶ

24 3275 25 3278 ’
76 3274 206 3315 τοῦτο
237 3270 346 3315 κατά
375 3289 474 3319 τινα
503 3276 731 3334 ἱερατικὸν
760 3274 929 3335 νόμον,
961 3276 1021 3327 ὡς
1051 3277 1074 3321 ὁ
1105 3281 1249 3337 μέγας
1276 3271 1484 3334 Πρόκλος
1513 3277 1640 3331 φησί·
1675 3273 1849 3315 cerens

77 3324 261 3388 α’γαλμα
292 3335 467 3387 κατειλη
440 3339 643 3435 ηςιμένον
670 3338 864 3385 ταινίαις
890 3311 1076 3380 P’ausan.
1112 3335 1162 3378 X.
1193 3333 1262 3378 35.
1294 3333 1334 3376 5.
1365 3338 1410 3375 et
1437 3332 1637 3388 Hygieae
1668 3331 1849 3374 circum-

76 3386 200 3432 datan
243 3391 399 3433 fascias
528 3393 576 3436 11
636 3394 888 3437 Generatim
927 3394 1153 3440 Petronius
1185 3409 1220 3436 c.
1253 3391 1351 3435 CII.
1383 3396 1699 3434 statuarum
1731 3389 1848 3430 ritu

78 3447 353 3501 patiemur
382 3450 620 3495 vincula
650 3460 708 3496 et
738 3467 968 3510 pannon.
