2158 3848
213 209 338 273 354
745 220 983 266 Llssmz
1027 219 1455 265 SECUNDUS.

218 352 624 439 Πυθαγόραν
670 358 752 422 εἰς
791 353 808 375 ³
820 352 1032 434 Ορφὲα
1078 352 1428 435 ἀνενεγκεῖν
1446 349 1518 430 [⁰]
1561 349 1704 413 τινὰ
1743 350 1991 430 ἱστορεῖ.

211 455 519 540 Ἐπιγένης
561 452 629 516 δὲ
674 456 740 516 ἐν
781 457 909 519 τοῖς
951 452 1094 532 περὶ
1131 458 1240 528 τῆς
1283 455 1365 520 εἷς
1403 452 1419 473 ²
1432 451 1646 533 Ορφέα
1700 447 1995 527 ποιήσεως

219 557 549 637 Κέρκωπος
563 548 638 632 [¹¹]
697 552 856 614 εἶναι
897 557 1010 612 τοῦ
1058 551 1508 635 Πυθαγορείου
1551 550 1666 630 τὴν
1709 554 1792 623 εἰς
1837 548 1994 629 ᾅδου

218 652 685 733 Κατάβασιν
727 650 987 715 καὶτὸν
1023 649 1155 731 Ἱερ
1173 650 1260 712 ἂν
1304 650 1555 736 λόγον.
1599 651 1712 713 τὸν
1755 648 1828 710 δὲ
1858 650 1995 710 Πέ-

216 762 306 815 πλ
324 780 354 814 ο
370 776 408 814 ν
450 750 556 813 καὶ
595 749 675 811 τὰ
722 754 839 810 Φυ
854 771 891 809 σ
907 773 977 809 tu
993 746 1033 810 ά
1077 749 1429 830 Βροντίνου
1477 749 1707 810 Strum.
1761 749 1806 807 I.
1852 748 1995 808 397.

214 854 286 912 In
330 851 446 910 hoc
471 849 782 910 breviario
809 849 1074 927 quinque
1111 852 1497 909 continentur
1510 892 1530 922 ,
1573 858 1816 929 praeter
1842 866 1998 927 quae

215 951 596 1029 Pythagoras
640 949 999 1028 supposuit,
1057 947 1628 1028 Pseudepigrapha‚
1685 947 1996 1018 Crater,

214 1051 690 1121 DescensuS‚
766 1047 1036 1108 Sermo
1101 1047 1365 1121 Sacer,
1432 1049 1744 1128 Peplus‚
1804 1046 1998 1121 Phy-

214 1171 243 1213 s
257 1153 280 1212 i
296 1171 328 1212 c
341 1163 396 1211 a‘.
432 1193 434 1195 >
644 1184 649 1190 -
990 1189 993 1192 «
1071 1218 1073 1222 .
1891 1167 1894 1170 ·

384 1249 670 1329 Sequitur
727 1247 958 1308 Suidae
1014 1248 1350 1325 catalogus:
1432 1250 1449 1270 ³
1461 1249 1708 1331 Ορφεὺς
1757 1251 1998 1333 ..ἔγραψε

221 1347 590 1433 Τριασμούς·
640 1350 921 1433 λέγονται
964 1347 1033 1411 δὲ
1079 1349 1236 1411 εἶναι
1266 1351 1476 1417 Ἴωνος
1517 1357 1630 1411 τοῦ
1675 1355 1993 1433 τραγικοῦ·

213 1452 281 1513 ἐν
323 1448 393 1513 δὲ
435 1445 675 1517 τούτοις
717 1447 797 1509 τὰ
835 1447 918 1509 ‘Is
935 1473 970 1530 ρ
986 1474 1018 1511 o
1035 1469 1072 1510 σ
1085 1473 1121 1510 τ
1138 1474 1169 1510 ο
1185 1457 1218 1509 λ
1232 1474 1251 1509 ι
1264 1473 1302 1510 κ
1315 1447 1355 1510 ά
1399 1447 1770 1529 καλούμενα.
1829 1456 1930 1510 Κλ
1946 1447 1999 1508 ί-

214 1571 370 1618 σεις
457 1546 988 1630 κοσμικαίνας.
1077 1547 1624 1610 Νεοτευκτικά.
1720 1548 1998 1631 Ἱεροὺς

213 1646 293 1710 λό
303 1673 346 1735 γ
359 1674 391 1711 ο
406 1674 445 1712 υ
460 1674 489 1718 ς
533 1652 600 1711 ἓν
644 1648 995 1732 ῥαψῳδίαις
1037 1647 1153 1709 κδ’.
1213 1649 1496 1732 λέγονται
1538 1647 1602 1709 <5³
1650 1648 1808 1711 εἶναι
1857 1653 2001 1717 Θεο-

215 1746 450 1832 γνήτου
493 1756 607 1811 τοῦ
660 1754 973 1812 Θεσσαλοῦ
986 1794 1008 1821 ,
1079 1750 1137 1810 οἱ
1193 1747 1262 1810 δὲ
1315 1748 1645 1830 Κέρκωπος
1697 1756 1810 1812 τοῦ
1857 1753 2000 1810 Πυ-

212 1847 572 1932 θαγορείου.
642 1855 715 1911 Χ
721 1874 755 1931 ρ
768 1873 805 1927 η
822 1870 860 1910 σ
872 1876 920 1930 μ
933 1875 965 1911 ο
980 1846 1020 1911 ι’
1034 1874 1097 1921 ς,
1144 1851 1203 1910 οἳ
1230 1849 1653 1930 ἀναφέρονται
1691 1853 1775 1918 εἷς
1812 1849 2001 1911 Ὄνο-

210 1944 531 2030 μάκριτον.
628 1953 716 2009 Τε
732 1956 764 2009 λ
781 1973 854 2010 ετ
868 1946 908 2010 ά
923 1974 952 2017 ς
966 1967 978 1977 ·
1036 1946 1265 2028 ὁμοίως
1309 1948 1383 2009 δέ
1422 1969 1578 2029 φασι
1621 1949 1727 2009 καὶ
1767 1945 1999 2016 ταύτας

212 2045 674 2129 Ὀνομακρίτου
695 2065 708 2078 ·
777 2051 844 2110 ἒν
906 2045 1150 2116 τούτοις
1210 2046 1275 2108 δ’
1323 2047 1453 2109 ἐστὶ
1515 2047 1655 2129 περὶ
1717 2050 1784 2108 Λ
1797 2047 1945 2109 ίθω
1959 2071 1998 2111 ν

210 2170 252 2229 γ
267 2153 299 2205 λ
311 2170 351 2208 υ
368 2170 416 2228 φ
429 2153 466 2225 ἥ
482 2171 511 2215 ς
524 2191 546 2219 ,
589 2145 720 2224 ἥτις
741 2145 1351 2230 Ὄγὸοηκοντάλιθος
1378 2145 1800 2230 ἐπιγράφεται.
1847 2155 1918 2210 Σ
1923 2173 2000 2209 ω-

215 2300 242 2330 a
273 2286 361 2330 suis
391 2286 599 2344 stirpibus
629 2286 749 2331 δυασ
766 2292 768 2294 ’
786 2283 856 2343 ός,
887 2284 1129 2347 δεκασμός.
1167 2285 1427 2347 Ἀτρίαστον
1466 2290 1544 2331 καὶ
1573 2285 1881 2346 ἀμονάδιστον
1908 2288 2001 2332 Da-

212 2359 343 2388 masc.
375 2345 555 2397 Quaest.
594 2360 637 2403 p.
669 2303 782 2389 366⁴?
813 2346 1054 2405 τριαδικῶς
1093 2345 1269 2402 Didym.
1307 2346 1362 2388 de
1404 2346 1566 2389 Trinit.
1596 2347 1656 2390 II.
1691 2349 1730 2390 1.
1762 2345 1859 2390 114.
1889 2362 2000 2405 quae

213 2417 308 2445 cum
336 2404 471 2447 verbo
496 2400 713 2460 χιλιάζειν
743 2404 897 2447 Tzetz.
931 2404 1046 2450 Chil.
1077 2403 1156 2447 IX.
1187 2404 1288 2448 656.
1321 2404 1520 2448 addenda
1548 2404 1737 2449 Lexicis.
1767 2405 1835 2448 De
1864 2407 1999 2450 verbo

210 2461 471 2519 palaestrico
510 2458 700 2521 τριάζειν
740 2477 879 2519 nuper
918 2462 1164 2505 accuratius
1205 2463 1410 2507 disseruit
1450 2463 1623 2521 Philipp
1653 2463 1769 2506 Diss.
1799 2464 1854 2508 de
1883 2465 1998 2508 Pen—

210 2518 349 2562 tathlo
390 2533 432 2576 p.
471 2519 544 2563 79.
582 2534 608 2562 a
651 2534 735 2575 quo
785 2521 994 2564 hactenus
1036 2521 1271 2574 dissentio,
1314 2522 1430 2577 quod
1458 2524 1503 2566 in
1531 2522 1688 2565 Aesch.
1717 2524 1868 2579 Agam.
1901 2523 1998 2566 171.

213 2575 422 2638 τριακτήρ
462 2591 548 2620 non
584 2577 836 2634 simpliciter
863 2579 1071 2621 victorem
1102 2579 1178 2620 sed
1205 2579 1448 2622 tertiarium
1479 2581 1572 2623 sive
1601 2581 1834 2637 ephedrum
1861 2581 2000 2625 inter-

216 2640 379 2693 pretor,
411 2635 486 2692 qui
515 2635 722 2678 victorem
751 2637 1005 2692 aggreditur
1034 2638 1194 2678 fessum
1223 2637 1393 2692 integer
1421 2643 1466 2681 et
1491 2635 1746 2698 ἆποτριάζει
1773 2638 1924 2696 αὐτὸν,
1949 2646 1998 2683 ut

215 2693 482 2736 Scholiastes
521 2693 610 2746 ait,
650 2692 717 2738 ἐπ’
759 2693 911 2738 ἐλπίδι
938 2696 1015 2749 τῆς
1053 2697 1198 2750 νίκης,
1239 2694 1286 2737 id
1316 2700 1406 2748 est,
1451 2696 1676 2739 victoriam
1705 2703 1922 2754 speratam
1952 2699 1995 2741 ei

213 2752 356 2810 eripit.

336 2823 398 2881 [θ]
430 2822 694 2867 lamblichus
733 2823 788 2867 V.
831 2823 964 2880 Pyth.
1004 2822 1165 2866 XXIX.
1195 2821 1295 2867 332.
1335 2825 1381 2868 οῗ
1407 2821 1720 2883 Πυθαγόρειοι
1749 2825 1856 2871 οὐδὲ
1886 2827 1997 2871 ἔαυ-

216 2885 307 2927 ufir
346 2878 627 2941 ἐπεφήμιζον
655 2879 767 2926 αὐτὰ
797 2882 932 2939 (quae
962 2882 1247 2939 scripserant)
1278 2881 1380 2926 ἀλλὶ
1420 2886 1483 2932 εἰς
1509 2881 1795 2942 Πυθαγόραν
1823 2883 1994 2944 ἀνέφε-

209 2954 301 3000 ρον
337 2938 398 2991 ὥς
436 2941 612 2985 ἐκείνου
654 2935 777 2986 ὄντα.
846 2940 897 2983 Si
936 2939 1015 2983 Ion
1045 2942 1126 2985 hoc
1156 2942 1357 2997 ambiguo
1387 2943 1521 2985 verbo
1551 2956 1651 2984 usus
1681 2947 1772 2996 est,
1800 2943 1996 2988 dubitari

220 3002 389 3057 potest,
428 3003 573 3042 utrum
612 2999 686 3042 ille
725 2998 1021 3055 Pythagoram
1061 3013 1230 3044 carmen
1271 2999 1485 3056 quoddam
1514 3014 1635 3045 suum
1662 3001 1879 3045 fallaciter
1909 3003 1997 3045 Or-

220 3057 333 3115 pheo
374 3056 596 3100 effinxisse
635 3072 690 3102 an
730 3057 954 3100 doctrinae
994 3072 1022 3100 a
1064 3073 1111 3100 se
1148 3059 1397 3116 propositae
1440 3059 1585 3117 capita
1625 3060 1828 3103 nonnulla
1857 3062 1913 3103 ab
1943 3075 1994 3104 eo

218 3121 422 3171 tanquam
452 3130 479 3159 a
507 3116 643 3172 primo
671 3116 897 3159 inventore
923 3116 1176 3172 repetivisse
1203 3118 1436 3173 puffiverit.
1492 3117 1546 3159 Id
1583 3125 1700 3161 certe
1729 3119 1996 3163 assimulavit
2033 3145 2036 3148 >

221 3173 442 3216 Sermonis
483 3174 610 3218 Sacri
649 3174 908 3232 compositor
944 3175 1261 3232 Pythagoreus.
1288 3171 1299 3177 ⁶
1330 3176 1546 3232 Diogenes
1587 3182 1632 3220 et
1663 3176 1859 3221 Clemens
1890 3177 1992 3234 quid

224 3232 455 3285 senserint,
485 3232 530 3274 in
558 3238 730 3290 promtu
757 3237 838 3276 est.

342 3301 404 3361 [d]
436 3303 513 3347 Sic
553 3305 709 3350 Suidas
746 3310 792 3349 et
819 3304 1018 3348 Eudocia
1047 3319 1088 3362 p.
1119 3303 1219 3348 318.
1248 3318 1327 3362 pro
1355 3308 1603 3366 Κέρκοπος.
1636 3306 1797 3349 Suidae
1826 3306 1990 3348 notatio

224 3365 423 3422 Κέρκωψ
452 3366 693 3422 κέρκωπος,
723 3368 812 3409 tam
842 3364 895 3408 de
923 3363 1098 3422 proprio
1127 3364 1293 3407 nomine
1322 3364 1456 3417 valet,
1486 3379 1611 3421 quam
1639 3366 1695 3408 de
1714 3363 1989 3423 appellatiw.

2111 2091 2134 2124 ’Ἠ
2152 2109 2154 2114 =
