2158 3848
282 217 409 277 260
821 226 1063 271 LIBER
1103 226 1535 282 SECUNDUS,

288 344 513 420 latibus
569 358 967 437 cantibusque
1025 373 1122 413 res
1175 356 1414 417 futuras
1460 360 1903 436 cognoscebant
1960 375 2067 424 aut

288 458 555 540 quodam
597 458 864 518 naturali
907 458 1099 515 animi
1144 459 1422 516 acumine
1467 459 1824 521 coelestium
1868 465 2065 522 consi-

286 563 371 620 lia
415 557 866 636 conjectabant;
911 573 1175 633 quorum
1218 565 1279 614 et
1319 576 1607 617 numerus
1650 559 1830 637 longe
1865 563 2066 639 major

287 670 348 719 et
415 661 597 738 plane
667 658 1010 732 sejunctum
1081 672 1118 711 a
1173 655 1594 718 sacerdotibus
1655 679 1875 720 munus
1928 662 2063 721 fuit.

286 760 535 819 Etenim
581 752 838 813 Calchas
884 751 1395 826 etsivGraecorum
1439 759 1835 818 militantium
1879 763 2065 820 sacris

287 856 569 916 omnibus
613 855 884 926 interest,
925 860 1134 909 tamen
1157 869 1469 931 nunquam
1491 856 1682 939 ἱερεύς
1704 860 1806 918 vel
1832 859 2064 943 ἄρητήρ

286 957 508 1017 dicitur
550 953 659 1014 sed
704 950 1074 1020 οἶωνοπόλος
1117 952 1185 1010 ll.
1230 953 1275 1010 Ι.
1322 952 1423 1011 69.
1467 956 1821 1038 θεοπρόπος
1856 966 2064 1024 οἰωνι-

287 1056 429 1136 στής
455 1055 622 1114 XIII.
657 1054 759 1111 70.
785 1061 845 1110 et
869 1052 1116 1130 saepius
1140 1051 1383 1133 μάντις,
1429 1052 1506 1111 ab
1536 1053 1843 1133 Aeschylo
1875 1079 2064 1140 στρα-

281 1156 592 1240 τόμαντις.
619 1164 740 1232 quo
766 1153 1017 1211 nomine
1045 1152 1194 1211 olim
1220 1162 1282 1211 et
1304 1154 1542 1212 itineris
1567 1153 1782 1216 ducem
1807 1155 2063 1238 se'prae-

283 1258 418 1317 buit
460 1258 506 1315 I.
549 1253 651 1312 71.
697 1262 758 1311 et
802 1252 1078 1311 oblatum
1121 1255 1187 1311 in
1230 1252 1457 1312 Aulide
1515 1264 1822 1318 ostentum
1875 1260 2063 1319 inter-

282 1366 558 1439 pretatus
604 1363 696 1413 est
737 1354 815 1411 II.
842 1352 984 1410 308.
1011 1352 1153 1417 324.
1187 1362 1254 1411 et
1277 1363 1516 1435 postea,
1559 1357 1798 1434 quoties
1826 1377 1924 1418 res
1950 1377 2061 1418 ex-

281 1460 421 1535 igit,
466 1458 757 1517 invocato
802 1451 1110 1531 Apollinis
1154 1455 1439 1525 numine,
1483 1456 1866 1538 θεοπροπίας
1905 1460 2060 1522 ἄνα-

281 1557 505 1641 φαίνει.
548 1554 894 1612 Ithacenses
920 1553 1082 1609 inter
1107 1554 1525 1632 auspiciorum
1551 1554 2059 1635 interpretatione

278 1657 564 1716 inclaruit
606 1652 992 1712 Halitherses
1039 1650 1153 1709 Od.
1178 1652 1254 1710 II.
1286 1649 1423 1713 158.
1462 1652 1841 1737 eandemque
1864 1666 2059 1718 artem

276 1757 590 1835 professus
646 1752 1136 1827 Theoclymenus
1206 1752 1356 1810 exul
1422 1750 1557 1812 XV.
1615 1751 1758 1814 528.
1814 1767 2058 1838 praeter

277 1856 433 1915 alios
475 1851 906 1936 θεοπρόπους,
949 1869 1100 1930 quos
1144 1851 1454 1930 Penelope
1498 1853 1769 1935 subinde.
1803 1855 2056 1917 domum

275 1957 527 2016 arcessit
566 1953 775 2012 mariti
817 1970 1002 2030 super
1043 1949 1247 2009 reditu
1292 1954 1642 2014 consultura
1668 1956 1715 2014 I.
1742 1954 1887 2015 415.
1930 1957 2056 2016 Eu-

277 2057 524 2115 chenori
569 2048 1028 2112 Corinthiorum
1073 2050 1214 2109 duci
1257 2049 1338 2110 ad
1369 2051 1618 2130 Trojam
1646 2057 2056 2134 proficiscenti
2093 2059 2096 2062 ’

274 2163 539 2214 mortem
582 2151 894 2232 praedixit
937 2159 1112 2230 pater
1155 2150 1452 2226 Polyidus
1494 2151 1719 2234 μάντις
1771 2156 1841 2215 ΙΙ.
1884 2156 2078 2216 ΧΙΙΙ.“
2153 2133 2158 2155 ¹

274 2255 414 2314 663.
502 2253 699 2330 Argos
754 2249 1044 2310 nobilitat
1098 2249 1445 2329 Melampus
1516 2252 1735 2314 eodem
1802 2258 2052 2316 nomine
2091 2265 2094 2268 '
2146 2236 2148 2240 ⁷

272 2355 595 2430 insignitus
655 2350 771 2410 od.
815 2350 923 2410 XI.
978 2349 1120 2409 281.
1189 2349 1262 2408 cf.
1306 2349 1440 2410 XV.
1499 2350 1641 2413 285.
1744 2354 2082 2417 Troademv
2137 2396 2140 2397 ν

270 2452 545 2512 Helenus
591 2449 961 2518 οῖωνοπόλος
1003 2450 1071 2508 Il.
1115 2449 1218 2508 VI.
1261 2447 1453 2553 75.[θ]
1510 2453 1829 2535 colloquii,
1884 2454 2048 2536 quod
2136 2537 2138 2545 .

525 2634 656 2677 ἀντία
685 2630 977 2688 βουλεύουσιν
1006 2631 1303 2676 ἆδεισιθέοισι
1332 2634 1582 2692 λογισμοῖς,

525 2691 672 2737 οὐκέθ’
709 2689 816 2747 ὅλην
844 2688 1011 2747 βιότοιο
1045 2687 1393 2746 διεκπεράουσιν
1423 2690 1627 2752 ἀταρπόν
1655 2698 1737 2737 etc.

272 2782 342 2825 ap.
371 2765 528 2808 Julian.
559 2765 644 2822 Ep.
673 2764 774 2807 XII.
802 2763 903 2807 451.
935 2762 989 2803 cf.
1019 2761 1196 2818 Fragm.
1224 2778 1268 2820 p.
1296 2763 1397 2806 297.

392 2852 453 2909 [e]
485 2852 688 2895 Eustath.
732 2847 871 2894 1463:
898 2849 939 2892 5.
981 2846 1298 2909 Νεοπτόλεμος
1318 2852 1539 2910 χρησθεὶς
1567 2849 1655 2896 ὑπὸ
1681 2850 1859 2898 Ἑλένου
1886 2857 2041 2912 μένειν

274 2909 390 2956 ὅπου
422 2909 479 2954 ἂν
508 2904 615 2968 οἴκῳ
646 2907 805 2970 ἐντύχῃ
834 2909 1074 2967 θεμελίους
1102 2908 1189 2966 μὲν
1219 2910 1368 2966 ἔχοντι
1397 2909 1629 2968 σιδηροῦς,
1672 2916 1850 2968 τοίχους
1879 2912 1930 2957 δὲ
1960 2915 2038 2964 ξυ-
2120 2951 2122 2967 ;

272 2973 422 3018 λίνους
451 2971 527 3012 καὶ
557 2965 732 3028 ὄροφον
760 2971 929 3026 ἐρεοῦν.
962 2980 1138 3022 quorum
1177 2967 1356 3022 ignarus
1383 2968 1641 3024 Bernhardy
1667 2970 1712 3012 in
1741 2971 1966 3015 Eratosth.
1994 2986 2036 3028 p.

272 3028 341 3071 82.
370 3028 415 3069 in
442 3027 759 3071 verbis-schol.
790 3026 908 3069 Med.
940 3025 1223 3080 corruptelam
1261 3026 1670 3081 (κατασκηνοῦντας
1697 3043 1776 3085 pro
1817 3031 1894 3072 καὶ
1924 3027 2034 3074 οὕτω

271 3087 564 3141 σκηνοῦντας)
596 3086 785 3143 reliquit.
824 3085 864 3127 E
891 3083 1185 3139 *scriptoribus
1227 3084 1302 3139 qui
1339 3083 1395 3127 τὰ
1423 3085 1526 3143 μεθ’
1551 3084 1751 3145 Ὅμηρον
1779 3092 2034 3140 tractarunt,

272 3149 318 3186 et
345 3144 427 3186 hoc
456 3145 673 3189 oraculum
702 3148 883 3187 sumtum
909 3142 1079 3185 videtur
1109 3149 1152 3184 et
1179 3142 1286 3184 illud
1316 3158 1397 3199 quo
1427 3144 1688 3187 Philoctetes
1718 3161 1742 3188 e
1771 3146 1931 3189 Lemno
1961 3160 2032 3188 ac-

273 3203 383 3244 citus
424 3208 490 3245 est
531 3203 674 3245 Schol.
715 3203 840 3246 Pind.
869 3203 920 3244 P.
950 3201 985 3243 I.
1018 3201 1114 3242 100.
1143 3201 1358 3254 Helenus,
1390 3203 1509 3258 cujus
1531 3201 1883 3263 χειροσκοπικόν
1910 3205 2031 3248 Non-

272 3275 348 3302 nus
376 3260 538 3317 ExpoS.
569 3277 613 3305 c..
634 3261 794 3304 LXIX.
822 3265 867 3303 et
885 3259 1041 3302 Suidas
1071 3258 1219 3313 citant,
1250 3261 1469 3316 Trojanus
1495 3261 1570 3303 isse
1598 3262 1781 3316 videtur,
1814 3263 1887 3320 qui
1911 3261 2032 3318 prius

269 3319 572 3365 Scamandrius
610 3326 789 3363 vocatus
828 3321 884 3363 ab
921 3317 1066 3360 Edoni
1103 3317 1194 3361 filio
1230 3318 1397 3362 Heleno
1438 3333 1589 3363 nomen
1618 3325 1836 3378 artemque
1864 3320 2030 3377 accepit

266 3378 435 3420 Arrian.
466 3392 534 3435 ap.
565 3378 766 3422 Eustath.
797 3393 839 3436 p.
870 3376 970 3421 626.
999 3375 1070 3419 25.
