2158 3848
239 177 363 237 202
830 188 1064 231 LIBER
1107 190 1417 233 PRIMUS.

234 318 609 399 reipublicae*
670 335 760 376 ex.
795 319 930 396 lege
973 330 1035 380 et
1079 320 1295 381 ordine
1338 319 1508 402 apud
1554 339 1691 380 aras
1735 332 1798 380 et
1840 322 2008 383 delu-

236 421 346 479 bra
389 418 642 479 deorum
684 418 940 494 fiebant3
1004 422 1296 501 profana,
1363 441 1518 502 quae
1572 439 1687 500 per
1742 424 2008 482 occasio-

231 518 613 579 nem-festae
669 519 953 579 licentiae
1009 519 1389 581 audebantur
1446 541 1484 581 a
1538 522 1822 599 singulis3
1857 541 2006 601 ·quo

230 620 540 700 pertinent
592 617 704 675 illa
747 636 1090 678 scurrarum
1133 639 1395 701 pompas
1441 623 1871 681 comitantium
1910 621 2006 680 di-

231 720 418 779 cteria
462 726 522 775 et
551 715 854 775 obscoeni
895 728 1098 794 gestus
1143 719 1478 801 turbaeque
1523 723 1709 781 sacris
1753 721 2006 801 perfun-

230 829 360 877 ctae
401 814 701 888 ludibria‚
760 815 849 875 (16
893 818 1113 898 quibus
1172 819 1294 879 alio
1337 822 1475 880 loco
1520 821 1719 880 dicere
1774 840 2004 901 propo-

227 920 418 977 situm
461 924 579 975 est..
656 913 796 975 Jam
844 919 907 976 si
965 919 1321 980 clericorum
1383 921 1654 980 occultae
1676 921 2004 994 libidines,

227 1020 282 1077 si
323 1017 624 1076 laicorum
667 1035 780 1097 per
802 1016 955 1077 'dies
1000 1019 1192 1079 festos
1235 1020 1693 1093 bacchationeS,
1749 1022 1804 1079 si
1848 1039 2004 1099 quae

225 1116 642 1197 perditissima
685 1127 746 1177 et
787 1119 996 1178 infima
1039 1120 1179 1180 faex
1212 1121 1430 1201 populi
1472 1119 1721 1201 templis
1765 1139 2006 1198 egressa

223 1220 290 1276 in
318 1219 582 1297 popinis
628 1227 688 1276 et
729 1221 936 1295 ganeis
982 1222 1136 1298 agit,
1203 1239 1278 1279 ea
1333 1223 1542 1280 omnia
1593 1223 1648 1280 si
1709 1220 1791 1280 ad
1849 1221 2005 1279 chri-

222 1319 486 1377 stianam
528 1318 887 1395 religionem
929 1322 1239 1400 pertinent
1293 1323 1438 1400 quia
1491 1332 1770 1400 tempore
1827 1338 2000 1379 sacro

221 1421 376 1478 fiunt
391 1462 411 1492 ,
474 1428 609 1476 tum
679 1416 944 1497 denique
1011 1419 1343 1480 concedam
1399 1420 1476 1479 de
1530 1420 1999 1480 Atheniensium

222 1519 409 1579 sacris
454 1519 901 1594 augustissimis
944 1520 1154 1579 valere
1209 1539 1365 1599 quae
1419 1522 1748 1599 scriptores
1791 1520 1999 1579 Eccle-

222 1619 454 1679 siastici
498 1618 802 1676 criminati
844 1628 1004 1678 sunt.
1092 1619 1443 1699 Sanequam
1471 1619 1762 1680 credibile
1798 1629 1892 1679 est
1933 1622 1999 1678 in

220 1728 391 1779 tanto
435 1718 758 1776 hominum
804 1729 1108 1780 conventu
1164 1730 1412 1798 tamque
1469 1719 1660 1779 effusa
1719 1722 1998 1780 omnium

217 1820 455 1878 laetitia
506 1817 704 1876 multa
760 1827 970 1878 contra
1021 1819 1116 1877 fas
1173 1828 1500 1900 contraque
1542 1819 1740 1879 bonos
1793 1836 1996 1880 mores

217 1920 382 1978 facta
439 1935 602 1990 esse,
669 1932 824 1996 quae
883 1920 1233 1995 etiamnunc
1285 1921 1441 1978 fiunt
1495 1921 1857 1998 praesertim
1928 1922 1995 1979 in

221 2017 674 2079 Catholicorum
716 2019 921 2077 missis
963 2020 1274 2078 nocturnis
1311 2028 1374 2077 et
1405 2019 1993 2099 peregrinationibus

218 2119 518 2195 religiosis
576 2120 934 2179 catervatim
991 2121 1287 2198 susceptis
1305 2115 1398 2199 [⁶].
1485 2118 1611 2178 Sed
1674 2121 1741 2177 in
1805 2121 1994 2178 sacris

219 2219 393 2298 ipsiS‚
435 2220 502 2276 in
546 2227 875 2297 conspectu
901 2237 1281 2278 summorum
1322 2219 1811 2295 magistratuum,
1852 2227 1996 2278 ante

221 2319 429 2377 oculos
477 2315 749 2377 Cimonis
762 2361 780 2391 ‚
836 2319 1111 2378 Platonis
1127 2363 1145 2393 ‚
1208 2316 1519 2379 Cleanthis
1533 2362 1551 2391 ,
1591 2318 1857 2396 Lycurgi
1897 2321 1992 2381 vi-

214 2436 318 2478 ros
361 2418 750 2498 feminasque
790 2418 1155 2498 pudicitiam
1211 2438 1390 2479 suam
1432 2421 1858 2499 prostituisse.
1912 2438 1992 2479 116

221 2526 463 2577 centum
507 2516 754 2597 quidem
798 2517 1147 2594 Presbyteri
1188 2520 1367 2579 nobis
1410 2519 1880 2598 persuadebunt.
1952 2555 1953 2558 =
1989 2552 1991 2554 ·

334 2641 398 2700 [d]
430 2643 482 2686 In
512 2643 692 2686 Caecilii
718 2643 868 2685 fabula
897 2643 1050 2686 Titthe
1078 2643 1152 2685 Fr.
1183 2643 1219 2687 Ι.
1249 2659 1348 2700 per
1375 2646 1662 2700 mysteria
1702 2646 1795 2688 hic
1832 2646 1987 2689 inho—

214 2708 382 2746 neste
422 2717 539 2745 eam
579 2702 917 2758 gravidavit
959 2703 1197 2759 probro,
1241 2703 1409 2746 Nonius
1438 2704 1615 2746 verbum
1645 2705 1988 2760 gravidavit

216 2762 360 2804 nescio
403 2776 458 2804 an
498 2775 722 2818 perperam
749 2761 1060 2818 interpretatur
1087 2761 1366 2818 implevit.
1424 2761 1567 2804 Plaut.
1596 2762 1740 2804 Aulul.
1769 2762 1886 2806 Prol.
1915 2762 1984 2806 36.

212 2821 378 2863 illam
407 2820 705 2876 stupravit
735 2819 966 2862 Cereris
995 2821 1240 2875 vigiliis.
1271 2821 1354 2863 His
1383 2821 1552 2877 probris
1582 2821 1673 2863 sine
1695 2821 1827 2863 dubio
1850 2822 1986 2865 Eleu—

213 2879 325 2921 sinia
353 2893 436 2920 non
466 2892 666 2931 caruere,
705 2878 858 2935 quibus
898 2879 1191 2922 meretriculas
1232 2880 1406 2922 affuisse
1444 2884 1567 2936 patet
1594 2894 1650 2922 ex
1677 2880 1867 2937 Alciphr.
1898 2882 1982 2939 Ep.

213 2938 388 2993 Fragm.
416 2938 494 2980 IV.
525 2942 570 2979 et
598 2938 753 2979 Athen.
782 2937 907 2980 XIII.
936 2936 1116 2989 591.‚F.
1187 2938 1451 2982 Themistius
1482 2938 1639 2994 aliquis
1665 2944 1802 2982 morte
1829 2941 1984 2983 multa-

212 3003 284 3039 tus
328 2997 441 3052 quod
480 2996 784 3039 citharistriam
824 2996 1034 3039 Rhodiam
1073 2996 1227 3055 ῧβρισε
1267 3003 1358 3047 τοῖς
1391 2996 1674 3047 Ἐλευσινίοις
1711 2997 1914 3041 Dinarch.
1945 3015 1981 3041 6.

212 3055 333 3096 Dem.
364 3069 407 3110 p.
436 3052 506 3096 93.
537 3055 587 3098 ἓν
610 3053 826 3100 Ἐλευσῖνι
891 3053 966 3099 et&
994 3054 1048 3098 τὰ
1076 3053 1296 3114 μυστήρια
1325 3059 1400 3111 τῆς
1426 3052 1717 3116 πανηγύρεως
1755 3054 1982 3116 ἀκμαζού-

215 3125 294 3168 σης
320 3113 436 3155 Plut.
467 3113 615 3170 Symp.
646 3115 706 3156 II.
734 3116 776 3157 2.
807 3114 835 3156 7
867 3146 877 3156 .
918 3115 1072 3172 Neque
1100 3119 1243 3157 tamen
1270 3115 1411 3157 Bakio
1440 3115 1650 3158 assentior
1679 3116 1736 3158 ad
1765 3117 1981 3160 Cleomed.

214 3187 256 3228 p.
298 3170 399 3214 435.
456 3171 772 3216 Eleusiniorum
812 3172 982 3229 flagitia
1020 3174 1217 3229 arguenti
1256 3188 1280 3215 6
1322 3174 1442 3217 1)6111.
1480 3189 1522 3231 p.
1565 3173 1665 3215 Cor.
1709 3190 1751 3231 p.
1795 3174 1894 3218 313.
1935 3180 1978 3217 et

220 3229 365 3272 Schol.
395 3229 509 3272 Plut.
542 3231 666 3273 1015.
696 3247 873 3288 quorum
901 3234 1088 3275 locorum
1116 3233 1235 3289 prior
1264 3233 1430 3276 omnino
1459 3233 1542 3275 huc
1571 3247 1655 3275 non
1683 3234 1885 3290 pertinet,
1914 3233 1978 3275 al-

215 3295 283 3330 ter
323 3288 520 3331 mulieres
560 3289 728 3333 Atticas
768 3307 852 3335 non
893 3291 989 3349 plus
1027 3291 1183 3334 fecisse
1225 3293 1404 3348 probat,
1447 3306 1570 3348 quam
1612 3293 1726 3348 quod
1754 3293 1880 3337 hodie
1909 3294 1975 3334 fa-

217 3347 335 3390 ciunt
364 3347 516 3391 diebus
542 3349 820 3404 solemnibus,
852 3353 1120 3410 spectant
1149 3355 1487 3409 spectentur
1516 3355 1577 3394 ut
1605 3350 1776 3408 ipsae.
