2158 3848
696 268 1272 314 ELEUSINIA.
1455 203 1459 206 μ
1758 257 1878 318 165

107 422 186 464 ne
239 400 385 483 quid
426 402 559 460 sine
597 401 837 460 ratione
864 399 1183 461 effutitum
1199 443 1218 475 ,
1267 395 1479 480 itaque
1520 411 1732 463 contra
1771 421 1875 465 ve-

107 506 347 563 ritatem
367 505 370 507 ’
391 499 752 573 obstinatos,
796 509 868 560 ut
910 519 1067 581 quae
1107 498 1568 581 interpretando
1593 501 1674 560 ad
1694 521 1878 563 suum

106 600 422 661 arbitrium
486 618 777 660 revocare
843 610 1178 682 nequeant,
1253 597 1551 661 mutanda
1612 599 1876 660 lectione

102 699 456 759 adulterent.
551 697 627 758 Id
680 700 736 759 si
787 700 1110 780 probaturi
1161 718 1288 760 non
1353 709 1526 774 sunt,
1595 697 1877 760 desinant

102 800 379 878 antiquos
413 784 795 876 Allegoretas
839 802 1151 861 testificari
1193 809 1377 881 atque
1420 819 1632 860 eorum
1668 810 1876 860 aucto-

97 901 275 958 ritate
316 916 384 957 se
425 896 787 975 defendere,
829 920 1089 981 quorum
1131 903 1401 962 rationes
1443 901 1695 979 rejicere
1739 918 1876 960 coa-

97 999 177 1058 cti
230 1006 389 1057 sunt.
474 998 720 1059 Deinde
773 1003 960 1061 etiam
1004 1020 1212 1061 secum
1255 1000 1624 1074 deliberent,
1667 1019 1877 1060 sacrae

95 1100 430 1180 scripturae
470 1101 837 1180 interpretes
864 1103 1161 1178 mysticos
1195 1119 1276 1161 an
1309 1101 1483 1179 sequi
1514 1100 1874 1175 sustineant,

97 1201 202 1279 qui
272 1208 403 1259 tum
472 1201 757 1260 omnibus
821 1202 889 1260 in
955 1199 1139 1260 rebus
1209 1199 1584 1260 Graecorum
1638 1200 1875 1259 similes

70 1299 296 1372 fuere,
353 1308 485 1359 tum
529 1299 745 1360 eadem
791 1299 1180 1361 obscuritatis
1224 1301 1530 1361 calumnia
1572 1300 1670 1359 usi
1713 1309 1874 1373 sunt,

92 1399 370 1460 adhibito
423 1398 542 1460 sibi
597 1397 825 1460 Christi
878 1410 1232 1481 praecepto·
1264 1402 1625 1479 margaritas
1669 1400 1872 1479 porcis

33 1559 35 1561 ,
89 1501 308 1581 projici
351 1500 616 1561 vetantis
631 1502 715 1581 [¹¹¹]
761 1502 1067 1581 proxime*
1089 1510 1274 1582 atque·
1313 1501 1408 1561 illi
1448 1500 1723 1560 Platonis
1767 1519 1873 1559 au-

0 1626 1 1633 *
92 1601 375 1661 ctoritate
444 1599 623 1660 abusi
690 1610 864 1660 sunt:
928 1602 1016 1683 μὴ
1071 1606 1344 1685 καθαρῷ
1397 1601 1520 1687 γὰρ
1578 1604 1872 1683 καθαροῦ

92 1699 483 1784 ἐφάπτεσθαι
523 1700 609 1782 μὴ
654 1702 729 1763 οὔ
770 1701 1036 1782 θεμιτὸν
1075 1698 1133 1781 ᾖ.
1220 1701 1539 1761 Postremo
1597 1702 1872 1760 animum

90 1821 170 1860 ne
224 1799 520 1859 inducant
569 1801 704 1859 fieri
754 1818 940 1880 posse
996 1810 1065 1860 ut
1108 1801 1509 1879 ambiguitate
1550 1801 1872 1859 nominum

86 1919 433 1983 quenquam
487 1898 881 1959 mediocriter
932 1901 1203 1980 peritum
1256 1898 1494 1960 fallant.
1605 1898 1765 1960 Nam
1818 1902 1874 1958 si

87 2006 185 2087 (ut
248 2010 487 2062 veteres
529 1999 775 2061 'faciunt
839 1997 1227 2080 saepissime)
1284 2000 1679 2079 allegoricum
1734 2000 1871 2061 sive

86 2100 499 2180 symbolicum
536 2099 608 2160 id
649 2101 990 2175 nominant,
1033 2101 1199 2181 quod
1243 2112 1337 2161 est
1380 2121 1418 2160 a
1457 2100 1705 2182 publica
1725 2118 1870 2181 pro-

85 2204 341 2285 priaque
384 2199 642 2261 dicendi>
666 2202 912 2260 ratione
955 2219 1240 2262 aversum
1256 2245 1275 2275 ,
1317 2203 1499 2274 item,
1555 2203 1610 2260 si
1652 2212 1869 2281 poetas

87 2304 371 2382 antiquos
414 2299 607 2360 ‘rebus
657 2317 841 2360 sensu
894 2301 1239 2360 carentibus
1305 2310 1508 2361 actum
1563 2298 1869 2380 quendam

88 2410 154 2462 et
206 2403 448 2462 animos
505 2398 748 2460 dedisse
804 2400 1208 2473 contendunt,
1276 2399 1345 2460 id
1398 2410 1639 2461 tantum
1693 2399 1869 2460 abest

85 2512 158 2562 ut
209 2503 664 2582 impugnemus,
722 2510 792 2560 ut
834 2503 1085 2560 omnino
1130 2509 1326 2560 artem
1369 2503 1503 2584 sine
1544 2501 1641 2560 his
1682 2499 1865 2560 rebus

88 2611 365 2662 constare
405 2618 714 2678 negemuS.
799 2599 925 2660 Sed
963 2599 1119 2660 illud
1161 2620 1533 2681 magnopere
1575 2600 1866 2682 depreca-

6 2705 11 2715 ’
84 2721 257 2776 mur,
315 2719 394 2760 ne
447 2698 562 2760 sub
614 2700 733 2760 hoc
772 2702 1052 2780 poeticae
1092 2702 1619 2782 interpretationis
1661 2701 1865 2773 titulo,

89 2799 384 2883 quidquid
433 2801 739 2881 resupinis
796 2811 858 2860 et
914 2810 1075 2861 tecta
1132 2802 1552 2883 spectantibus
1594 2804 1662 2861 in
1704 2802 1862 2878 cogi-

88 2904 383 2962 tationem
449 2902 662 2963 venire
723 2901 909 2975 solet,
974 2901 1252 2963 Homero
1315 2904 1650 2974 inculcent,
1704 2919 1864 2961 neve

94 3019 234 3061 eum
274 3011 519 3082 poetam
534 3046 551 3075 ,
595 3020 774 3082 quem
815 3003 1336 3083 sapientissimum
1378 3002 1580 3064 videri
1622 3002 1860 3073 volunt,

210 3126 286 3182 [ιι]
314 3127 441 3171 rhot„
469 3126 584 3170 Bibl,
614 3095 829 3171 ccxix.
858 3143 900 3185 p.
928 3127 1029 3172 409.
1059 3130 1115 3172 de
1141 3129 1355 3184 Eulogiu:
1385 3128 1466 3183 τὴν
1494 3125 1723 3188 ἀσάφειαν
1750 3126 1856 3172 enc-

94 3183 223 3238 τηδες
248 3182 581 3259 περιβάλλεται,
622 3183 682 3235 ὠς
718 3182 776 3229 ἂν
813 3188 878 3246 μὴ
917 3184 1121 3259 βεβήλοις
1159 3186 1213 3232 τὰ
1254 3188 1282 3233 ἅ
1314 3205 1361 3231 ια
1402 3189 1565 3259 &mittet
1606 3190 1682 3259 εἴη.
1705 3186 1855 3286 ἶεαὶοοὶ

93 3257 497 3359 ἐὶἰῗγὲἕὲἶωρεἴῖέῖ
529 3246 1028 3362 ἔὲἶροῷῗῶοῷῗὲἴεῖῗξ
1039 3247 1138 3356 ’1:22¹
1155 3247 1604 3364 tgzzwffhessssffssss
1632 3246 1759 3362 {¹1¹3ss
1787 3257 1854 3346 ιέἐ

93 3359 315 3411 stisnonia,
355 3358 430 3402 sed
464 3374 618 3429 ‘vereor
646 3375 699 3404 ne
728 3362 785 3408 ab
814 3362 906 3417 his,
945 3364 1018 3421 qui
1048 3364 1103 3407 de
1132 3363 1358 3422 disciplina
1386 3378 1545 3408 arcana
1575 3363 1852 3421 scripserunt,

96 3421 414 3477 praeoccupata
443 3423 538 3462 sint.
