2158 3848
244 220 370 282 428
773 233 1011 279 Llnssu
1052 233 1481 279 SECUNDUS.

381 364 602 433 Πρῶτον
633 359 946 436 μὲν-πρώτῳ
984 361 1054 414 ἔνὶ
1088 358 1246 429 ἤματι
1282 361 1515 432 φαίνεται
1537 360 1692 432 Ἄρης
1755 398 1757 402 .

378 444 514 516 μήνη
551 445 604 499 δ’
642 448 713 510 εἷς
729 444 887 516 ’Άρην
921 445 1251 498 ἐπιτέλλεται·
1288 445 1423 512 ἴσχεο
1458 444 1511 497 ‹5'
1547 444 1720 516 ἔργων.

379 528 528 600 τήνδε
559 530 655 600 γὰρ
690 527 980 593 ἔξανῦσασα
1011 526 1165 599 φύσιν
1198 530 1408 601 ὃίκερων
1441 528 1725 601 ἀναφαίνει.

381 614 545 683 αὐτὰρ
584 614 707 683 ἐπὴν
742 614 914 683 τρίτον
947 605 1086 681 ἦμαρ
1125 610 1423 685 ἀπόπροθεν
1457 614 1661 683 ἠελίοιο,

379 704 534 752 πᾶσιν
566 697 900 763 ἐπιχθονίοισι
930 695 1262 767 φυτοσπόρου
1295 700 1430 767 αἰτίη
1464 699 1636 768 ἀλκῆς.

238 831 391 895 quos
448 829 665 874 versus
718 807 771 869 J.
818 808 1087 889 Scaliger
1142 809 1221 886 de
1254 811 1534 871 Emeud,
1586 811 1802 894 Temp.
1848 802 1926 871 T.
1969 811 2016 870 Ι.

238 932 299 994 p.
336 912 431 974 10.
474 911 637 973 hunc
678 911 745 970 in
787 908 1042 971 modum
1087 911 1306 989 corrigi
1347 910 1510 972 vult:
1554 919 1771 994 πρῶτα
1806 911 1924 994 μὲν
1967 915 2020 972 εὶ

245 1010 474 1097 πρώτῳ
518 1049 603 1058 -
645 1008 809 1092 μήνη
865 1011 924 1081 ἔς
977 1011 1028 1073 τ’
1076 1012 1265 1094 Ἄρην
1307 1011 1669 1073 ἐπιτέλλεται
1711 1046 1795 1056 —-
1836 1007 2019 1073 τόνδε

237 1112 366 1200 γὰρ
412 1109 763 1184 ἐξανύσασα
804 1146 891 1157 —
934 1111 1134 1194 αὐτὰρ
1180 1110 1280 1172 ἐπὶ
1319 1109 1534 1194 τρίτον
1573 1108 1742 1194 ἦμαρ
1779 1149 1863 1157 -—
1905 1112 2021 1171 ita-
2112 1131 2113 1134 ’

239 1230 358 1292 que
421 1213 860 1292 interpretatur
922 1200 990 1269 iu
1043 1210 1341 1288 Prolegg.,
1367 1229 1429 1290 p.
1486 1210 1587 1270 47.
1652 1213 1719 1273 si
1774 1232 1815 1293 p
1829 1213 1895 1272 ri
1908 1230 1970 1272 m
1984 1229 2022 1269 a

237 1313 646 1371 neomenia
687 1314 763 1371 in
807 1310 1008 1370 diem
1051 1309 1333 1375 Martis
1372 1310 1413 1369 i.
1459 1330 1509 1368 e.
1555 1309 1830 1372 feriam
1875 1320 2018 1370 ter-

239 1412 429 1471 tiam
497 1410 904 1484 inciderit,
991 1408 1533 1470 abstinendum
1600 1409 1688 1472 ab
1757 1430 1850 1506 op
1867 1430 2020 1484 ere,

241 1508 497 1587 singulis
543 1509 760 1570 diebus
813 1506 1086 1587 Singulos
1142 1509 1503 1568 existimans
1548 1508 1698 1570 deos
1730 1530 1835 1599 Ρ·ι
1836 1529 2022 1590 aepo-

239 1610 391 1669 sitos
447 1609 637 1668 fuisse
691 1611 758 1669 in
813 1608 1092 1669 dominio
1152 1616 1415 1688 quatuor
1468 1610 1690 1687 viginti
1709 1593 2022 1670 ⁴'horarum

239 1709 359 1770 sibi
402 1709 855 1770 succedentium
902 1728 975 1768 ea
1018 1704 1443 1770 vicissitudine
1457 1751 1474 1781 ‚
1540 1728 1698 1789 quae
1738 1729 1777 1770 a
1816 1710 2024 1770 Dione

242 1792 457 1870 Cassio
503 1800 795 1892 exposita
840 1821 948 1870 est.
1010 1829 1070 1871 v.
1116 1809 1181 1868 P.
1224 1810 1330 1869 III.
1389 1807 1453 1870 C.
1496 1809 1606 1871 IX.
1662 1809 1715 1892 ξ.
1759 1811 1820 1870 7.
1903 1807 2020 1868 Ve-

238 1930 376 1971 rum
419 1911 526 1970 ille
569 1912 740 1971 locus
784 1920 919 1970 tum
962 1928 1118 1983 uno,
1156 1918 1247 1968 ‘ut
1290 1908 1592 1987 diximus,
1653 1909 1844 1972 verbo
1889 1928 2024 1969 mu-

240 2020 370 2071 tato
414 2011 480 2069 in
525 2007 711 2070 aliam
756 2011 1124 2070 Sententiam
1167 2012 1360 2085 verti,
1415 2019 1548 2070 tum
1603 2019 1843 2071 retenta
1897 2012 2025 2091 pri·
2106 2027 2111 2036 ‘

243 2112 406 2170 Stina
459 2110 722 2171 lectione
777 2110 1102 2170 commode
1157 2111 1451 2192 explicari
1504 2120 1728 2191 potest.
1785 2130 1845 2174 v.
1891 2109 2023 2171 Sel-

243 2210 380 2271 den.
426 2210 505 2271 de
549 2209 677 2270 Jur.
723 2211 902 2273 Gent.
946 2211 1015 2270 L.
1059 2211 1166 2271 III.
1213 2232 1260 2271 c.
1311 2210 1406 2271 19.

937 2411 1090 2492 ἓξ.
1176 2411 1233 2471 4.

411 2593 508 2653 Ex
564 2594 980 2674 Ephemeride
1044 2595 1310 2654 fortasse
1375 2604 1695 2676 excerptus
1762 2608 1856 2656 est
1917 2595 2024 2654 ille

243 2711 491 2767 versuS,
536 2713 720 2774 quem
763 2692 815 2754 J.
862 2694 1076 2772 Lydus
1120 2695 1468 2755 asservavit
1510 2713 1570 2772 p.
1607 2695 1708 2754 26.
1751 2693 2024 2779 Μάρτυς

233 2795 498 2878 Ὀρφεὺς
541 2796 736 2881 λέγων

374 2888 633 2962 Ἑβδόμη,
671 2914 734 2962 ην
771 2893 1007 2964 ἐφίλησεν
1040 2890 1169 2955 ἅναξ
1201 2889 1433 2963 ἑκάεργος
1458 2889 1774 2960 Ἀπόλλωνβι
1779 2898 1815 2959 ].

363 3022 427 3079 [a]
458 3022 603 3065 Affert
639 3022 752 3066 hunc
790 3035 958 3065 versum
996 3022 1126 3079 Bapt.
1164 3022 1380 3079 Egnatius
1421 3022 1662 3067 Racematt.
1705 3037 1742 3066 c.
1772 3023 1892 3068 XXI.
1923 3022 2020 3067 348.

243 3081 287 3124 in
318 3081 448 3124 Grut.
477 3081 627 3139 Lamp.
659 3082 718 3125 T.
746 3081 782 3124 Ι.
813 3095 868 3124 ex
898 3081 1078 3124 Maximi
1108 3080 1316 3124 Planudis
1344 3081 1480 3133 libro,
1523 3087 1572 3124 ut
1601 3081 1814 3136 arbitror,
1857 3097 1939 3140 quo
1971 3097 2018 3124 se

245 3139 469 3196 plurimum
499 3141 692 3197 adjutum
721 3154 816 3183 esse
843 3139 888 3181 in
915 3139 992 3182 illa
1022 3141 1075 3182 de
1106 3140 1269 3183 dierum
1299 3140 1537 3183 nominibus
1567 3141 1857 3198 disputatione
1869 3140 2016 3210 profi·
2031 3143 2034 3147 ’

242 3202 371 3242 tetur.
430 3199 544 3241 Nam
573 3213 626 3241 ex
656 3199 802 3243 eodem
832 3198 941 3241 libro
973 3199 1084 3242 hunc
1112 3200 1250 3242 locum
1279 3199 1479 3273 apponitt
1510 3201 1554 3242 οἱ
1584 3201 1689 3259 περὶ
1719 3196 2018 3268 Ζωροάστρην

243 3259 321 3301 καὶ
357 3253 614 3311 ’Υστάσπην
656 3258 899 3303 Χαλδαῖοι
923 3259 1000 3301 καὶ
1041 3255 1285 3315 Αἰγύπτιοι
1325 3256 1398 3301 ἀπ’
1431 3239 1659 3316 ἀριθμοῦ
1662 3260 1754 3302 τῶν
1781 3253 2017 3311 πλανητων

244 3315 320 3365 τὰς
358 3315 409 3360 ἐν
438 3316 578 3374 ἑβδομ
583 3313 716 3370 cidon
753 3321 858 3375 έρας
885 3314 1127 3372 ἀνέλαβον,
1160 3331 1271 3373 quae
1299 3318 1434 3360 verba
1463 3317 1644 3359 Rivetus
1673 3317 1728 3358 de
1756 3317 1879 3371 Orig.
1911 3315 2016 3358 Sab.

246 3390 283 3417 c.
314 3375 366 3416 V.
409 3333 620 3418 Seldenus
660 3334 750 3419 ΙΙΙμ

785 3373 850 3417 19.
881 3372 979 3418 390.
1024 3375 1266 3419 Martorelli
1298 3376 1350 3418 de
1380 3375 1528 3419 Theca
1559 3375 1723 3421 Galam.
1755 3391 1798 3433 p.
1829 3373 1926 3419 311.
1959 3379 2016 3425 et,
2095 3415 2097 3418 ,
