2158 3848
257 238 383 297 280
786 248 1021 294 menn
1063 247 1489 294 SECUNDUS.

259 397 394 438 rum
442 380 716 438 omnium
759 378 1053 459 exempla
1080 378 1306 438 afferre
1359 378 1606 455 longum
1661 378 1850 452 foret,
1915 379 2027 440 sed

261 497 338 538 ex
381 496 504 538 uno
548 480 880 559 specimine
923 487 1123 537 totum
1167 478 1284 554 hoc
1326 496 1513 556 genus
1573 480 2026 557 superstitionis

261 580 538 656 cognosci
592 578 758 638 volo.
843 575 1193 636 Alexandro
1248 587 1495 637 mortuo
1558 576 1805 651 urbem,
1871 597 2027 658 quae

259 695 479 756 corpus
523 677 654 753 ejus
698 683 974 735 servaret
987 717 1011 747 ‚-
1048 676 1342 735 invictam
1387 678 1870 755 inviolatamque
1895 677 2030 736 fore

258 774 618 836 Aristander
660 773 1196 855 praedixit-vates
1237 774 1474 835 Aelian.
1504 775 1577 835 V.
1620 776 1702 836 H.
1743 775 1881 837 ΧΠ.
1925 777 2028 837 64.

260 875 332 933 cf.
392 873 522 933 Jul.
560 873 962 933 ValeriifRes
1018 883 1163 950 gest.
1219 874 1400 934 Alex.
1455 875 1524 933 L.
1567 877 1671 936 111.
1734 886 1782 936 c.
1826 874 2031 957 92.[*]

256 973 577 1033 Aristides-
603 974 811 1032 rhetor
854 973 1069 1032 Manes
1114 992 1362 1047 eorum,
1416 975 1519 1054 qui
1563 983 1775 1035 contra
1814 976 2031 1036 Persas

256 1083 595 1152 pugnantes
651 1078 777 1152 pro.
810 1072 1103 1132 'libertate
1157 1075 1396 1154 patriae
1461 1083 1748 1133 mortema
1794 1076 2034 1155 oppeti-

257 1175 527 1247 vissent‚
563 1181 855 1251 tanquam
900 1183 1233 1253 perpetuos
1260 1174 1554 1233 Graeciae
1597 1183 1830 1234 tutores
1858 1193 2034 1255 prae·

260 1271 426 1332 dicat
470 1272 574 1331 Or.
620 1271 706 1330 Pl.
750 1274 931 1354 II.·p.
982 1274 1203 1352 172.[t]
1269 1282 1330 1331 et
1367 1274 1500 1351 jam
1544 1273 1859 1334 Perdiccas
1904 1294 2035 1335 mo-

259 1372 424 1430 riens
468 1370 709 1449 Argaeo
751 1373 890 1431 filiov
925 1373 1122 1432 locum
1167 1382 1538 1433 monstrasse
1593 1372 1846 1448 dicitur,
1911 1393 2034 1454 quo

259 1470 464 1550 condi.
505 1471 707 1531 vellet:
738 1480 824 1529 -et
889 1489 1029 1531 ossa
1093 1473 1278 1531 etiam
1344 1473 1799 1533 succedentium
1862 1476 2036 1554 poni,

258 1568 505 1648 quotad
546 1569 660 1628 ibi
700 1570 1086 1650 reliquiae
1127 1580 1623 1650 posterorum
1670 1572 2036 1633 conditae

258 1668 552 1741 forent,
608 1688 922 1747 regnum
978 1671 1056 1728 in
1097 1669 1407 1731 familia
1449 1690 1886 1732 mansurum
1928 1671 2038 1732 Ju-

260 1769 402 1827 stin.
446 1767 514 1827 L.
560 1767 897 1850 V11.,2.[tt]
985 1762 1184 1849 Eique
1230 1773 1511 1851 opinioni
1552 1773 1893 1834 inserviens
1920 1772 2038 1849 Py-

260 1866 393 1924 thia
438 1869 926 1948 quotiescunque
981 1871 1262 1931 civitates
1319 1871 1517 1944 fame,
1582 1870 1777 1946 bello,
1834 1873 2040 1933 aliove

258 1966 424 2025 malo
481 1979 730 2048 pressae
787 1967 1001 2029 divina
1057 1970 1314 2029 consilia
1351 1980 1768 2051 expeterent,
1855 1973 2038 2032 toties

330 2193 332 2195 ,
381 2137 435 2192 [Ἴ
467 2137 624 2180 Liban.
664 2138 786 2182 Decl.
831 2139 893 2182 T.
918 2140 977 2183 11.
1008 2154 1050 2196 p.
1081 2139 1180 2183 577.
1205 2137 1543 2200 Ἀλεξάνδρειαν
1579 2139 1659 2195 τὴν
1690 2139 1932 2185 δεικνῦσαν
1961 2139 2040 2185 τὸν

256 2191 553 2254 Ἀλεξάνδρου
584 2194 760 2256 νεκρόν.

266 2312 269 2314 ,
381 2267 446 2323 [t]
480 2265 784 2323 ὑποχθονίους
823 2266 1029 2326 φύλακας
1067 2270 1145 2311 καὶ
1181 2272 1382 2330 σωτῆρας
1409 2273 1500 2314 τῶν
1522 2266 1772 2326 Ἑλλήνων,
1817 2267 1894 2320 οὓς
1933 2267 2040 2332 ῥύε-

262 2330 375 2369 σθαι
402 2324 483 2379 τὴν
503 2328 666 2384 χωραν
696 2325 748 2371 οὐ
771 2331 933 2386 χεῖρον
964 2323 990 2381 ἢ
1020 2324 1100 2370 τὸν
1128 2328 1178 2370 ἐν
1196 2331 1397 2385 Κολωνῷ
1425 2333 1636 2387 κείμενον
1665 2328 1887 2374 Οἰδίπουν
1914 2328 1942 2384 ἢ
1972 2333 2041 2373 εἴ-

261 2399 326 2431 τις
356 2382 579 2440 ἀλλαχόθι
618 2401 708 2428 που
737 2387 812 2439 τῆς
833 2381 988 2444 χώρας
1017 2386 1067 2428 ἒν
1096 2389 1237 2443 καιρῷ
1267 2391 1359 2435 τοῖς
1388 2389 1493 2438 ζῶσι
1522 2392 1703 2431 κεῖσθαι
1731 2392 2036 2431 πεπίστευται.

264 2441 379 2483 Hinc
410 2443 606 2484 emendes
635 2444 800 2484 Annaei
831 2444 941 2485 Gaz.
974 2458 1014 2499 p.
1046 2443 1146 2486 654.
1176 2444 1292 2486 Bibl.
1324 2445 1448 2500 Bing.
1479 2445 1577 2491 XII.
1609 2442 1785 2495 ἀκούεις
1812 2444 1891 2489 τὸν
1913 2446 2043 2491 Οἰδί-

261 2513 382 2542 πουν
423 2501 473 2543 ἐν
511 2503 709 2556 Κολωνῷ
752 2505 963 2558 κείμενον
1005 2503 1053 2545 ἒν
1081 2499 1244 2560 Σκύρῳ
1274 2503 1462 2563 (καιρῷ)
1493 2509 1673 2547 κεῖσθαι
1701 2509 1794 2553 τοῖς
1821 2506 2038 2554 πολίταις.

263 2557 464 2599 Valerius
509 2558 631 2601 Max.
661 2559 714 2600 V.
744 2558 786 2601 3.
815 2559 858 2602 3.
902 2559 1139 2615 Oedipodis
1169 2574 1266 2602 ossa
1294 2561 1407 2603 inter
1436 2564 1711 2618 Areopagum
1740 2568 1784 2604 et
1815 2563 2042 2606 Minervae

264 2629 405 2658 arcem
446 2616 607 2659 honore
647 2630 750 2659 arae
792 2617 915 2672 quasi
956 2623 1231 2665 sacrosancta
1273 2619 1357 2660 coli
1395 2620 1513 2661 dicit.
1574 2621 1732 2662 Verbis
1759 2620 1846 2662 illis
1875 2618 1904 2673 ἢ
1935 2625 2041 2670 εἴτις

265 2670 488 2729 ἀλλαχόθι
518 2677 594 2725 τῆς
613 2672 769 2733 χώρας
798 2675 1028 2717 Aristidem
1057 2690 1141 2718 non
1163 2676 1362 2720 Orestem
1391 2677 1673 2732 significasse,
1703 2682 1755 2718 ut
1777 2678 2043 2720 scholiastes

266 2737 412 2774 censet
440 2745 483 2788 p.
513 2733 614 2776 213.
647 2733 870 2776 Cratinum
901 2735 1100 2776 comicum
1133 2748 1329 2790 sequens,
1359 2735 1523 2776 indicat
1551 2749 1702 2777 nomen
1731 2732 1758 2789 ἡ
1781 2732 1928 2795 χώρα,
1959 2738 2042 2779 At-

264 2790 395 2832 ticam
427 2791 660 2844 denotans;
705 2790 920 2843 Theseum
960 2791 1144 2848 intelligi
1183 2793 1321 2836 voluit
1349 2794 1420 2836 vel
1450 2793 1741 2849 Eurystheum
1771 2808 1906 2851 prope
1933 2801 2045 2837 tem-

263 2849 383 2906 plum
426 2849 651 2900 Minervae
678 2850 912 2892 Pallenidis
957 2851 1169 2894 conditum
1198 2851 1352 2907 Eurip.
1393 2851 1569 2894 Heracl.
1602 2851 1729 2894 1026.
1759 2851 2040 2896 Frommelius

269 2907 504 2962 Colonum,
535 2908 736 2951 demum
765 2909 979 2962 Atticum,
1010 2910 1054 2951 in
1079 2910 1261 2953 insulam
1292 2909 1483 2952 Delum
1511 2912 1733 2953 transfert.

388 2980 455 3035 [tt]
486 2980 604 3022 Idem
633 2979 685 3024 L.
717 2981 798 3024 III.
827 2982 870 3023 4.
899 2982 1153 3026 Phalantum
1183 2990 1333 3025 narrat
1363 2996 1462 3025 ossa
1492 2996 1570 3024 sua
1601 2982 1766 3024 conteri
1795 2986 1840 3023 et
1868 2982 1912 3024 in
1945 2984 2040 3025 foro

265 3037 507 3080 Tarentino
547 3039 696 3096 spargi
731 3040 912 3096 jussisse
949 3054 1031 3097 quo
1073 3041 1320 3084 Partheniis
1350 3041 1659 3098 possessionem
1688 3040 1967 3083 Tarentinam
1997 3041 2042 3082 in

265 3101 488 3138 aeternum
527 3098 738 3141 fundaret.
808 3099 926 3143 Idem
970 3100 1118 3141 eodem
1163 3100 1339 3142 consilio
1370 3100 1569 3142 Solonem
1599 3099 1754 3142 fecisse
1783 3099 2042 3142 Aristoteles

266 3153 462 3212 prodidit
506 3169 575 3212 ap.
618 3157 733 3199 Plut.
764 3158 818 3200 V.
848 3156 938 3199 Sol.
970 3171 1007 3199 c.
1037 3157 1219 3201 XXXII.
1251 3172 1389 3214 neque
1419 3157 1534 3200 aliud
1563 3157 1798 3199 zoroaster
1825 3158 2040 3200 moribun-

268 3213 349 3255 dus
379 3213 526 3255 Persis
554 3213 799 3258 mandavit:
830 3213 912 3260 ἐὰν
940 3212 1133 3275 ἐκκαὺσῃ
1162 3231 1221 3275 με
1250 3214 1300 3261 τὸ
1331 3219 1437 3276 πῦρ,
1470 3217 1520 3260 ἐκ
1549 3217 1639 3258 τῶν
1668 3219 1923 3273 καιομένων
1948 3229 2039 3272 μου

267 3270 438 3316 ὀστέων
466 3267 661 3327 ἐπάρατε
689 3270 1023 3342 καὶ,φυλάξατε
1052 3277 1130 3317 καὶ
1157 3274 1213 3319 οὐ
1242 3277 1390 3331 λείψει
1419 3271 1468 3318 τὸ
1498 3275 1728 3328 βασίλειον
1767 3274 1818 3317 ἐκ
1846 3276 1922 3328 τῆς
1937 3267 2041 3328 χώ-

270 3344 352 3385 ρας
379 3326 533 3386 ἡμῶν,
565 3329 674 3374 ὅσον
694 3346 871 3434 χῖονον
900 3328 1142 3390 φυλάττετε
1173 3333 1261 3392 ἐμὰ
1291 3332 1423 3379 ὀστέα
1454 3331 1611 3378 Chrou.
1641 3332 1796 3376 Pasch.
1820 3346 1864 3390 p.
1886 3329 1956 3374 37.
1987 3328 2039 3372 C.

268 3388 427 3431 Zonar.
459 3388 566 3431 Lex.
596 3403 639 3446 p.
669 3389 727 3432 96
759 3422 769 3432 .
