2158 3848
227 200 352 262 588
755 215 995 260 mnan
1039 215 1470 262 SECUNDUS·

222 345 606 411 τελίσκουσιν
655 345 886 413 utve&
938 348 1061 410 καὶ·
1099 348 1346 430 Κυβέλη
1400 345 1507 409 καὶ
1547 339 1876 432 Κορύβασι
1912 366 2001 397 ⁴-

230 445 698 529 Τεθρυλλήκασι
722 445 867 520 deis
890 444 973 516 ὥς
1016 445 1148 527 ἄρα,
1186 443 1555 519 οἷ’ποσπάσας
1597 449 1631 511 ὃ
1671 448 1836 519 Ζεὺς
1887 455 2003 511 τοῦ

220 543 400 630 κριοῦ
442 546 588 615 τοὺς
632 544 941 640 διδύμους
984 549 1052 608 ἐν
1093 547 1303 626 μέσοις
1329 551 1549 633 ἔρριψε
1592 556 1724 621 τοῖς
1756 547 2004 618 κόλποις

219 656 328 727 τῆς
371 651 605 726 Δηοῦς,
643 642 1229 729 ’τιμωρίαν-ψευδῆ
1258 649 1626 730 τῆςβιαίας-
1653 656 2006 731 συμπλοκῆς

222 745 593 818 ἐκτιννύων,
650 743 734 814 ὥς
774 743 1018 809 ἑαυτὸν
1060 746 1261 825 δῆθεν
1303 746 1586 830 immutat:
1614 755 1703 831 (p.
1754 749 1879 826 13.)
1920 780 2004 795 --

220 843 510 909 —-·-‹K15a>
541 843 740 927 μὲνὴ
785 843 1081 928 Δημήτηρ
1094 858 1132 920 ,’
1160 840 1572 931 ἀνατρέφεται
1615 850 1684 912 δὲ
1726 844 2003 932 ἔφ’-Κόρη,

218 939 518 1033 μίγνυται
560 945 622 1008 δ’
669 942 860 1016 αὖθις
892 946 927 1008 ὃ
962 943 1268 1032 γεννήσας
1297 944 1374 1030 if]
1410 944 1813 1033 Φὲῤῥεφάττῃ
1847 946 2006 1031 δρά-

219 1072 350 1111 κων
403 1043 754 1133 γενόμενος.
843 1047 1193 1129 Σαβαζίων
1234 1056 1395 1133 γοῦν
1436 1044 1816 1132 μυστηρίων·
1843 1046 2007 1131 σύ,ι.ιὼ

217 1138 414 1231 βολον
472 1147 505 1209 ὅ
552 1145 667 1217 διὰ,
703 1144 935 1210 κόλπου
979 1143 1158 1218 θεός·
1213 1142 1570 1230 ὃρῑάκωνὸθ
1614 1151 1782 1214 ἐστὶν
1824 1145 2006 1231 οὗτος

218 1245 610 1330 ὃιελκόμενος
675 1255 789 1310 τοῦ
856 1239 1091 1311 κόλπου
1157 1255 1288 1313 τῶν
1338 1252 1748 1332 τελουμένων.
1853 1247 2002 1312 Κύει

216 1347 322 1410 καὶ
351 1348 391 1426 ἡ
429 1348 833 1429 Φερρέφαττα
868 1348 1064 1410 παῖδα
1097 1344 1564 1432 ταυρόμορφον·
1611 1351 1818 1432 ἀμέλει
1850 1349 2007 1432 φησί

214 1442 308 1518 ἕεις
364 1446 617 1527 ποιητὴς
670 1445 989 1517 εἲὸωλικός
1051 1453 1354 1529 Ταῦρος
1397 1448 1832 1531 δράκοντος
1874 1450 2003 1518 καὶ

215 1545 530 1631 δράκων
598 1546 900 1631 ταύρου
970 1547 1252 1632 πατήρ,
1320 1551 1417 1613 ἐν·
1453 1550 1619 1630 ὄρει
1671 1549 1753 1612 τὸ
1811 1548 2000 1631 κρύ-

215 1673 400 1731 φιον
452 1637 840 1730 βουκόλος
894 1650 998 1712 τὸ·
1036 1651 1364 1732 κέντρον
1392 1648 1484 1729 [⁰].
1585 1648 1708 1714 His
1759 1648 2002 1711 infulcit

214 1835 256 1877 p.
286 1817 385 1863 213.
415 1819 595 1863 Vossius
625 1821 864 1864 Aristarch.
900 1821 952 1866 V.
987 1836 1024 1864 c.
1054 1820 1125 1864 46.
1156 1822 1234 1865 sed
1264 1822 1346 1865 hoc
1377 1822 1433 1865 ad
1451 1790 1705 1879 varuspicum
1735 1825 1871 1866 artem
1899 1835 2000 1882 per-

211 1880 337 1932 tinet,
368 1893 472 1935 quos
501 1879 665 1921 Plinius
694 1880 772 1923 XI.
800 1880 872 1923 71.
904 1893 1002 1923 sero
1032 1880 1196 1924 demum
1226 1887 1326 1939 post
1354 1880 1427 1925 Ol.
1454 1875 1766 1925 >CXXVI-,cor
1787 1879 2000 1938 inspicere

213 1939 407 1996 coepisse
435 1938 585 1980 tradit.
1307 1973 1309 1975 .
1436 1964 1458 1977 ,ψ

254 2066 256 2068 ,
332 2016 397 2075 [⁰]
430 2017 516 2059 Pro
561 2017 612 2060 ἐν
651 2012 746 2076 ὄρει
786 2013 835 2060 τό
877 2019 1022 2062 nescio
1053 2019 1155 2076 quid
1187 2019 1371 2077 proponi
1400 2019 1538 2078 possit
1567 2022 1741 2076 praeter
1770 2018 1999 2077 Suco-elder,

212 2075 293 2118 nec
321 2075 351 2118 li
383 2080 460 2118 uet
481 2074 630 2118 addita
653 2090 678 2118 a
703 2076 924 2119 Clemente
945 2078 1273 2134 interpretatio:
1303 2075 1572 2132 βουκολικὸν
1591 2073 1718 2132 οἶμαι
1738 2075 1788 2121 τὸ
1811 2081 1999 2136 κέντρον

210 2132 293 2178 τὸν
320 2139 527 2192 ναρθηκα
556 2135 809 2189 ἐπικαλῶν,
842 2132 898 2191 ὃν
925 2135 982 2187 δὴ
1014 2135 1154 2181 κάλον
1182 2137 1294 2193 (sic)
1335 2136 1699 2208 ἀνασζρξφουσιν
1727 2138 1777 2180 αἱ
1802 2132 1997 2194 Βάκχᾳι.

140 2208 149 2223 ·
213 2192 289 2236 ubi
316 2193 443 2250 plura
471 2184 684 2235 ex‘cidisse
713 2193 916 2238 videntur
947 2209 988 2236 v.
1013 2210 1050 2238 c.
1077 2191 1302 2250 βουκόλον
1331 2190 1459 2254 οἶμαι
1478 2211 1558 2238 τον
1578 2192 1779 2252 Βάκχον,
1811 2197 1998 2254 κέντρον

211 2249 294 2296 τὸν
322 2248 530 2311 νάρθηκα
559 2253 790 2296 ἐπικαλῶν
819 2252 956 2308 δῆτα,
990 2250 1045 2297 ὃν
1072 2271 1131 2288 ’--
1160 2259 1244 2300 etc.
1297 2254 1422 2297 Haec
1452 2254 1528 2310 qui
1556 2255 1760 2306 solverit,
1830 2251 1998 2297 rotinus

213 2325 259 2352 se
290 2311 492 2367 accingat
522 2311 578 2353 ad
607 2312 788 2354 alterum
818 2319 975 2369 poetae
1003 2313 1114 2355 sacri
1146 2313 1302 2356 nodum
1330 2313 1375 2356 in
1397 2313 1576 2356 Firmici
1599 2313 1654 2356 de
1679 2313 1780 2355 Err.
1827 2314 1924 2370 prof.
1953 2329 1997 2370 p.

212 2367 313 2414 413.
344 2370 420 2412 ubi
450 2370 504 2412 de
537 2370 784 2413 Mithriacis
813 2371 1009 2414 disseritz
1042 2372 1231 2415 Virum
1263 2373 1592 2415 abactorem
1623 2373 1783 2415 boum
1813 2371 1998 2414 colen-

209 2435 322 2480 teS‚
364 2443 536 2470 sacra
577 2429 701 2484 ejus
743 2429 809 2471 ad
841 2430 996 2486 ignis
1027 2432 1401 2475 transferunt
1431 2437 1809 2487 potestatem,
1841 2430 1995 2474 sicut

213 2487 500 2543 propheta
528 2487 653 2541 ejus
684 2488 854 2530 nobis
885 2489 1139 2532 tradidit
1168 2489 1361 2532 dicens
1391 2494 1549 2533 Μικτα
1578 2494 1810 2548 βοομυστα
1837 2487 1991 2532 uun..

214 2546 586 2598 ο....’”’κλοπιης.
603 2576 642 2588 ..
675 2546 774 2589 dere
803 2543 974 2603 πατρὸς
1002 2547 1192 2605 ἀγαυοῦ.
1234 2547 1288 2590 de
1319 2562 1403 2604 quo
1434 2548 1530 2590 loco
1559 2547 1856 2604 interrogatus
1885 2548 1996 2589 Sca-

213 2603 350 2658 liger,
426 2609 472 2646 ut
513 2602 664 2645 saltem
709 2604 873 2659 aliquid
913 2607 1216 2660 responderet,
1276 2606 1498 2661 respondit
1537 2607 1599 2647 sic
1641 2606 1803 2661 corrigi
1841 2619 1992 2662 posse:

207 2658 437 2716 ·Μυκήταο
478 2662 703 2720 (μυκητᾶο
743 2662 842 2714 ille,
885 2663 929 2704 ni
971 2663 1125 2715 fallor,
1168 2664 1366 2719 scripsit)
1406 2661 1512 2717 βοὸς
1550 2660 1719 2721 μύσται
1749 2674 1805 2696 -·-’-
1835 2659 1994 2708 Κύκλοι

210 2724 483 2776 βοοκλοπίης
522 2719 780 2764 συναείδετε
821 2722 927 2778 (non
969 2721 1258 2778 συναείδατε)
1298 2720 1467 2778 πατρὸς
1506 2719 1682 2780 ἀγαυοῦ
1692 2757 1705 2778 ,
1746 2722 1822 2764 ubi
1851 2719 1993 2767 κύκλα

211 2779 483 2834 βοοκλοπίης
510 2778 756 2834 significare
786 2781 994 2822 festum
1024 2780 1078 2822 in
1109 2781 1293 2823 orbem
1323 2781 1578 2836 rediens,
1611 2781 1724 2838 quod
1754 2794 1876 2824 nemo
1898 2796 1992 2824 cre·-

214 2838 301 2880 det.
362 2838 435 2880 Ex
476 2837 559 2879 hac
599 2837 764 2880 ludicra
807 2843 852 2881 et
893 2852 1103 2880 araneosa
1144 2841 1417 2896 conjectura,
1478 2854 1604 2895 quam
1645 2840 1802 2896 dudum
1838 2841 1993 2896 rejecit

214 2897 486 2951 Gronovius,
530 2897 840 2940 Grotefendius
876 2897 925 2950 vin
965 2897 1193 2940 Amalthea
1235 2899 1549 2954 Boettigerana
1585 2899 1644 2942 ΙΙ.
1690 2898 1786 2942 106.
1816 2898 1988 2956 longum

213 2955 436 2997 contexuit
465 2955 520 2997 de
549 2955 685 3010 cyclis
715 2961 760 2998 et
789 2955 970 3010 orbibus
1001 2970 1250 3010 sermonem,
1280 2957 1325 2999 in
1356 2971 1440 3013 quo
1470 2972 1525 3000 ne
1554 2959 1664 3002 mica
1694 2957 1866 3014 quidem
1895 2958 1990 3000 veri

214 3014 352 3066 inest,
394 3019 439 3056 et
475 3028 604 3069 porro
636 3015 812 3058 Osanno
843 3014 1058 3071 persuasit
1087 3021 1135 3056 ut
1163 3030 1315 3058 nomen
1344 3017 1613 3073 βοοκλοπίη,
1655 3022 1859 3073 tanquam
1889 3017 1989 3059 Fir-

214 3072 312 3115 mici
343 3072 603 3115 auctoritate
632 3074 860 3125 munitum,
891 3073 1233 3131 Lexicographis
1263 3075 1443 3119 offerret
1470 3077 1648 3119 Auctar.
1680 3090 1722 3132 p.
1751 3074 1823 3120 42.
1854 3090 1989 3133 quan·
2035 3091 2038 3095 ’

212 3144 340 3186 quam
391 3133 579 3183 fatetur,
635 3132 776 3174 hunc
817 3146 1067 3185 versum,
1112 3148 1267 3189 quem
1310 3134 1736 3178 Grotefendius
1775 3150 1838 3178 ex
1878 3133 1984 3179 Jul.

213 3188 449 3232 Firmici
488 3190 921 3234 Astronomicon
961 3191 1141 3234 libris
1182 3194 1434 3249 repetit,
1475 3193 1703 3236 frustra
1732 3208 1791 3236 se
1820 3208 1987 3250 quae-

215 3246 392 3290 siisse
431 3247 485 3290 in
525 3248 752 3292 Aldina.
830 3250 1038 3293 Nimirum
1070 3264 1180 3306 quae
1212 3252 1483 3294 Christianus
1511 3252 1586 3294 ille
1616 3252 1790 3309 scripsit
1818 3252 1873 3295 de
1900 3251 1985 3294 Er-

213 3319 312 3348 rore
342 3307 616 3362 profanarum
645 3307 913 3364 religionum,
944 3323 1028 3352 non
1058 3308 1258 3365 leguntur
1288 3311 1330 3353 in
1359 3310 1482 3354 libris
1512 3311 1900 3355 Astronomicurum
1931 3309 1989 3354 ab

213 3364 381 3409 homine
409 3365 560 3421 gentili
590 3365 731 3410 editis,
1724 3389 1727 3393 >
