2158 3848
788 246 1304 294 ORPH1cA.'
1781 235 1908 295 267

134 407 266 448 esse
307 383 638 445 Muellerus
682 374 991 439 concludit
1034 393 1118 434 ex
1162 394 1269 449 eo,
1331 375 1497 456 quod
1540 379 1733 438 filium
1779 381 1911 457 ejus

133 485 640 562 Polydamantem
683 477 996 539 Homerus
1055 476 1263 536 semel
1302 475 1382 536 ab
1436 476 1554 536 hoc
1613 477 1730 536 deo
1786 499 1912 540 ser-

137 595 346 647 vatum
390 589 617 640 narrat.
705 576 830 638 Sed
859 575 1009 656 quid
1034 577 1290 650 mirum,
1333 579 1387 637 si
1417 579 1734 636 maximus
1762 577 1913 638 Tro-

121 685 225 762 jae
266 689 688 762 propugnator
749 696 945 737 unum
988 678 1338 758 principum
1382 677 1794 756 Trojanorum
1839 699 1915 738 ex

126 782 402 843 faucibus
436 781 560 840 ‘fati
607 781 792 860 eripit
834 788 1018 858 atque
1062 778 1306 840 servat?
1394 778 1478 837 Et
1502 780 1601 838 cui
1625 796 1752 838 non
1782 798 1915 839 ma-

126 881 434 941 nifestum·
463 889 587 954 est,
651 880 770 940 hoc
825 881 1033 959 ipsum
1076 881 1310 958 poetis,
1370 879 1475 958 qui
1517 897 1615 938 res
1660 878 1737 939 ab
1781 879 1916 940 Ho-

126 1000 300 1041 mero
327 980 586 1041 traditas
619 999 838 1040 ornare
875 989 936 1038 et
970 980 1214 1040 variare
1251 980 1742 1053 constituissent,
1787 998 1917 1039 rna-

90 1090 94 1094 ’
125 1084 346 1142 teriam
389 1080 656 1160 fingendi
699 1079 1268 1161 praebuisse,.sive
1297 1079 1547 1156 auguris
1585 1097 1918 1159 personam

126 1182 559 1259 Polydamanti
619 1181 853 1243 vellent
919 1180 1272 1259 imponere,
1341 1178 1477 1239 sive
1539 1177 1917 1238 sacerdotis?

121 1281 310 1355 *Quod
369 1283 424 1340 is
468 1282 837 1359 gravissimo
895 1288 1137 1339 ostento
1183 1277 1540 1339 admonitus
1583 1277 1919 1340 Hectorem

129 1401 166 1441 a
209 1382 546 1441 certamine
590 1398 854 1442 avocare
898 1378 1107 1439 studet
1147 1379 1218 1439 ΙΙ.
1250 1378 1388 1439 ΧΠ.
1433 1381 1578 1439 207.
1621 1378 1690 1439 id
1733 1399 1916 1459 quos-

127 1481 271 1542 dam
312 1481 589 1555 induxit,
654 1490 726 1540 ut
782 1490 845 1540 et
897 1482 1107 1560 ipsum
1165 1489 1228 1539 et
1279 1487 1524 1561 patrem
1576 1481 1642 1539 in
1698 1490 1920 1541 vatum

127 1601 453 1642 numerum
510 1581 928 1642 adscriberent
943 1583 1028 1662 [¹¹¹]
1097 1582 1310 1660 utique
1367 1588 1614 1661 praeter
1658 1580 1922 1641 Homeri

128 1685 526 1756 sententiam,
572 1683 678 1762 qui
720 1680 1073 1762 prodigium
1114 1680 1300 1755 illud,
1345 1700 1639 1762 quorsum
1683 1692 1922 1762 specta-

127 1792 251 1855 ret,
306 1783 540 1842 nemini
582 1783 1003 1862 praesentium
1048 1782 1302 1841 latuisse
1356 1782 1570 1841 scribit
1626 1791 1688 1840 et
1737 1782 1922 1859 Poly-

130 1881 483 1942 damantem
524 1884 733 1962 ipsum
778 1880 860 1940 ad
903 1900 1162 1959 augures
1206 1891 1498 1961 tanquam
1545 1880 1626 1941 ad
1677 1881 1921 1959 judices

127 1992 571 2062 provocantem
626 1980 866 2041 inducit
919 2001 980 2044 v.
1039 1983 1182 2042 229.
1293 1978 1526 2043 Verum
1587 1983 1705 2041 hoc
1766 1983 1924 2043 nihil

129 2082 825 2164 morabantur-poetae,
894 2085 999 2162 qui
1026 2072 1420 2156 Homerum,
1487 2085 1541 2144 si
1593 2086 1726 2143 fieri
1779 2103 1935 2165 pos--

131 2194 256 2256 set,
301 2202 592 2264 superare
633 2182 920 2261 fingendo
968 2203 1155 2263 quam
1185 2202 1396 2263 presse
1440 2183 1731 2264 subsequi
1768 2185 1923 2243 mal«

252 2366 324 2422 [¹¹²]
355 2367 559 2410 Aelianus
598 2367 716 2411 Hist.
754 2368 836 2410 An.
877 2368 1002 2411 VIII.
1032 2367 1074 2412 5.
1105 2367 1460 2424 Polydamantem
1490 2369 1708 2423 Tiresiae,
1740 2369 1925 2425 Polyido

137 2432 182 2467 et
211 2422 534 2482 Theoclymeno
575 2425 793 2482 adjungit,
834 2433 1039 2484 tanquam
1078 2427 1266 2482 ejusdem
1299 2429 1406 2470 artis
1438 2428 1660 2484 auguralis
1693 2428 1924 2474 conscium.

136 2484 373 2528 Pantheum
411 2484 670 2528 Eustathius
710 2485 846 2528 tradit
875 2501 915 2543 p.
947 2487 1048 2529 900.
1077 2486 1148 2528 46.
1191 2486 1366 2529 natione
1395 2486 1610 2544 Delphum
1642 2502 1735 2530 cum
1766 2487 1927 2543 legatis

138 2542 342 2598 Trojanis
372 2544 536 2587 oraculi
566 2544 881 2600 interpretandi
911 2559 1041 2587 causa
1074 2545 1255 2600 Trojam
1284 2546 1484 2598 venisse3
1517 2547 1696 2589 Servius
1727 2547 1832 2589 Aen.
1864 2547 1926 2589 II.

136 2600 235 2644 318.
267 2601 525 2645 Panthus
556 2602 886 2658 Othryadis
916 2603 1088 2646 filius
1119 2603 1371 2661 (Euphorbi
1402 2605 1510 2647 dicit
1548 2605 1690 2647 Dares
1734 2606 1926 2649 csVIII.

136 2660 315 2704 fratrem
353 2667 398 2704 et
438 2661 673 2718 patruelem
704 2663 986 2712 confundens)
1026 2663 1227 2721 templi
1257 2663 1527 2721 Delphici
1559 2665 1838 2707 sacerdos
1868 2691 1924 2698 -—-

137 2733 293 2776 quem
332 2719 499 2762 filius
540 2721 853 2764 Antenoris
901 2721 1134 2778 TroJam
1164 2723 1444 2778 perduxit
1475 2728 1532 2765 et
1562 2725 1926 2767 sacerdotem

138 2778 434 2835 Apollinis
461 2779 607 2825 fecit
637 2780 904 2824 Priamus.
964 2781 1081 2824 Hinc
1111 2782 1325 2838 suspicari
1354 2783 1482 2835 licet,
1514 2783 1705 2836 Panthoi
1734 2783 1927 2826 fabulam

139 2836 286 2879 iisdem
317 2838 466 2881 deberi
495 2838 773 2893 auctoribus,
817 2840 890 2896 qui
935 2841 1110 2884 oracula
1139 2840 1354 2897 Delphica
1384 2842 1741 2884 consarcinarunt
1772 2841 1923 2884 Mene-

141 2892 211 2937 lao
238 2899 285 2938 et
311 2896 485 2940 Priamo
515 2897 684 2953 (Schol.
714 2898 835 2942 brev.
865 2902 912 2941 et
940 2900 1093 2943 Venet.
1124 2900 1180 2942 ad
1210 2901 1263 2942 11.
1295 2901 1347 2942 V.
1378 2899 1449 2942 64.
1483 2900 1628 2942 Schol.
1659 2900 1769 2954 Lyc.
1803 2900 1925 2956 132.)
1951 2922 1955 2925 ⁴

144 2957 190 2994 et
227 2954 373 2997 Paridi
414 2956 582 3012 (Schol.
623 2957 818 3001 Ambros.
862 2958 948 3001 Od.
979 2959 1061 3002 III.
1091 2959 1216 3015 267.)
1248 2959 1390 3013 edita,
1434 2964 1478 3002 et
1506 2958 1638 3011 illud,
1671 2957 1785 3015 quod
1814 2959 1927 3002 Tro-

142 3009 234 3065 jani
271 3026 298 3055 a
337 3012 572 3058 Dodonaeo
613 3015 722 3058 Jove
765 3014 1024 3074 acceperunt
1069 3019 1209 3060 Varro
1252 3019 1397 3074 Antiq.
1429 3019 1544 3060 divv.
1576 3016 1628 3058 L.
1659 3018 1718 3060 II.
1753 3032 1794 3074 p.
1825 3016 1926 3061 215.

147 3069 245 3124 Bip·
300 3071 381 3114 His
426 3074 537 3116 adde
580 3078 734 3118 sortem
778 3076 986 3133 Apollinis
1027 3077 1070 3119 in
1113 3078 1222 3118 urbe
1266 3078 1427 3133 Priapo
1468 3076 1676 3118 Dardano
1714 3076 1927 3119 redditam
1955 3109 1967 3115 -

146 3126 291 3171 Schol.
319 3128 425 3186 hyc.
452 3132 524 3175 29.
555 3132 732 3176 alteram
762 3135 949 3189 ejusdem
979 3136 1049 3179 dei
1078 3136 1250 3177 Priamo
1280 3135 1441 3178 Zeleae
1470 3134 1528 3178 ib.
1559 3149 1600 3178 v.
1626 3134 1726 3178 315.
1750 3137 1926 3180 tertiam

147 3185 279 3228 Lesbi
319 3186 467 3245 Pelopi
507 3193 722 3235 Ναπαίου
757 3190 1038 3244 ’Λπόλλωνος
1078 3194 1223 3236 Schol.
1256 3194 1475 3251 Aristoph.
1506 3193 1656 3237 Nubb.
1691 3190 1787 3243 144.
1850 3195 1926 3237 Sic

146 3244 1928 3369 ἱῗὲῗτοῖωθζονῖπῧουδὲθδὲειτὶῗίωὲεἱθὲῗιῑίέῑξξῗξὲιιξηιίἳέἱῖῗῳῗηιξζῗιίἷᾶξῗπῗι

147 3358 332 3417 μήλιος,
367 3367 609 3422 ῙῙοίμνιος,
636 3364 934 3427 Ἀρνοκόμος,
977 3376 1023 3413 et
1052 3372 1165 3427 apud
1196 3371 1377 3415 Lesbios
1421 3373 1656 3425 Ναπαῖος,
1702 3371 1815 3428 quod
1856 3373 1925 3415 fu«-

150 3421 298 3474 giebat
328 3421 636 3468 Schneiderum
668 3426 721 3469 ad
755 3427 960 3471 Nicandr.
994 3429 1129 3473 Ther.
1160 3428 1259 3473 614.
