2158 3848
795 209 1246 256 oRPHICA.
1778 194 1906 261 449

134 350 249 412 τὸν
306 347 516 430 ἱερὸν
571 343 650 407 λό
662 367 803 429 7021
846 338 1075 398 dixisse
1119 337 1409 410 affirmat,
1475 343 1721 419 quicum
1766 363 1903 405 con-

133 448 334 507 sentit·
359 439 815 523 quodammodo
863 437 1179 511 ClemenS,
1240 438 1566 518 Orpheum
1615 443 1902 518 referens,

133 563 319 626 quum
338 533 462 602 'illa
491 551 761 613 caneret,
803 540 917 603 τὸν
947 542 1143 609 ὅντως
1183 539 1350 622 ἱερὸν
1380 536 1567 624 λόγον
1597 543 1906 616 cecinisse,

130 662 267 704 sero
312 641 558 722 quidem
603 639 713 700 sed
757 650 979 699 tamen.
1066 639 1286 699 Fuisse
1314 649 1518 699 autem
1551 638 1734 718 hnjus
1754 661 1905 721 poe-

130 754 230 803 tae
271 742 478 822 plures
524 741 724 824 ἱερούς
752 739 1008 826 λόγους,
1053 741 1187 800 sive
1231 757 1424 798 unum
1468 740 1533 798 in
1576 740 1786 819 plures
1829 741 1904 800 li-

128 843 271 902 bros
295 843 614 922 partitum,
660 839 885 900 Suidas
931 850 992 899 et
1019 839 1425 917 Etymologus
1470 838 1709 914 docent,
1754 859 1904 921 quo-

125 961 266 1001 rum
291 941 484 1003 verba
528 941 677 1002 alibi
718 940 920 1014 retuli,
965 958 1151 1019 quum
1198 938 1587 999 ostenderem
1616 940 1733 999 hoc
1775 959 1902 999 car-

126 1043 295 1101 mine
338 1041 594 1101 deorum
642 1051 812 1099 ortus
867 1049 929 1097 et
981 1057 1079 1097 res
1135 1046 1338 1115 gestas
1393 1038 1673 1097 fabulose
1716 1040 1904 1099 tradi-

126 1151 222 1201 tas
280 1161 429 1200 esse.
527 1140 626 1200 Ab
682 1140 799 1198 hoc
865 1156 1014 1198 vero
1070 1156 1290 1214 genere
1344 1136 1651 1196 scribendi
1682 1157 1685 1159 ’
1717 1158 1904 1219 quum
1997 1137 2002 1143 ’

124 1243 395 1300 maxime
453 1240 822 1299 abhorreant
875 1238 923 1295 ii
975 1254 1222 1310 versuS,
1297 1236 1517 1316 quibus
1575 1235 1905 1299 Christiani

124 1342 452 1420 scriptores
495 1340 631 1400 veri
675 1338 777 1397 dei
818 1338 1140 1396 notionem
1185 1337 1522 1397 clarissime
1553 1357 1905 1417 expressam

122 1449 376 1522 putant,
421 1438 814 1499 statuendum
860 1447 983 1511 est,
1030 1456 1242 1497 eorum
1286 1437 1731 1515 subjectorem,
1759 1459 1761 1461 ’
1786 1459 1905 1520 quo

125 1542 463 1621 speciosius
519 1548 864 1619 susceptam
925 1556 1253 1618 personam
1310 1548 1616 1612 tueretur,
1679 1540 1908 1600 multos

124 1658 209 1699 ex
254 1639 487 1719 Orphei
540 1639 929 1698 sermonibus
985 1640 1173 1697 sacris
1231 1639 1725 1717 transscripsisse-
1769 1644 1907 1702 ver‘-

124 1759 228 1800 sus
273 1740 375 1802 vel
421 1739 634 1819 quales
690 1747 864 1798 erant
918 1738 1019 1798 vel
1064 1738 1334 1797 molliter
1386 1738 1674 1812 inflexoS,
1741 1760 1907 1801 eam-

125 1860 243 1920 que
289 1858 534 1899 causam
581 1857 714 1898 esse
769 1858 876 1897 cur
928 1847 1059 1901 τῶν
1113 1840 1272 1901 κατὰ
1326 1839 1440 1901 τὸν
1495 1839 1665 1919 ἱερὸν
1719 1839 1907 1925 λόγον

123 1939 430 2014 dicantur3
490 1938 599 2008 sed
646 1939 939 2012 eundem,
996 1939 1162 2018 quod
1205 1937 1370 1997 haud
1427 1957 1626 2017 pauca
1670 1937 1747 1998 de
1791 1959 1905 2000 suo

124 2038 468 2118 adjecisset,
510 2041 804 2098 assumtis
850 2041 1172 2112 contraria,
1218 2039 1578 2101 centunculo
1624 2057 1738 2099 suo
1763 2060 1907 2120 pro-

122 2141 327 2219 prium
384 2158 610 2198 nomen
647 2144 1004 2218 ’Διαθηκῶν
1058 2140 1459 2219 imposuisse,
1526 2157 1598 2197 eo
1654 2139 1906 2219 quidem

125 2240 417 2318 consilio,
461 2249 531 2298 ut
570 2240 724 2298 haec
749 2242 923 2318 quasi
970 2259 1199 2318 cygnea
1224 2239 1525 2298 Libethrii
1566 2241 1730 2300 vatis
1755 2259 1906 2300 ¹can-

124 2339 215 2397 tio
259 2338 449 2398 fuisse
491 2338 821 2400 videretur.
908 2338 1035 2399 Nec
1088 2341 1222 2398 sine
1272 2349 1435 2398 certa
1488 2340 1728 2398 ratione
1773 2338 1906 2400 Cle-

122 2456 297 2497 mens
340 2438 496 2498 hanc
540 2448 937 2518 expurgatam
994 2450 1054 2498 et
1109 2439 1527 2499 orthodoxam
1571 2439 1906 2501 editionem

123 2546 275 2618 prae
316 2538 426 2597 illo
473 2535 720 2600 vetusto
767 2548 828 2597 et
870 2539 1135 2619 profano
1183 2541 1468 2613 carmine,
1513 2540 1677 2619 quod
1705 2542 1761 2600 ei
1790 2543 1905 2602 mi-

122 2640 289 2698 nime
332 2641 611 2716 ignotum
658 2649 821 2711 erat,
864 2639 978 2702 τὸν
1021 2641 1218 2709 ὄντως
1262 2640 1432 2723 ἱερὸν
1476 2638 1904 2726 λόγονήοηιί-

120 2746 248 2798 nat.
344 2737 473 2799 Nos
540 2757 691 2799 vero
758 2747 1085 2819 utramque
1144 2741 1429 2799 carminis
1496 2740 1762 2801 formam
1817 2744 1905 2802 sic

125 2835 585 2915 distinguemuS,
630 2846 701 2897 ut
741 2839 855 2912 illi,
902 2858 1021 2920 quo
1066 2849 1307 2901 veteres
1341 2840 1560 2900 Graeci
1604 2843 1699 2900 usi
1727 2851 1904 2921 sunt,

123 2939 443 3015 proprium
480 2956 709 2997 nomen
752 2941 1132 3000 sermonis
1179 2943 1379 3000 sacri
1420 2939 1774 3015 reddamuS,
1819 2942 1905 3001 al-

126 3044 325 3095 terum
379 3057 562 3112 vero,
633 3037 800 3118 quod
858 3057 896 3098 a
938 3036 1190 3099 Judaeis
1247 3041 1686 3119 interpolatum
1730 3040 1908 3103 vide-

126 3145 260 3208 tur,
318 3134 805 3198 Testamenti
859 3138 1164 3199 vocabulo
1208 3150 1491 3200 notemus
1536 3143 1672 3204 sive
1716 3144 1903 3202 etiam

126 3233 609 3297 Palinodiae.
669 3237 795 3298 Sed
830 3238 963 3315 jam
1008 3249 1210 3299 cetera
1245 3259 1464 3300 causae
1501 3242 1906 3302 instrumenta

128 3331 488 3413 expediam,
530 3338 919 3417 primumque
962 3340 1238 3419 probabo
1282 3341 1487 3419 ipsum
1525 3342 1905 3402 Testamenti

1484 3442 1567 3500 29
