<?xml version="1.0" encoding="UTF-8"?>
<!DOCTYPE html PUBLIC "-//W3C//DTD XHTML 1.0 Transitional//EN"
    "http://www.w3.org/TR/xhtml1/DTD/xhtml1-transitional.dtd">
<html xmlns="http://www.w3.org/1999/xhtml" xml:lang="en" lang="en">
 <head>
  <title>
</title>
<meta http-equiv="Content-Type" content="text/html;charset=utf-8" />
  <meta name='ocr-system' content='tesseract 3.04.00' />
  <meta name='ocr-capabilities' content='ocr_page ocr_carea ocr_par ocr_line ocrx_word'/>
</head>
<body>
  <div class='ocr_page' id='page_1' title='image "./aglaophamussived01lobeuoft_0188.png"; bbox 0 0 2158 3848; ppageno 0'>
   <div class='ocr_carea' id='block_1_1' title="bbox 289 179 1466 243">
    <p class='ocr_par' dir='ltr' id='par_1_1' title="bbox 289 179 1466 243">
     <span class='ocr_line' id='line_1_1' title="bbox 289 179 1466 243; baseline -0.007 0"><span class='ocrx_word' id='word_1_1' title='bbox 289 179 410 243; x_wconf 82' lang='lat'>172</span> <span class='ocrx_word' id='word_1_2' title='bbox 874 191 1112 237; x_wconf 71' lang='lat' dir='ltr'>mnan</span> <span class='ocrx_word' id='word_1_3' title='bbox 1155 192 1466 238; x_wconf 81' lang='lat' dir='ltr'>PRIMUS.</span> 
     </span>
    </p>
   </div>
   <div class='ocr_carea' id='block_1_2' title="bbox 277 323 2056 507">
    <p class='ocr_par' dir='ltr' id='par_1_2' title="bbox 277 323 2056 507">
     <span class='ocr_line' id='line_1_2' title="bbox 278 323 2054 407; baseline 0.001 -22"><span class='ocrx_word' id='word_1_4' title='bbox 278 346 340 407; x_wconf 87' lang='lat' dir='ltr'>p.</span> <span class='ocrx_word' id='word_1_5' title='bbox 366 325 468 385; x_wconf 87' lang='grc'>28.</span> <span class='ocrx_word' id='word_1_6' title='bbox 507 332 579 384; x_wconf 91' lang='lat' dir='ltr'>ut</span> <span class='ocrx_word' id='word_1_7' title='bbox 615 323 809 385; x_wconf 90' lang='lat' dir='ltr'>altero</span> <span class='ocrx_word' id='word_1_8' title='bbox 846 325 1191 386; x_wconf 89' lang='lat' dir='ltr'>animarum</span> <span class='ocrx_word' id='word_1_9' title='bbox 1218 327 1283 386; x_wconf 92' lang='lat' dir='ltr'>in</span> <span class='ocrx_word' id='word_1_10' title='bbox 1311 341 1569 406; x_wconf 88' lang='lat' dir='ltr'>corpora</span> <span class='ocrx_word' id='word_1_11' title='bbox 1592 332 2054 404; x_wconf 86' lang='lat' dir='ltr'>transgressum,</span> 
     </span>
     <span class='ocr_line' id='line_1_3' title="bbox 277 424 2056 507; baseline 0 -21"><span class='ocrx_word' id='word_1_12' title='bbox 277 424 472 489; x_wconf 85' lang='lat' dir='ltr'>altero</span> <span class='ocrx_word' id='word_1_13' title='bbox 529 443 740 484; x_wconf 91' lang='lat' dir='ltr'>earum</span> <span class='ocrx_word' id='word_1_14' title='bbox 783 424 1178 485; x_wconf 84' lang='lat' dir='ltr'>luctationem</span> <span class='ocrx_word' id='word_1_15' title='bbox 1227 436 1289 485; x_wconf 91' lang='lat' dir='ltr'>et</span> <span class='ocrx_word' id='word_1_16' title='bbox 1329 427 1799 507; x_wconf 82' lang='lat' dir='ltr'>repugnantiam</span> <span class='ocrx_word' id='word_1_17' title='bbox 1841 424 2056 486; x_wconf 90' lang='lat' dir='ltr'>adum-</span> 
     </span>
    </p>
   </div>
   <div class='ocr_carea' id='block_1_3' title="bbox 275 522 2150 602">
    <p class='ocr_par' dir='ltr' id='par_1_3' title="bbox 275 522 2150 602">
     <span class='ocr_line' id='line_1_4' title="bbox 275 522 2150 602; baseline -0.001 -17"><span class='ocrx_word' id='word_1_18' title='bbox 275 525 442 585; x_wconf 85' lang='lat' dir='ltr'>brari</span> <span class='ocrx_word' id='word_1_19' title='bbox 471 524 665 585; x_wconf 87' lang='lat' dir='ltr'>dicat.</span> <span class='ocrx_word' id='word_1_20' title='bbox 740 522 1034 602; x_wconf 82' lang='lat' dir='ltr'>Idemque</span> <span class='ocrx_word' id='word_1_21' title='bbox 1075 525 1141 583; x_wconf 91' lang='lat' dir='ltr'>in</span> <span class='ocrx_word' id='word_1_22' title='bbox 1181 524 1341 584; x_wconf 89' lang='lat' dir='ltr'>libro</span> <span class='ocrx_word' id='word_1_23' title='bbox 1387 525 1915 586; x_wconf 88' lang='lat' dir='ltr'>Chrestomathiae</span> <span class='ocrx_word' id='word_1_24' title='bbox 1957 544 2056 585; x_wconf 84' lang='lat' dir='ltr'>sa·</span> <span class='ocrx_word' id='word_1_25' title='bbox 2143 574 2150 598; x_wconf 15' lang='grc' dir='ltr'>ᾧ.</span> 
     </span>
    </p>
   </div>
   <div class='ocr_carea' id='block_1_4' title="bbox 271 622 2056 805">
    <p class='ocr_par' dir='ltr' id='par_1_4' title="bbox 271 622 2056 805">
     <span class='ocr_line' id='line_1_5' title="bbox 275 622 2055 706; baseline -0.002 -19"><span class='ocrx_word' id='word_1_26' title='bbox 275 644 443 687; x_wconf 85' lang='lat' dir='ltr'>cram</span> <span class='ocrx_word' id='word_1_27' title='bbox 509 626 781 684; x_wconf 86' lang='lat' dir='ltr'>lauream</span> <span class='ocrx_word' id='word_1_28' title='bbox 797 666 814 694; x_wconf 92' lang='lat'>‚</span> <span class='ocrx_word' id='word_1_29' title='bbox 883 640 1066 702; x_wconf 90' lang='lat' dir='ltr'>quam</span> <span class='ocrx_word' id='word_1_30' title='bbox 1128 625 1196 682; x_wconf 91' lang='lat' dir='ltr'>in</span> <span class='ocrx_word' id='word_1_31' title='bbox 1260 624 1760 706; x_wconf 89' lang='lat' dir='ltr'>Daphnephoriis</span> <span class='ocrx_word' id='word_1_32' title='bbox 1815 622 2055 684; x_wconf 81' lang='lat' dir='ltr'>traduci</span> 
     </span>
     <span class='ocr_line' id='line_1_6' title="bbox 271 721 2056 805; baseline -0.002 -20"><span class='ocrx_word' id='word_1_33' title='bbox 271 743 408 786; x_wconf 90' lang='lat' dir='ltr'>mos</span> <span class='ocrx_word' id='word_1_34' title='bbox 461 734 622 795; x_wconf 87' lang='lat' dir='ltr'>erat,</span> <span class='ocrx_word' id='word_1_35' title='bbox 687 721 908 780; x_wconf 89' lang='lat' dir='ltr'>taeniis</span> <span class='ocrx_word' id='word_1_36' title='bbox 962 724 1248 782; x_wconf 83' lang='lat' dir='ltr'><strong>trecentis</strong></span> <span class='ocrx_word' id='word_1_37' title='bbox 1303 727 1624 804; x_wconf 81' lang='lat' dir='ltr'>sexaginta</span> <span class='ocrx_word' id='word_1_38' title='bbox 1675 726 1940 805; x_wconf 90' lang='lat' dir='ltr'>quinque</span> <span class='ocrx_word' id='word_1_39' title='bbox 1993 732 2056 782; x_wconf 87' lang='lat' dir='ltr'>et</span> 
     </span>
    </p>
   </div>
   <div class='ocr_carea' id='block_1_5' title="bbox 272 818 2151 899">
    <p class='ocr_par' dir='ltr' id='par_1_5' title="bbox 272 818 2151 899">
     <span class='ocr_line' id='line_1_7' title="bbox 272 818 2151 899; baseline 0 -17"><span class='ocrx_word' id='word_1_40' title='bbox 272 823 559 885; x_wconf 88' lang='lat' dir='ltr'>diversae</span> <span class='ocrx_word' id='word_1_41' title='bbox 610 818 1049 898; x_wconf 79' lang='lat' dir='ltr'>magnitudinis</span> <span class='ocrx_word' id='word_1_42' title='bbox 1105 820 1368 898; x_wconf 82' lang='lat' dir='ltr'>globulis</span> <span class='ocrx_word' id='word_1_43' title='bbox 1427 834 1742 899; x_wconf 89' lang='lat' dir='ltr'>ornatam,</span> <span class='ocrx_word' id='word_1_44' title='bbox 1797 824 1879 884; x_wconf 90' lang='lat' dir='ltr'>ad</span> <span class='ocrx_word' id='word_1_45' title='bbox 1920 841 2057 883; x_wconf 89' lang='lat' dir='ltr'>mo·-</span> <span class='ocrx_word' id='word_1_46' title='bbox 2147 875 2151 889; x_wconf 82' lang='grc'><em>,</em></span> 
     </span>
    </p>
   </div>
   <div class='ocr_carea' id='block_1_6' title="bbox 256 921 2158 2589">
    <p class='ocr_par' dir='ltr' id='par_1_6' title="bbox 256 894 2158 2589">
     <span class='ocr_line' id='line_1_8' title="bbox 268 921 2053 1003; baseline 0 -21"><span class='ocrx_word' id='word_1_47' title='bbox 268 930 445 982; x_wconf 84' lang='lat' dir='ltr'>tuum</span> <span class='ocrx_word' id='word_1_48' title='bbox 500 921 854 981; x_wconf 89' lang='lat' dir='ltr'>coelestium</span> <span class='ocrx_word' id='word_1_49' title='bbox 909 921 1239 998; x_wconf 86' lang='lat' dir='ltr'>imaginem</span> <span class='ocrx_word' id='word_1_50' title='bbox 1284 931 1536 984; x_wconf 87' lang='lat' dir='ltr'>revocat</span> <span class='ocrx_word' id='word_1_51' title='bbox 1547 944 1563 999; x_wconf 86' lang='lat'><em>3</em></span> <span class='ocrx_word' id='word_1_52' title='bbox 1623 942 1884 1003; x_wconf 91' lang='lat' dir='ltr'>namque</span> <span class='ocrx_word' id='word_1_53' title='bbox 1925 941 2053 983; x_wconf 86' lang='lat' dir='ltr'>ma·</span> 
     </span>
     <span class='ocr_line' id='line_1_9' title="bbox 270 1020 2052 1103; baseline 0.001 -21"><span class='ocrx_word' id='word_1_54' title='bbox 270 1023 471 1083; x_wconf 85' lang='lat' dir='ltr'>ximas</span> <span class='ocrx_word' id='word_1_55' title='bbox 523 1022 816 1103; x_wconf 84' lang='lat' dir='ltr'>sphaeras</span> <span class='ocrx_word' id='word_1_56' title='bbox 873 1020 1021 1080; x_wconf 88' lang='lat' dir='ltr'>solis</span> <span class='ocrx_word' id='word_1_57' title='bbox 1064 1020 1365 1101; x_wconf 91' lang='lat' dir='ltr'>lunaeque</span> <span class='ocrx_word' id='word_1_58' title='bbox 1409 1023 1603 1083; x_wconf 85' lang='lat' dir='ltr'>instar</span> <span class='ocrx_word' id='word_1_59' title='bbox 1646 1040 1810 1096; x_wconf 87' lang='lat' dir='ltr'>esse,</span> <span class='ocrx_word' id='word_1_60' title='bbox 1853 1025 2052 1083; x_wconf 86' lang='lat' dir='ltr'>minu-</span> 
     </span>
     <span class='ocr_line' id='line_1_10' title="bbox 267 1120 2053 1197; baseline -0.001 -14"><span class='ocrx_word' id='word_1_61' title='bbox 267 1123 467 1183; x_wconf 90' lang='lat' dir='ltr'>sculas</span> <span class='ocrx_word' id='word_1_62' title='bbox 523 1123 839 1183; x_wconf 92' lang='lat' dir='ltr'>stellarum</span> <span class='ocrx_word' id='word_1_63' title='bbox 896 1120 1102 1180; x_wconf 92' lang='lat' dir='ltr'>locum</span> <span class='ocrx_word' id='word_1_64' title='bbox 1146 1120 1452 1197; x_wconf 88' lang='lat' dir='ltr'>obtinere,</span> <span class='ocrx_word' id='word_1_65' title='bbox 1506 1123 1720 1183; x_wconf 86' lang='lat' dir='ltr'>infulis</span> <span class='ocrx_word' id='word_1_66' title='bbox 1761 1141 1912 1185; x_wconf 87' lang='lat' dir='ltr'>vero</span> <span class='ocrx_word' id='word_1_67' title='bbox 1958 1132 2053 1182; x_wconf 89' lang='lat' dir='ltr'>to-</span> 
     </span>
     <span class='ocr_line' id='line_1_11' title="bbox 266 1220 2051 1304; baseline -0.001 -21"><span class='ocrx_word' id='word_1_68' title='bbox 266 1223 463 1283; x_wconf 82' lang='lat' dir='ltr'>tidem</span> <span class='ocrx_word' id='word_1_69' title='bbox 500 1224 664 1283; x_wconf 71' lang='lat' dir='ltr'>‘anni</span> <span class='ocrx_word' id='word_1_70' title='bbox 717 1220 849 1280; x_wconf 90' lang='lat' dir='ltr'>dies</span> <span class='ocrx_word' id='word_1_71' title='bbox 905 1221 1124 1280; x_wconf 88' lang='lat' dir='ltr'>notari.</span> <span class='ocrx_word' id='word_1_72' title='bbox 1229 1222 1314 1281; x_wconf 93' lang='lat' dir='ltr'>Et</span> <span class='ocrx_word' id='word_1_73' title='bbox 1368 1225 1647 1284; x_wconf 87' lang='lat' dir='ltr'>constitit</span> <span class='ocrx_word' id='word_1_74' title='bbox 1698 1222 1870 1304; x_wconf 90' lang='lat' dir='ltr'>apud</span> <span class='ocrx_word' id='word_1_75' title='bbox 1927 1242 2051 1283; x_wconf 90' lang='lat' dir='ltr'>cre-</span> 
     </span>
     <span class='ocr_line' id='line_1_12' title="bbox 266 1319 2050 1403; baseline 0 -20"><span class='ocrx_word' id='word_1_76' title='bbox 266 1323 483 1384; x_wconf 89' lang='lat' dir='ltr'>dentes</span> <span class='ocrx_word' id='word_1_77' title='bbox 499 1319 587 1403; x_wconf 73' lang='lat'>[¹].</span> <span class='ocrx_word' id='word_1_78' title='bbox 633 1320 979 1383; x_wconf 87' lang='lat' dir='ltr'>Concedam</span> <span class='ocrx_word' id='word_1_79' title='bbox 1016 1321 1298 1382; x_wconf 90' lang='lat' dir='ltr'>aedituos</span> <span class='ocrx_word' id='word_1_80' title='bbox 1334 1325 1462 1383; x_wconf 87' lang='lat' dir='ltr'>otio</span> <span class='ocrx_word' id='word_1_81' title='bbox 1502 1334 1564 1383; x_wconf 91' lang='lat' dir='ltr'>et</span> <span class='ocrx_word' id='word_1_82' title='bbox 1585 1325 1831 1402; x_wconf 84' lang='lat' dir='ltr'>ingenio</span> <span class='ocrx_word' id='word_1_83' title='bbox 1858 1322 2050 1383; x_wconf 88' lang='lat' dir='ltr'>abun-</span> 
     </span>
     <span class='ocr_line' id='line_1_13' title="bbox 265 1421 2049 1502; baseline -0.001 -18"><span class='ocrx_word' id='word_1_84' title='bbox 265 1423 512 1499; x_wconf 79' lang='lat' dir='ltr'>danteS‚</span> <span class='ocrx_word' id='word_1_85' title='bbox 567 1432 638 1483; x_wconf 89' lang='lat' dir='ltr'>ut</span> <span class='ocrx_word' id='word_1_86' title='bbox 693 1432 836 1482; x_wconf 90' lang='lat' dir='ltr'>sunt</span> <span class='ocrx_word' id='word_1_87' title='bbox 889 1421 1171 1495; x_wconf 70' lang='lat' dir='ltr'>aeditui,r</span> <span class='ocrx_word' id='word_1_88' title='bbox 1215 1441 1405 1502; x_wconf 84' lang='lat' dir='ltr'>quum</span> <span class='ocrx_word' id='word_1_89' title='bbox 1446 1424 1754 1483; x_wconf 88' lang='lat' dir='ltr'>iresionen</span> <span class='ocrx_word' id='word_1_90' title='bbox 1796 1442 2049 1484; x_wconf 88' lang='lat' dir='ltr'>exorna-</span> 
     </span>
     <span class='ocr_line' id='line_1_14' title="bbox 261 1522 2050 1605; baseline -0.001 -20"><span class='ocrx_word' id='word_1_91' title='bbox 261 1534 428 1598; x_wconf 84' lang='lat' dir='ltr'>rent,</span> <span class='ocrx_word' id='word_1_92' title='bbox 493 1526 562 1583; x_wconf 92' lang='lat' dir='ltr'>in</span> <span class='ocrx_word' id='word_1_93' title='bbox 629 1541 954 1582; x_wconf 90' lang='lat' dir='ltr'>numerum</span> <span class='ocrx_word' id='word_1_94' title='bbox 1020 1523 1197 1582; x_wconf 91' lang='lat' dir='ltr'>illum</span> <span class='ocrx_word' id='word_1_95' title='bbox 1251 1522 1568 1597; x_wconf 86' lang='lat' dir='ltr'>incidisse,</span> <span class='ocrx_word' id='word_1_96' title='bbox 1637 1524 1743 1604; x_wconf 92' lang='lat' dir='ltr'>qui</span> <span class='ocrx_word' id='word_1_97' title='bbox 1792 1533 2050 1605; x_wconf 89' lang='lat' dir='ltr'>propter</span> 
     </span>
     <span class='ocr_line' id='line_1_15' title="bbox 262 1621 2048 1705; baseline -0.002 -19"><span class='ocrx_word' id='word_1_98' title='bbox 262 1626 412 1687; x_wconf 88' lang='lat' dir='ltr'>anni</span> <span class='ocrx_word' id='word_1_99' title='bbox 451 1624 759 1684; x_wconf 88' lang='lat' dir='ltr'>rationem</span> <span class='ocrx_word' id='word_1_100' title='bbox 803 1624 1018 1703; x_wconf 89' lang='lat' dir='ltr'>cuique</span> <span class='ocrx_word' id='word_1_101' title='bbox 1060 1623 1266 1703; x_wconf 90' lang='lat' dir='ltr'>primo</span> <span class='ocrx_word' id='word_1_102' title='bbox 1310 1624 1447 1683; x_wconf 93' lang='lat' dir='ltr'>loco</span> <span class='ocrx_word' id='word_1_103' title='bbox 1493 1625 1754 1683; x_wconf 91' lang='lat' dir='ltr'>occurrit</span> <span class='ocrx_word' id='word_1_104' title='bbox 1769 1621 1862 1705; x_wconf 67' lang='grc' dir='ltr'>[Ἴ.</span> <span class='ocrx_word' id='word_1_105' title='bbox 1923 1622 2048 1683; x_wconf 89' lang='lat' dir='ltr'>Sed</span> 
     </span>
     <span class='ocr_line' id='line_1_16' title="bbox 261 1723 2047 1787; baseline -0.001 -1"><span class='ocrx_word' id='word_1_106' title='bbox 261 1724 344 1787; x_wconf 87' lang='lat' dir='ltr'>ad</span> <span class='ocrx_word' id='word_1_107' title='bbox 398 1744 534 1785; x_wconf 91' lang='lat' dir='ltr'>eam</span> <span class='ocrx_word' id='word_1_108' title='bbox 584 1743 717 1784; x_wconf 92' lang='lat' dir='ltr'>rem</span> <span class='ocrx_word' id='word_1_109' title='bbox 759 1725 949 1784; x_wconf 87' lang='lat' dir='ltr'>istum</span> <span class='ocrx_word' id='word_1_110' title='bbox 991 1742 1227 1783; x_wconf 91' lang='lat' dir='ltr'>morem</span> <span class='ocrx_word' id='word_1_111' title='bbox 1279 1725 1633 1784; x_wconf 85' lang='lat' dir='ltr'>institutum</span> <span class='ocrx_word' id='word_1_112' title='bbox 1690 1743 1825 1784; x_wconf 89' lang='lat' dir='ltr'>esse</span> <span class='ocrx_word' id='word_1_113' title='bbox 1878 1723 2047 1785; x_wconf 90' lang='lat' dir='ltr'>haud</span> 
     </span>
     <span class='ocr_line' id='line_1_17' title="bbox 262 1822 2158 1899; baseline -0.001 -14"><span class='ocrx_word' id='word_1_114' title='bbox 262 1825 462 1886; x_wconf 90' lang='lat' dir='ltr'>credo.</span> <span class='ocrx_word' id='word_1_115' title='bbox 552 1822 675 1898; x_wconf 80' lang='lat' dir='ltr'>Qui</span> <span class='ocrx_word' id='word_1_116' title='bbox 730 1826 895 1883; x_wconf 90' lang='lat' dir='ltr'>enim</span> <span class='ocrx_word' id='word_1_117' title='bbox 920 1831 923 1833; x_wconf 77' lang='grc'><strong>’</strong></span> <span class='ocrx_word' id='word_1_118' title='bbox 949 1833 1045 1883; x_wconf 90' lang='lat' dir='ltr'>tot</span> <span class='ocrx_word' id='word_1_119' title='bbox 1095 1824 1341 1892; x_wconf 45' lang='lat' dir='ltr'>fasciae,</span> <span class='ocrx_word' id='word_1_120' title='bbox 1376 1827 1619 1885; x_wconf 89' lang='lat' dir='ltr'>minuto</span> <span class='ocrx_word' id='word_1_121' title='bbox 1674 1824 2045 1899; x_wconf 91' lang='lat' dir='ltr'>ramusculo,</span> <span class='ocrx_word' id='word_1_122' title='bbox 2154 1890 2158 1899; x_wconf 22' lang='grc' dir='ltr'><em>Α</em></span> 
     </span>
     <span class='ocr_line' id='line_1_18' title="bbox 262 1911 2158 2007; baseline -0.001 -21"><span class='ocrx_word' id='word_1_123' title='bbox 262 1946 445 2007; x_wconf 89' lang='lat' dir='ltr'>quem</span> <span class='ocrx_word' id='word_1_124' title='bbox 504 1945 661 2007; x_wconf 90' lang='lat' dir='ltr'>puer</span> <span class='ocrx_word' id='word_1_125' title='bbox 714 1925 981 1999; x_wconf 89' lang='lat' dir='ltr'>ferebat,</span> <span class='ocrx_word' id='word_1_126' title='bbox 1015 1941 1025 1953; x_wconf 83' lang='lat'><strong>·</strong></span> <span class='ocrx_word' id='word_1_127' title='bbox 1059 1927 1147 1985; x_wconf 88' lang='lat' dir='ltr'>sic</span> <span class='ocrx_word' id='word_1_128' title='bbox 1206 1925 1488 2006; x_wconf 88' lang='lat' dir='ltr'>adaptari</span> <span class='ocrx_word' id='word_1_129' title='bbox 1542 1934 1907 2006; x_wconf 90' lang='lat' dir='ltr'>potuerunt,</span> <span class='ocrx_word' id='word_1_130' title='bbox 1973 1935 2046 1985; x_wconf 88' lang='lat' dir='ltr'>ut</span> <span class='ocrx_word' id='word_1_131' title='bbox 2140 1911 2158 1978; x_wconf 60' lang='grc' dir='ltr'>,Ῐ</span> 
     </span>
     <span class='ocr_line' id='line_1_19' title="bbox 262 2026 2042 2106; baseline -0.001 -20"><span class='ocrx_word' id='word_1_132' title='bbox 262 2046 475 2086; x_wconf 91' lang='lat' dir='ltr'>earum</span> <span class='ocrx_word' id='word_1_133' title='bbox 529 2045 821 2086; x_wconf 90' lang='lat' dir='ltr'>numerus</span> <span class='ocrx_word' id='word_1_134' title='bbox 877 2027 1023 2085; x_wconf 91' lang='lat' dir='ltr'>iniri</span> <span class='ocrx_word' id='word_1_135' title='bbox 1076 2036 1289 2106; x_wconf 90' lang='lat' dir='ltr'>posset</span> <span class='ocrx_word' id='word_1_136' title='bbox 1332 2044 1371 2085; x_wconf 90' lang='lat' dir='ltr'>a</span> <span class='ocrx_word' id='word_1_137' title='bbox 1411 2026 1869 2106; x_wconf 57' lang='lat' dir='ltr'>spectantibus?</span> <span class='ocrx_word' id='word_1_138' title='bbox 1914 2026 2042 2085; x_wconf 89' lang='lat' dir='ltr'>De-</span> 
     </span>
     <span class='ocr_line' id='line_1_20' title="bbox 258 2126 2042 2207; baseline 0 -21"><span class='ocrx_word' id='word_1_139' title='bbox 258 2128 445 2206; x_wconf 89' lang='lat' dir='ltr'>nique</span> <span class='ocrx_word' id='word_1_140' title='bbox 498 2126 609 2186; x_wconf 91' lang='lat' dir='ltr'>illa</span> <span class='ocrx_word' id='word_1_141' title='bbox 650 2126 959 2207; x_wconf 88' lang='lat' dir='ltr'>Apollinis</span> <span class='ocrx_word' id='word_1_142' title='bbox 1014 2127 1315 2186; x_wconf 90' lang='lat' dir='ltr'>solemnia</span> <span class='ocrx_word' id='word_1_143' title='bbox 1358 2146 1497 2186; x_wconf 91' lang='lat' dir='ltr'>cum</span> <span class='ocrx_word' id='word_1_144' title='bbox 1543 2134 2042 2186; x_wconf 85' lang='lat' dir='ltr'>astronomorum</span> 
     </span>
     <span class='ocr_line' id='line_1_21' title="bbox 256 2226 2041 2307; baseline -0.001 -20"><span class='ocrx_word' id='word_1_145' title='bbox 256 2228 527 2289; x_wconf 87' lang='lat' dir='ltr'>inventis</span> <span class='ocrx_word' id='word_1_146' title='bbox 579 2227 734 2286; x_wconf 89' lang='lat' dir='ltr'>nihil</span> <span class='ocrx_word' id='word_1_147' title='bbox 778 2227 1129 2286; x_wconf 88' lang='lat' dir='ltr'>commercii</span> <span class='ocrx_word' id='word_1_148' title='bbox 1169 2226 1396 2286; x_wconf 91' lang='lat' dir='ltr'>habent</span> <span class='ocrx_word' id='word_1_149' title='bbox 1406 2247 1422 2302; x_wconf 85' lang='lat'><em>3</em></span> <span class='ocrx_word' id='word_1_150' title='bbox 1482 2245 1690 2307; x_wconf 88' lang='lat' dir='ltr'>neque</span> <span class='ocrx_word' id='word_1_151' title='bbox 1720 2226 1907 2286; x_wconf 89' lang='lat' dir='ltr'>hodie</span> <span class='ocrx_word' id='word_1_152' title='bbox 1947 2227 2041 2286; x_wconf 91' lang='lat' dir='ltr'>in-</span> 
     </span>
     <span class='ocr_line' id='line_1_22' title="bbox 257 2326 2039 2401; baseline -0.001 -14"><span class='ocrx_word' id='word_1_153' title='bbox 257 2329 509 2387; x_wconf 88' lang='lat' dir='ltr'>solitum</span> <span class='ocrx_word' id='word_1_154' title='bbox 565 2338 658 2387; x_wconf 88' lang='lat' dir='ltr'>est</span> <span class='ocrx_word' id='word_1_155' title='bbox 711 2327 899 2387; x_wconf 87' lang='lat' dir='ltr'>festas</span> <span class='ocrx_word' id='word_1_156' title='bbox 955 2326 1206 2387; x_wconf 88' lang='lat' dir='ltr'>arbores</span> <span class='ocrx_word' id='word_1_157' title='bbox 1249 2326 1466 2401; x_wconf 86' lang='lat' dir='ltr'>bullis,</span> <span class='ocrx_word' id='word_1_158' title='bbox 1519 2326 1830 2387; x_wconf 87' lang='lat' dir='ltr'>lemniscis</span> <span class='ocrx_word' id='word_1_159' title='bbox 1875 2326 2039 2387; x_wconf 87' lang='lat' dir='ltr'>aliis-</span> 
     </span>
     <span class='ocr_line' id='line_1_23' title="bbox 257 2427 2040 2509; baseline -0.001 -21"><span class='ocrx_word' id='word_1_160' title='bbox 257 2446 374 2509; x_wconf 89' lang='lat' dir='ltr'>que</span> <span class='ocrx_word' id='word_1_161' title='bbox 434 2427 783 2507; x_wconf 90' lang='lat' dir='ltr'>crepundiis</span> <span class='ocrx_word' id='word_1_162' title='bbox 838 2429 1118 2487; x_wconf 89' lang='lat' dir='ltr'>exornari</span> <span class='ocrx_word' id='word_1_163' title='bbox 1134 2428 1224 2508; x_wconf 85' lang='lat'>[¹].</span> <span class='ocrx_word' id='word_1_164' title='bbox 1277 2427 1425 2487; x_wconf 87' lang='lat' dir='ltr'>Fuit</span> <span class='ocrx_word' id='word_1_165' title='bbox 1465 2427 1622 2488; x_wconf 91' lang='lat' dir='ltr'>illud</span> <span class='ocrx_word' id='word_1_166' title='bbox 1664 2446 1904 2508; x_wconf 85' lang='lat' dir='ltr'>quoque</span> <span class='ocrx_word' id='word_1_167' title='bbox 1944 2428 2040 2486; x_wconf 90' lang='lat' dir='ltr'>in-</span> 
     </span>
     <span class='ocr_line' id='line_1_24' title="bbox 256 2526 2038 2589; baseline -0.001 0"><span class='ocrx_word' id='word_1_168' title='bbox 256 2538 350 2589; x_wconf 87' lang='lat' dir='ltr'>ter</span> <span class='ocrx_word' id='word_1_169' title='bbox 392 2528 691 2587; x_wconf 88' lang='lat' dir='ltr'>festorum</span> <span class='ocrx_word' id='word_1_170' title='bbox 735 2526 974 2587; x_wconf 91' lang='lat' dir='ltr'>dierum</span> <span class='ocrx_word' id='word_1_171' title='bbox 1008 2527 1455 2587; x_wconf 86' lang='lat' dir='ltr'>oblectamenta</span> <span class='ocrx_word' id='word_1_172' title='bbox 1488 2538 1551 2587; x_wconf 90' lang='lat' dir='ltr'>et</span> <span class='ocrx_word' id='word_1_173' title='bbox 1578 2538 1672 2587; x_wconf 90' lang='lat' dir='ltr'>est</span> <span class='ocrx_word' id='word_1_174' title='bbox 1701 2530 2038 2589; x_wconf 85' lang='lat' dir='ltr'>etiamnum</span> 
     </span>
    </p>
   </div>
   <div class='ocr_carea' id='block_1_7' title="bbox 254 2681 2033 3284">
    <p class='ocr_par' dir='ltr' id='par_1_7' title="bbox 254 2681 2033 2848">
     <span class='ocr_line' id='line_1_25' title="bbox 376 2681 2032 2742; baseline -0.001 -15"><span class='ocrx_word' id='word_1_175' title='bbox 376 2682 438 2742; x_wconf 80' lang='grc' dir='ltr'>[ἰ]</span> <span class='ocrx_word' id='word_1_176' title='bbox 471 2683 609 2727; x_wconf 86' lang='lat' dir='ltr'>Miror</span> <span class='ocrx_word' id='word_1_177' title='bbox 647 2681 764 2727; x_wconf 89' lang='lat' dir='ltr'>viros</span> <span class='ocrx_word' id='word_1_178' title='bbox 804 2684 980 2737; x_wconf 84' lang='lat' dir='ltr'>doctos,</span> <span class='ocrx_word' id='word_1_179' title='bbox 1021 2683 1286 2728; x_wconf 87' lang='lat' dir='ltr'>Boeckhium</span> <span class='ocrx_word' id='word_1_180' title='bbox 1324 2685 1369 2727; x_wconf 88' lang='lat' dir='ltr'>in</span> <span class='ocrx_word' id='word_1_181' title='bbox 1410 2684 1591 2726; x_wconf 87' lang='lat' dir='ltr'>Memor.</span> <span class='ocrx_word' id='word_1_182' title='bbox 1627 2684 1771 2726; x_wconf 90' lang='lat' dir='ltr'>Berol.</span> <span class='ocrx_word' id='word_1_183' title='bbox 1813 2682 1949 2725; x_wconf 87' lang='lat' dir='ltr'>Acad.</span> <span class='ocrx_word' id='word_1_184' title='bbox 1978 2683 2032 2726; x_wconf 87' lang='lat' dir='ltr'>A.</span> 
     </span>
     <span class='ocr_line' id='line_1_26' title="bbox 257 2742 2033 2800; baseline -0.003 -11"><span class='ocrx_word' id='word_1_185' title='bbox 257 2743 637 2790; x_wconf 89' lang='lat' dir='ltr'>MDCCCXVIII.</span> <span class='ocrx_word' id='word_1_186' title='bbox 677 2757 720 2799; x_wconf 88' lang='lat' dir='ltr'>p.</span> <span class='ocrx_word' id='word_1_187' title='bbox 751 2743 821 2786; x_wconf 90' lang='grc'>99.</span> <span class='ocrx_word' id='word_1_188' title='bbox 861 2747 906 2786; x_wconf 87' lang='lat' dir='ltr'>et</span> <span class='ocrx_word' id='word_1_189' title='bbox 937 2743 1190 2786; x_wconf 86' lang='lat' dir='ltr'>Muellerum</span> <span class='ocrx_word' id='word_1_190' title='bbox 1219 2743 1420 2786; x_wconf 86' lang='lat' dir='ltr'>Orchom.</span> <span class='ocrx_word' id='word_1_191' title='bbox 1451 2758 1492 2800; x_wconf 89' lang='lat' dir='ltr'>p.</span> <span class='ocrx_word' id='word_1_192' title='bbox 1520 2742 1620 2786; x_wconf 76' lang='lat'>220.</span> <span class='ocrx_word' id='word_1_193' title='bbox 1649 2743 1694 2784; x_wconf 91' lang='lat' dir='ltr'>in</span> <span class='ocrx_word' id='word_1_194' title='bbox 1724 2743 1835 2785; x_wconf 88' lang='lat' dir='ltr'>hanc</span> <span class='ocrx_word' id='word_1_195' title='bbox 1864 2746 2033 2784; x_wconf 87' lang='lat' dir='ltr'>senten-</span> 
     </span>
     <span class='ocr_line' id='line_1_27' title="bbox 254 2802 630 2848; baseline -0.013 0"><span class='ocrx_word' id='word_1_196' title='bbox 254 2805 360 2848; x_wconf 82' lang='lat' dir='ltr'>tiam</span> <span class='ocrx_word' id='word_1_197' title='bbox 388 2802 630 2845; x_wconf 87' lang='lat' dir='ltr'>inclinasse.</span> 
     </span>
    </p>

    <p class='ocr_par' dir='ltr' id='par_1_8' title="bbox 254 2872 2032 3284">
     <span class='ocr_line' id='line_1_28' title="bbox 374 2872 2032 2933; baseline -0.002 -16"><span class='ocrx_word' id='word_1_198' title='bbox 374 2875 435 2933; x_wconf 86' lang='lat' dir='ltr'>[k]</span> <span class='ocrx_word' id='word_1_199' title='bbox 467 2874 685 2917; x_wconf 81' lang='lat' dir='ltr'>Demetrio</span> <span class='ocrx_word' id='word_1_200' title='bbox 714 2873 924 2917; x_wconf 86' lang='lat' dir='ltr'>Phalereo</span> <span class='ocrx_word' id='word_1_201' title='bbox 954 2874 1238 2918; x_wconf 79' lang='lat' dir='ltr'>Athenienses</span> <span class='ocrx_word' id='word_1_202' title='bbox 1266 2878 1484 2918; x_wconf 86' lang='lat' dir='ltr'>trecentas</span> <span class='ocrx_word' id='word_1_203' title='bbox 1512 2872 1737 2929; x_wconf 80' lang='lat' dir='ltr'>sexaginta</span> <span class='ocrx_word' id='word_1_204' title='bbox 1765 2875 1929 2915; x_wconf 85' lang='lat' dir='ltr'>statuas</span> <span class='ocrx_word' id='word_1_205' title='bbox 1955 2872 2032 2915; x_wconf 84' lang='lat' dir='ltr'>de-</span> 
     </span>
     <span class='ocr_line' id='line_1_29' title="bbox 256 2930 2029 2990; baseline -0.004 -11"><span class='ocrx_word' id='word_1_206' title='bbox 256 2939 510 2986; x_wconf 80' lang='lat' dir='ltr'>creverunt3</span> <span class='ocrx_word' id='word_1_207' title='bbox 552 2933 728 2976; x_wconf 89' lang='lat' dir='ltr'>totidem</span> <span class='ocrx_word' id='word_1_208' title='bbox 753 2934 934 2989; x_wconf 85' lang='lat' dir='ltr'>juvenes</span> <span class='ocrx_word' id='word_1_209' title='bbox 963 2948 1160 2990; x_wconf 89' lang='lat' dir='ltr'>pompam</span> <span class='ocrx_word' id='word_1_210' title='bbox 1190 2935 1420 2990; x_wconf 87' lang='lat' dir='ltr'>Magorum</span> <span class='ocrx_word' id='word_1_211' title='bbox 1449 2937 1682 2990; x_wconf 87' lang='lat' dir='ltr'>sequuntur</span> <span class='ocrx_word' id='word_1_212' title='bbox 1711 2931 1833 2974; x_wconf 90' lang='lat' dir='ltr'>Curt.</span> <span class='ocrx_word' id='word_1_213' title='bbox 1863 2931 1946 2976; x_wconf 91' lang='lat' dir='ltr'>III.</span> <span class='ocrx_word' id='word_1_214' title='bbox 1985 2930 2029 2972; x_wconf 82' lang='lat'>3.</span> 
     </span>
     <span class='ocr_line' id='line_1_30' title="bbox 256 2987 2028 3048; baseline -0.003 -12"><span class='ocrx_word' id='word_1_215' title='bbox 256 2993 298 3036; x_wconf 88' lang='grc'>6.</span> <span class='ocrx_word' id='word_1_216' title='bbox 340 2994 517 3036; x_wconf 86' lang='lat' dir='ltr'>totidem</span> <span class='ocrx_word' id='word_1_217' title='bbox 554 2992 766 3035; x_wconf 82' lang='lat' dir='ltr'>utilitates</span> <span class='ocrx_word' id='word_1_218' title='bbox 806 2991 947 3048; x_wconf 84' lang='lat' dir='ltr'>palma</span> <span class='ocrx_word' id='word_1_219' title='bbox 975 2993 1184 3048; x_wconf 88' lang='lat' dir='ltr'>praebere</span> <span class='ocrx_word' id='word_1_220' title='bbox 1214 2993 1370 3036; x_wconf 88' lang='lat' dir='ltr'>dicitur</span> <span class='ocrx_word' id='word_1_221' title='bbox 1398 2991 1618 3034; x_wconf 86' lang='lat' dir='ltr'>Plutarch.</span> <span class='ocrx_word' id='word_1_222' title='bbox 1657 2990 1804 3046; x_wconf 85' lang='lat' dir='ltr'>Symp.</span> <span class='ocrx_word' id='word_1_223' title='bbox 1834 2989 1957 3032; x_wconf 88' lang='lat' dir='ltr'>VIII.</span> <span class='ocrx_word' id='word_1_224' title='bbox 1986 2987 2028 3031; x_wconf 85' lang='lat'>5.</span> 
     </span>
     <span class='ocr_line' id='line_1_31' title="bbox 255 3047 2029 3104; baseline -0.003 -9"><span class='ocrx_word' id='word_1_225' title='bbox 255 3052 355 3096; x_wconf 73' lang='lat'>362.</span> <span class='ocrx_word' id='word_1_226' title='bbox 395 3057 462 3094; x_wconf 89' lang='lat' dir='ltr'>tot</span> <span class='ocrx_word' id='word_1_227' title='bbox 501 3051 612 3093; x_wconf 88' lang='lat' dir='ltr'>liciis</span> <span class='ocrx_word' id='word_1_228' title='bbox 653 3051 880 3094; x_wconf 85' lang='lat' dir='ltr'>constabat</span> <span class='ocrx_word' id='word_1_229' title='bbox 922 3051 1135 3093; x_wconf 87' lang='lat' dir='ltr'>Amasidis</span> <span class='ocrx_word' id='word_1_230' title='bbox 1175 3053 1343 3095; x_wconf 89' lang='lat' dir='ltr'>thorax.</span> <span class='ocrx_word' id='word_1_231' title='bbox 1386 3049 1576 3094; x_wconf 87' lang='lat' dir='ltr'>Herodo.</span> <span class='ocrx_word' id='word_1_232' title='bbox 1605 3048 1685 3091; x_wconf 90' lang='grc' dir='ltr'><strong>ΙΙΙ.</strong></span> <span class='ocrx_word' id='word_1_233' title='bbox 1714 3048 1785 3091; x_wconf 83' lang='grc'>47.</span> <span class='ocrx_word' id='word_1_234' title='bbox 1814 3047 2029 3104; x_wconf 24' lang='lat' dir='ltr'>*antiquae</span> 
     </span>
     <span class='ocr_line' id='line_1_32' title="bbox 254 3106 2027 3159; baseline -0.002 -6"><span class='ocrx_word' id='word_1_235' title='bbox 254 3111 499 3154; x_wconf 87' lang='lat' dir='ltr'>comoediae</span> <span class='ocrx_word' id='word_1_236' title='bbox 540 3109 714 3153; x_wconf 83' lang='lat' dir='ltr'>fabulae</span> <span class='ocrx_word' id='word_1_237' title='bbox 744 3109 996 3152; x_wconf 88' lang='lat' dir='ltr'>CCCLXV.</span> <span class='ocrx_word' id='word_1_238' title='bbox 1034 3115 1322 3156; x_wconf 86' lang='lat' dir='ltr'>numerantur.</span> <span class='ocrx_word' id='word_1_239' title='bbox 1361 3125 1403 3152; x_wconf 88' lang='lat' dir='ltr'>v.</span> <span class='ocrx_word' id='word_1_240' title='bbox 1444 3108 1644 3152; x_wconf 87' lang='lat' dir='ltr'>Meineke</span> <span class='ocrx_word' id='word_1_241' title='bbox 1683 3108 1861 3159; x_wconf 81' lang='lat' dir='ltr'>Quaest.</span> <span class='ocrx_word' id='word_1_242' title='bbox 1901 3106 2027 3150; x_wconf 84' lang='lat' dir='ltr'>Scen-</span> 
     </span>
     <span class='ocr_line' id='line_1_33' title="bbox 254 3164 2026 3226; baseline -0.003 -13"><span class='ocrx_word' id='word_1_243' title='bbox 254 3169 317 3213; x_wconf 91' lang='grc' dir='ltr'>ΙΙ.</span> <span class='ocrx_word' id='word_1_244' title='bbox 362 3169 402 3210; x_wconf 92' lang='grc'>1.</span> <span class='ocrx_word' id='word_1_245' title='bbox 442 3168 542 3211; x_wconf 92' lang='lat' dir='ltr'>Alia</span> <span class='ocrx_word' id='word_1_246' title='bbox 584 3168 708 3224; x_wconf 84' lang='lat' dir='ltr'>hujus</span> <span class='ocrx_word' id='word_1_247' title='bbox 755 3168 919 3211; x_wconf 87' lang='lat' dir='ltr'>numeri</span> <span class='ocrx_word' id='word_1_248' title='bbox 947 3169 1141 3226; x_wconf 88' lang='lat' dir='ltr'>exempla</span> <span class='ocrx_word' id='word_1_249' title='bbox 1169 3169 1344 3226; x_wconf 85' lang='lat' dir='ltr'>collegit</span> <span class='ocrx_word' id='word_1_250' title='bbox 1371 3169 1559 3212; x_wconf 87' lang='lat' dir='ltr'>Jackson</span> <span class='ocrx_word' id='word_1_251' title='bbox 1589 3166 1847 3222; x_wconf 88' lang='lat' dir='ltr'>Chronolog.</span> <span class='ocrx_word' id='word_1_252' title='bbox 1877 3164 2026 3208; x_wconf 79' lang='lat' dir='ltr'>Alter-</span> 
     </span>
     <span class='ocr_line' id='line_1_34' title="bbox 256 3224 743 3284; baseline -0.004 -13"><span class='ocrx_word' id='word_1_253' title='bbox 256 3229 448 3271; x_wconf 87' lang='lat' dir='ltr'>thuemer</span> <span class='ocrx_word' id='word_1_254' title='bbox 476 3242 519 3283; x_wconf 90' lang='lat' dir='ltr'>p.</span> <span class='ocrx_word' id='word_1_255' title='bbox 548 3224 648 3269; x_wconf 79' lang='lat'>373.</span> <span class='ocrx_word' id='word_1_256' title='bbox 680 3242 743 3284; x_wconf 90' lang='lat' dir='ltr'>sq.</span> 
     </span>
    </p>
   </div>
   <div class='ocr_carea' id='block_1_8' title="bbox 260 3297 2024 3418">
    <p class='ocr_par' dir='ltr' id='par_1_9' title="bbox 260 3297 2024 3418">
     <span class='ocr_line' id='line_1_35' title="bbox 376 3297 2024 3359; baseline -0.004 -17"><span class='ocrx_word' id='word_1_257' title='bbox 376 3298 436 3356; x_wconf 86' lang='lat' dir='ltr'>[l]</span> <span class='ocrx_word' id='word_1_258' title='bbox 470 3299 671 3342; x_wconf 86' lang='lat' dir='ltr'>Olearius</span> <span class='ocrx_word' id='word_1_259' title='bbox 699 3300 846 3342; x_wconf 88' lang='lat' dir='ltr'>Itiner.</span> <span class='ocrx_word' id='word_1_260' title='bbox 879 3300 1002 3345; x_wconf 87' lang='lat' dir='ltr'>Pers.</span> <span class='ocrx_word' id='word_1_261' title='bbox 1030 3316 1074 3359; x_wconf 89' lang='lat' dir='ltr'>p.</span> <span class='ocrx_word' id='word_1_262' title='bbox 1106 3300 1202 3344; x_wconf 86' lang='lat'>105.</span> <span class='ocrx_word' id='word_1_263' title='bbox 1232 3303 1386 3344; x_wconf 86' lang='lat' dir='ltr'>festum</span> <span class='ocrx_word' id='word_1_264' title='bbox 1406 3298 1649 3343; x_wconf 74' lang='lat' dir='ltr'>palmarum</span> <span class='ocrx_word' id='word_1_265' title='bbox 1672 3297 1922 3341; x_wconf 83' lang='lat' dir='ltr'>Moscoviae</span> <span class='ocrx_word' id='word_1_266' title='bbox 1952 3308 2024 3336; x_wconf 88' lang='lat' dir='ltr'>ce-</span> 
     </span>
     <span class='ocr_line' id='line_1_36' title="bbox 260 3355 2022 3418; baseline -0.004 -16"><span class='ocrx_word' id='word_1_267' title='bbox 260 3359 468 3403; x_wconf 86' lang='lat' dir='ltr'>lebratum</span> <span class='ocrx_word' id='word_1_268' title='bbox 510 3357 755 3402; x_wconf 86' lang='lat' dir='ltr'>describens</span> <span class='ocrx_word' id='word_1_269' title='bbox 784 3358 955 3414; x_wconf 85' lang='lat' dir='ltr'>Primo,</span> <span class='ocrx_word' id='word_1_270' title='bbox 991 3361 1155 3418; x_wconf 87' lang='lat' dir='ltr'>inquit,</span> <span class='ocrx_word' id='word_1_271' title='bbox 1195 3375 1248 3403; x_wconf 86' lang='lat' dir='ltr'>ex</span> <span class='ocrx_word' id='word_1_272' title='bbox 1286 3374 1385 3403; x_wconf 85' lang='lat' dir='ltr'>arce</span> <span class='ocrx_word' id='word_1_273' title='bbox 1413 3358 1616 3401; x_wconf 86' lang='lat' dir='ltr'>veniebat</span> <span class='ocrx_word' id='word_1_274' title='bbox 1639 3355 1826 3414; x_wconf 83' lang='lat' dir='ltr'>jucundo</span> <span class='ocrx_word' id='word_1_275' title='bbox 1854 3358 2022 3411; x_wconf 84' lang='lat' dir='ltr'>specta-</span> 
     </span>
    </p>
   </div>
  </div>
 </body>
</html>
