2176 3886
230 223 315 285 30
818 231 1051 276 LIBER
1093 232 1404 277 PRIMUS.

228 365 488 442 Beitriig.
532 379 587 427 m.
631 363 846 425 Gesch.
890 384 949 425 u.
992 366 1138 426 Litt.
1182 365 1253 426 T.
1296 364 1406 426 IX.
1451 384 1511 446 p.
1561 363 1741 427 1269.
1787 372 1850 423 et
1885 363 2002 424 hoc

226 462 415 525 modo
470 461 792 524 Himerius·
848 464 949 525 Or.
993 465 1128 526 XV.
1172 466 1316 527 674.
1375 465 1614 552 ἀγαθοὶ
1666 487 2003 550 μυσταγω-

223 561 622 651 γοὺμαύσταις
661 565 991 649 ἀνδράσιν,
1034 567 1168 629 ὅσοι
1189 574 1427 646 τελετῆς
1452 564 1749 648 ἐμπείρως
1777 567 2000 645 ἔχουσι.

223 665 323 724 De
384 661 860 726 Atheniensibus
921 667 1208 727 universe
1274 664 1580 725 Aristides
1633 663 1887 724 Panath.
1939 683 2003 744 p.

228 762 366 825 182.
409 772 485 845 τῇ
531 774 662 830 τῶν
704 766 1091 829 Ἐλευσινίων
1135 773 1340 846 τελετῇ
1378 772 1506 835 τοῖς
1540 765 2005 848 εἲςαφικνουμέ-

222 889 354 934 νοις
408 865 698 949 ἐξηγηταὶ,-
742 874 873 928 τῶν
911 868 1096 947 ἱερῶν
1130 866 1235 927 καὶ
1268 867 1673 952 μυσταγωγοὶ
1706 866 2004 943 κέκλησθε

221 964 330 1026 διὰ
367 962 602 1033 παντός
619 960 723 1044 [³]‚
767 966 926 1024 sicut
969 964 1221 1025 eosdem
1264 965 1588 1046 Appianus
1634 962 1768 1026 Civ.
1793 964 1869 1023 Π.
1899 963 2004 1024 70.

221 1065 396 1146 ἱερεῖς
439 1071 528 1126 τιῖ
533 1087 572 1128 ν
625 1063 1047 1149 Θεσμοφόρων
1093 1073 1280 1128 vocat
1323 1073 1386 1123 et
1428 1064 1763 1124 Ennensesv
1791 1061 2005 1122 Cicero

219 1162 389 1222 Verr.
431 1162 536 1222 IV.
584 1161 684 1224 50.
730 1164 1183 1226 sacerdotes
1215 1163 1543 1225 CereriS.
1590 1162 1794 1236 Quid&
1839 1159 2008 1242 quod

218 1265 567 1342 mystagogi
601 1263 792 1326 iidem
829 1264 1187 1327 dicebantur
1223 1267 1327 1346 qui
1359 1263 1744 1346 periegetae‘!
1789 1259 2005 1322 Cicero

220 1363 391 1424 Verr.
447 1363 552 1424 IV.
609 1362 710 1425 59.
766 1365 868 1426 Hi
923 1368 1052 1447 qui
1109 1366 1467 1446 hospites
1523 1365 1615 1426 ad
1671 1382 1759 1424 ea
1812 1380 2007 1443 quae

220 1463 544 1525 visenda
589 1473 766 1525 sunt
814 1465 1094 1527 ducere
1128 1467 1388 1526 solent
1423 1474 1497 1525 et
1530 1461 2007 1544 unumquod-

215 1583 360 1643 que
417 1564 888 1645 ostenderer
925 1585 1116 1645 quos
1172 1568 1301 1627 illi
1342 1573 1840 1643 mystagogos
1882 1581 2006 1624 vo-

217 1671 411 1723 cant.
465 1663 538 1722 cf.
576 1663 780 1723 Vales.
820 1664 901 1723 ad
944 1665 1193 1726 Sozom.
1228 1668 1275 1725 I.
1313 1667 1414 1725 20.
1452 1686 1514 1745 p.
1556 1665 1696 1724 103.
1735 1664 1816 1723 ad
1853 1662 2006 1722 Am-

214 1765 404 1822 mian.
437 1762 609 1823 XXI.
640 1764 779 1825 144.
829 1761 909 1845 [k]
959 1764 1181 1825 Strabo
1225 1764 1420 1825 XVII.
1464 1763 1608 1824 812.
1653 1765 1686 1826 ὃ
1718 1764 2007 1847 ἡμέτερος

215 1865 382 1935 ξένος
410 1861 643 1925 αὐτόθι
677 1874 1118 1950 μυσταγωγῶν
1143 1867 1324 1948 ἡμᾶς.
1374 1863 1654 1937 Quorum
1684 1865 2006 1924 hominum

215 1961 551 2022 officiosam
576 1963 969 2023 sedulitatem
997 1964 1287 2025 describit
1310 1964 1676 2024 Ambrosius
1705 1963 2005 2024 Hexaem.

214 2063 282 2123 L.
329 2063 433 2123 VI.
481 2084 528 2124 c.
579 2065 632 2123 1.
693 2066 759 2124 si
802 2066 900 2138 is,
957 2067 1081 2145 qui
1137 2066 1568 2147 explorans
1624 2082 2007 2126 novorum

213 2164 597 2226 adventus
641 2166 1043 2246 hospitum
1088 2174 1260 2225 toto
1307 2185 1440 2225 eos
1487 2165 2006 2226 circumducit

213 2264 429 2324 urbis
476 2265 773 2324 ambitu
815 2267 1405 2346 praestantiora
1447 2284 1791 2345 quaeque
1837 2283 2006 2345 ope-

211 2384 292 2423 ra
364 2364 946 2439 demonstrans,
1014 2385 1167 2425 non
1236 2365 1704 2426 mediocrem
1771 2363 2007 2424 habet

215 2466 542 2541 grati-am
588 2474 699 2524 etc.
745 2466 900 2524 Prae
944 2468 1159 2524 ceteris
1204 2474 1414 2525 autem
1458 2467 1694 2546 templa
1738 2485 1776 2526 a
1799 2465 2003 2546 philo-

216 2564 446 2625 theoris
490 2564 662 2625 adita
705 2583 840 2624 esse
883 2573 1019 2624 tum
1062 2583 1160 2624 res
1203 2566 1342 2644 ipsa
1375 2564 1641 2643 subjicit,
1685 2573 1819 2625 tum
1845 2565 2004 2624 Dre-

214 2667 434 2744 panius
478 2664 658 2725 docet
698 2667 766 2724 in
798 2665 1173 2743 Panegyrico
1211 2686 1258 2724 c.
1298 2663 1468 2725 XXI.
1502 2685 1563 2746 p.
1599 2665 1742 2725 391.
1789 2663 2002 2738 Quod

333 2831 396 2892 [¹]
430 2835 679 2878 Nicolaus'
666 2850 712 2878 m
743 2836 939 2879 oratione
969 2849 995 2877 a
1025 2835 1217 2878 Diodoro
1248 2835 1352 2879 ficta
1381 2835 1508 2878 XIII.
1539 2834 1610 2878 27.
1641 2850 1728 2892 qua
1751 2836 2001 2907 ὃγιαοιιειι-

215 2906 290 2935 nos
321 2908 346 2937 a
377 2894 510 2936 caede
539 2894 860 2938 Atheniensium
892 2894 1183 2966 captivorum
1187 2894 1462 2937 dehortatur.
1496 2891 1595 2938 ὅσοι
1623 2897 1716 2938 τῶν
1739 2889 2001 2951 ἆγνοτᾶτων

213 2957 470 3020 μυστηρίων
506 2949 832 3012 μετειλήφατε,
886 2951 1061 2996 σώσατε
1113 2950 1217 3001 τοὺς
1269 2949 1541 3011 μυήσαντας.
1611 2953 1821 2995 Similiter
1861 2952 1999 2994 Athe-

217 3009 383 3051 nienses
407 3011 689 3054 Potidaeatae
717 3007 1046 3071 μυσταγωγούς
1075 3025 1175 3052 suos
1205 3017 1364 3054 vocant
1391 3011 1545 3054 Liban.
1570 3011 1694 3056 Decl.
1720 3011 1777 3053 T.
1799 3011 1875 3053 IV.
1897 3009 1997 3053 367.

333 3080 398 3138 [k]
443 3083 616 3126 Diversi
667 3081 727 3126 ab
763 3084 829 3126 his
868 3087 912 3127 οἱ
952 3085 1161 3142 ἐξηγηταὶ
1201 3088 1294 3132 τοῖς
1334 3087 1476 3134 ξένοις
1515 3087 1606 3127 τῶν
1644 3085 1750 3141 περὶ
1789 3081 1845 3125 τὰ
1881 3079 1997 3141 tegni.

215 3138 361 3182 Strab.
402 3141 541 3183 XVII.
584 3142 682 3184 806.
726 3146 770 3184 et
813 3142 921 3198 qui
927 3148 1305 3185 commemorantur
1348 3158 1372 3184 a
1413 3143 1644 3200 Porphyr.
1668 3143 1724 3185 ad
1751 3142 1908 3186 Horat.
1936 3142 1997 3185 II.

214 3197 355 3254 Epist.
402 3199 438 3245 Ι.
481 3199 579 3242 230.
619 3201 860 3243 Aeditui
901 3202 1231 3258 templorum
1273 3206 1324 3243 et
1364 3203 1638 3245 numinum
1680 3201 1889 3257 quibus
1918 3200 1996 3245 in-

216 3257 506 3310 serviunt,
562 3273 856 3302 sacrorum
912 3260 1192 3316 originem
1245 3259 1467 3302 advenis
1510 3264 1562 3303 et
1600 3259 1994 3316 ignorantibus

215 3323 509 3359 enarrant.
583 3317 681 3360 Nec
721 3323 861 3361 tamen
905 3318 1053 3362 dubito
1097 3319 1199 3376 quin
1239 3333 1371 3376 saepe
1410 3333 1520 3362 unus
1552 3318 1706 3376 aliquis
1737 3319 1844 3362 haec
1872 3319 1917 3361 in
1946 3331 1993 3359 se

215 3374 451 3430 susceperit
480 3376 655 3431 negotia
687 3377 837 3419 omnia.
