2158 3848
748 217 1266 289 ·0111²11V104.
1487 190 1497 205 ”
1807 202 1933 265 569

145 353 295 434 quid
336 353 711 413 extrinsecus
741 345 1090 408 admistum
1135 352 1230 404 est
1269 361 1381 404 seu
1424 362 1508 403 ex
1552 348 1936 428 mythologia

142 452 448 534 populari.
469 452 609 512 sive
652 445 1282 526 012.interpretatione
1308 444 1614 505 historica*
1647 458 1756 506 aut
1797 450 1933 509 rhe-

145 553 335 611 torica
390 559 499 610 aut
550 549 842 611 natutali.
878 578 882 600 ι
930 546 1209 607 Primum
1269 543 1623 606 Himerium
1681 546 1934 610 induca-

142 669 281 711 mus
338 651 445 730 qui
502 649 606 710 Or.
649 648 772 710 IX.
846 645 990 709 560.
1057 644 1486 728 improborum
1546 647 1934 727 quorundam

142 761 322 810 atrox
373 759 437 809 et
492 750 840 813 violentum
897 748 1136 808 facinus
1192 765 1306 826 per
1359 747 1647 826 ambages
1691 768 1936 810 enarra-

141 861 316 910 turus
362 850 832 910 similitudinem
860 848 1106 929 'repetit
1148 866 1187 907 a
1215 847 1514 908 Titanum.
1553 850 1802 925 scelere,
1823 851 1937 911 Zaa

142 970 323 1030 gree,
370 960 438 1010 ut
481 951 694 1026 multi,
738 951 1094 1028 Dionysum
1137 947 1519 1010 substituens
1556 949 1937 1012 Thebanum.

135 1053 366 1115 Ἐθέλω
408 1052 584 1134 ὑμῖν,
627 1055 718 1112 ita
759 1052 925 1125 infit,·
958 1046 1233 1136 διήγημά
1258 1074 1319 1111 τι
1362 1049 1518 1132 πρὸς
1558 1051 1630 1113 τὸ
1678 1054 1937 1136 συμβὰν

142 1153 612 1224 ὖπαινίξασθαι.
659 1150 782 1216 Ἦν
824 1153 960 1221 νέος
996 1153 1086 1213 ἔτι
1116 1147 1426 1220 Διόνυσος
1469 1151 1576 1213 καὶ
1619 1153 1781 1216 κατὰ
1823 1163 1938 1218 τοῦ

141 1257 300 1316 θεοῦ
357 1252 430 1315 τὸ
495 1259 624 1314 τῶν
687 1251 998 1332 Τελχίνων
1056 1251 1234 1337 γένος
1291 1247 1514 1334 ἐφύετο
1531 1250 1630 1333 [Ἶ.
1719 1253 1938 1326 Ηύξά-

141 1377 281 1416 νετο
309 1350 558 1432 Βάκχος
599 1351 708 1415 καὶ
734 1358 991 1422 Τιτᾶνες
1033 1349 1263 1421 πάντες
1300 1350 1740 1439 διερρήγνυντο
1767 1354 1941 1439 φθό-

143 1479 254 1536 νῳ.
370 1455 554 1523 Τέλος
612 1452 683 1516 δὲ
742 1453 830 1535 μὴ
891 1453 1129 1540 στέγειν
1190 1449 1536 1534 δυνάμενοι
1594 1454 1942 1520 διασπάσαι

141 1562 371 1618 τοῦτον
412 1555 770 1634 ἠθέλησαν,
813 1554 1034 1635 τέχνας
1077 1552 1147 1617 δέ
1191 1554 1490 1636 ἐμελέτων
1531 1556 1639 1618 καὶ
1681 1555 1942 1640 φάρμα-

141 1681 221 1718 κα
265 1655 371 1717 καὶ
413 1655 638 1739 κέντρα
682 1654 982 1738 διαβολῆς
1034 1654 1140 1717 καὶ
1184 1652 1431 1738 φύσεως
1484 1656 1939 1743 μαγγανεύμα-

142 1784 240 1821 τα.
322 1757 622 1839 Ἐμίσουν
665 1754 769 1829 δέ,
816 1755 900 1826 ὥς
944 1755 1139 1838 οἶμαι,
1183 1756 1298 1820 τὸν
1343 1758 1624 1835 Σιληνὸν
1679 1760 1785 1821 καὶ
1827 1761 1942 1824 τὸν

146 1856 453 1941 Σάτυρον
494 1856 601 1920 καὶ
641 1853 873 1942 γόητας
915 1853 1180 1926 τούτους
1234 1857 1655 1943 ἐφθέγξαντο,
1713 1860 1809 1922 ὅτι
1850 1869 1949 1944 τῷ·

144 1958 377 2043 Βάκχῳ
431 1958 787 2041 ἠρέσκοντο.
883 1955 960 2019 Τι’
1013 1953 1130 2022 οὗν
1174 1956 1273 2020 ἐπὶ
1315 1955 1559 2028 τούτοις
1604 1959 1943 2039 Διόνυσος;

145 2062 375 2123 Ἕκειτο
417 2057 557 2140 μὲν,
603 2057 798 2140 οἶμαι,
844 2059 1090 2144 πληγεὶς
1109 2054 1183 2140 [¹]
1228 2059 1335 2122 καὶ
1376 2058 1493 2139 τὴν
1520 2060 1756 2147 πληγὴν
1804 2089 1942 2127 και-

146 2160 293 2244 ρίαν
338 2160 675 2230 ἐστέναξεν.
725 2161 1023 2240 ’Ἀμπελος
1068 2160 1110 2223 δ
1117 2162 1134 2182 ³
1179 2157 1260 2239 ἦν
1302 2160 1600 2242 κατηφὴς,
1645 2163 1751 2224 καὶ
1791 2165 1942 2226 σκυ-

147 2260 412 2344 θρωπὸς
478 2260 664 2329 Οἷνος
704 2260 841 2322 ,καὶ
898 2257 1147 2341 Βότρυς
1219 2260 1416 2342 ὥςπερ
1480 2260 1779 2345 δακρύων
1838 2266 1945 2327 καὶ

149 2358 399 2441 Βάκχος
457 2360 659 2423 οὐκέτι
702 2359 954 2442 σφυρὸν
1014 2364 1099 2429 εἰς
1154 2359 1399 2440 κίνησιν
1457 2362 1616 2441 εἶχεν
1669 2363 1942 2449 εὐάρμο-

150 2484 320 2526 στον.
403 2462 549 2523 Ἀλλ’
609 2462 685 2523 οὐ
740 2459 849 2523 διὰ
903 2461 1131 2531 τέλους.
1171 2462 1242 2523 τὸ
1288 2459 1571 2544 δάκρυον
1615 2467 1755 2528 οὔτε
1802 2468 1941 2548 (sic)

145 2561 458 2644 πολεμίων
517 2561 588 2623 τὸ
648 2557 969 2643 τρόπαιον.
1050 2561 1124 2625 Ὁ
1184 2560 1308 2646 γὰρ
1368 2562 1526 2633 Ζεὺς
1587 2567 1943 2633 ἐποπτεύων

144 2661 310 2747 ἑώρα
353 2660 564 2726 πάντα
607 2661 714 2724 καὶ
755 2660 885 2724 τὸν
916 2659 1234 2725 Διόνυσον
1287 2662 1525 2748 ἐγείρας
1534 2694 1562 2738 ,’
1613 2667 1696 2737 ὥς
1741 2667 1940 2754 λόγος,

151 2770 421 2833 Τιτᾶνας
483 2760 671 2825 ἐποίει
723 2762 896 2846 παρὰ
950 2770 1083 2826 τῶν
1135 2761 1372 2845 μύθων
1423 2764 1800 2831 ἐλαύνεσθαι
1815 2770 1940 2851 [¹¹¹],

265 2919 330 2992 [k]
358 2919 460 2965 Non
491 2919 728 2963 Telchines
758 2890 1001 2976 siguificat,
1032 2925 1082 2963 ut
1111 2921 1406 2967 Wernsdorfio
1438 2924 1601 2978 visum,
1642 2924 1718 2968 sed
1758 2925 1942 2970 Titanes

145 2979 453 3036 τελχινωδεις,
491 2979 587 3022 sive
615 2978 715 3021 illos
741 2978 912 3022 invidos
942 2980 1272 3024 obtrectatores.

263 3062 328 3123 [¹]
361 3067 522 3112 Melior
562 3066 672 3110 haec
712 3066 885 3110 videtur
923 3066 1143 3111 distinctio
1180 3073 1240 3112 Τί
1267 3071 1350 3114 οὐν
1380 3070 1457 3113 ἐπὶ
1485 3066 1684 3125 τούτοις,
1716 3069 1941 3125 Διόνυσος

147 3150 200 3158 -
243 3133 290 3169 et
328 3129 453 3184 οἴμοι
491 3139 570 3183 pro
615 3121 758 3196 οἶμαι.
799 3124 986 3183 Niceph.
1033 3127 1171 3183 Greg.
1202 3129 1318 3171 Hist.
1350 3128 1404 3174 X.
1434 3129 1475 3169 2.
1506 3129 1606 3172 293.
1637 3109 1691 3173 D.
1723 3131 1833 3183 ἀλλ’,
1865 3138 1938 3178 οἴ-

80 3226 85 3231 ,
148 3200 253 3242 μοι,
287 3188 429 3228 κεῖται
458 3187 542 3228 νῦν
571 3184 623 3229 ἐν
652 3180 805 3240 κόνει,
836 3185 913 3228 ubi
942 3185 1082 3230 altera
1111 3186 1240 3230 lectio
1272 3183 1401 3245 οἶμαι
1430 3187 1598 3231 minime
1627 3191 1841 3235 convenit.

270 3270 323 3327 [¹¹¹
324 3269 340 3327 ]
373 3270 425 3313 Id
466 3277 559 3325 est,
598 3277 729 3330 puto,
769 3271 988 3329 exagitari
1026 3275 1292 3328 rumoribus,
1333 3273 1423 3319 ὑπὸ
1454 3280 1546 3320 τῶν
1576 3282 1775 3332 ποιητῶν
1803 3276 1937 3324 ἐλαύ-

154 3335 316 3374 νεσθαι
356 3329 610 3374 Philostrat.
652 3332 705 3373 V.
745 3331 825 3387 Ap.
868 3330 1047 3375 111.25.
1081 3333 1178 3377 116.
1223 3331 1312 3377 ὑπὸ
1343 3330 1529 3380 πάντων
1559 3334 1828 3383 ἐλαύνεσθαι
1862 3342 1935 3382 καὶ

153 3385 422 3439 κολάζεσθαι
452 3389 567 3432 Plut.
595 3389 758 3433 Philus.
789 3405 827 3433 c.
856 3388 997 3435 Princ.
1029 3391 1106 3439 111.
1137 3394 1206 3437 87.
1239 3393 1295 3436 Ί.
1328 3392 1426 3437 XII.
