2158 3848
768 229 1220 273 οιιΡΗιοΑ.
1558 223 1562 226 ’
1759 217 1882 278 363

109 373 176 420 ut
218 381 410 434 nunc,
470 361 583 419 sed
625 360 823 427 multo
879 356 1175 415 minutius
1222 367 1295 416 et
1345 360 1765 438 scrupulosius
1811 382 1885 422 ex

108 462 358 539 singulis
405 459 805 539 scriptoribus
851 458 1233 534 evestigatus
1260 456 1462 516 fuerit.
1546 456 1746 531 Quam
1791 481 1887 520 ar-

107 563 185 619 tis
229 569 475 618 nostrae
518 558 955 637 perfectionem
1012 557 1229 636 procul
1283 559 1351 616 in
1406 560 1646 617 excelso
1703 560 1887 620 sitam

106 677 305 738 quum
331 677 443 738 spe
489 670 551 717 et
593 659 966 736 cogitatione
1006 675 1369 736 praesumo,
1414 657 1582 718 beati
1598 658 1760 718 «mihi
1795 660 1887 720 vi-

104 757 327 817 dentur
364 757 759 835 ‘mythologi,
814 758 921 836 qui
977 759 1181 838 primo
1216 760 1638 819 vtenuissimae
1689 760 1890 837 cujus-

103 877 234 936 quer
265 857 513 917 fabulae
542 857 851 938 adspectu
899 860 1110 917 statim
1146 858 1461 936 judicant,
1508 869 1715 919 utrum
1756 859 1891 920 Ho-

102 959 258 1016 meri
303 977 383 1017 an
425 958 662 1038 Orphei
706 977 786 1017 an
823 958 1131 1017 Phoronei
1174 959 1558 1038 temporibus
1602 970 1749 1019 nata
1786 962 1894 1036 sit,

102 1059 448 1138 meritoque
515 1058 866 1138 despiciunt
928 1055 1299 1118 Criticorum
1369 1060 1580 1132 tricas,
1653 1062 1761 1139 qui.
1824 1063 1891 1120 in

103 1158 533 1219 constituenda
576 1159 860 1217 carminis
905 1158 1274 1238 amplissimi
1317 1166 1522 1217 aetate
1551 1160 1681 1218 vsex
1704 1161 1890 1219 ‘inter

102 1275 169 1315 se
202 1258 428 1317 seculis
466 1257 834 1337 discrepant.
1628 1315 1631 1318 .

268 1356 371 1415 IV·
451 1357 895 1442 Ἀστρονομικα
954 1358 1268 1419 veteribus
1335 1378 1531 1439 aeque
1587 1323 1804 1438 ignota
1808 1358 1890 1442 [ιι]

101 1466 208 1515 aut
251 1456 332 1517 ad
374 1459 819 1518 astronomiam
856 1458 1250 1537 judiciariam
1279 1461 1636 1539 pertinent,
1670 1459 1748 1527 de
1771 1479 1894 1542 qua

102 1556 350 1617 fuerunt
389 1558 945 1632 Dodecaeterides,
991 1569 1100 1619 aut
1141 1560 1283 1619 ficta
1326 1570 1470 1620 sunt
1511 1561 1590 1621 ab
1635 1563 1744 1636 iis,
1789 1564 1903 1643 qui·

104 1655 420 1737 Orpheum
486 1669 742 1739 propter
799 1661 1122 1719 inventum
1186 1660 1264 1719 ab
1326 1661 1466 1740 ipso
1531 1662 1894 1743 heptachor—

103 1755 307 1832 (lium,
351 1759 634 1821 coelestis
676 1761 950 1819 musicae
984 1763 1474 1834 imitamentum,
1521 1764 1893 1823 astronomis

105 1857 639 1920 adnumerandum
684 1870 997 1941 putarunt.
1083 1862 1388 1921 Firmicus
1431 1862 1501 1920 L.
1545 1860 1648 1921 IV.
1693 1863 1892 1939 Praef.

100 1977 160 2037 p.
204 1959 307 2018 84.
371 1959 651 2021 Omnia
693 1979 889 2040 quae
932 1958 1412 2041 Aesculapio
1455 1962 1890 2024 Mercurius

101 2057 657 2140 Enichnusque
720 2060 1256 2134 tradiderunt,
1333 2081 1527 2141 quae
1586 2064 1892 2125 Petosi-

101 2159 212 2217 ris
274 2160 719 2239 explicavit
782 2170 860 2220 et
922 2161 1308 2241 Necepso,
1397 2183 1590 2243 quae
1635 2165 1892 2226 Abra-

100 2257 303 2332 ham,
353 2259 718 2340 Orpheus
779 2272 854 2321 et
915 2260 1414 2322 Critodemus
1475 2264 1895 2326 ediderunt

104 2393 189 2403 ——-
252 2360 334 2418 in
397 2360 521 2420 his
585 2363 1205 2443 perscripsimus
1277 2363 1527 2424 libris,
1614 2365 1894 2426 Abraha-

102 2476 308 2532 mum,
375 2458 694 2541 Orpheum
750 2472 816 2522 et
873 2460 1297 2523 Critodemum
1319 2460 1389 2543 [b]
1449 2467 1763 2546 conjungit
1805 2477 1894 2527 et-

102 2559 230 2618 iam
287 2559 531 2622 Vettius
589 2562 815 2624 Valens
869 2565 935 2624 in
992 2548 1370 2642 Antholog-io
1416 2566 1548 2627 MS.
1605 2587 1702 2648 ap.
1761 2568 1892 2628 Sel-

103 2657 239 2718 den.
285 2659 365 2720 de
386 2662 528 2723 Diis
559 2663 698 2742 Syr.
725 2665 772 2724 Ι.
816 2662 960 2726 265.
1007 2665 1077 2724 Τ.
1105 2666 1180 2725 II.
1213 2665 1390 2748 opp.
1437 2677 1500 2727 et
1541 2670 1703 2728 inter
1747 2670 1895 2728 scri-

55 2767 57 2769 ’
102 2768 312 2837 ptores
372 2761 910 2842 Prognosticorum
971 2767 1186 2842 MSS„
1265 2788 1527 2848 quorum
1601 2770 1890 2829 notitiam

106 2859 361 2936 praehet
401 2863 686 2927 Labbeus
731 2869 820 2950 (v.
847 2869 1028 2929 Fabr.
1074 2889 1136 2949 p.
1170 2868 1333 2950 159.)
1379 2871 1612 2952 Orphei
1649 2888 1892 2950 quoque

102 2974 329 3020 nomen
373 2976 709 3046 comparet.
785 3007 787 3010 <

223 3129 287 3186 [†]
320 3131 447 3183 Quod
487 3138 748 3182 Plutarchus
788 3140 843 3183 de
871 3141 1000 3198 Pyth.
1032 3141 1097 3184 Or
1075 3155 1149 3185 rac
1153 3142 1359 3185 ,ΧῩΙΙΙι
1388 3141 1490 3184 276.
1520 3155 1566 3184 re
1570 3156 1659 3184 rum
1691 3146 1809 3184 astro
1813 3155 1889 3183 no·-

104 3188 310 3258 micarum
351 3194 582 3251 scriptores
611 3197 804 3254 poeticos
834 3210 990 3257 percen
992 3214 1089 3243 sens
1121 3201 1187 3243 Or
1166 3202 1270 3258 rple
1272 3215 1341 3243 um
1372 3200 1462 3243 sieil
1464 3201 1542 3243 1it0
1582 3206 1702 3244 trans
1703 3201 1763 3254 i,t
1805 3214 1887 3243 nno

107 3252 246 3289 temer
225 3261 311 3290 rra:
298 3248 384 3292 ium
413 3266 508 3297 esse
536 3257 702 3300 arbitro
703 3271 738 3299 r.

226 3321 288 3378 [b]
322 3323 557 3371 Critodemi
585 3329 701 3375 ἀποτ
679 3332 893 3388 τελέσματ
874 3347 927 3376 τα
959 3346 1007 3375 us
987 3346 1162 3391 surpavi
1118 3334 1183 3377 vit
1212 3333 1283 3376 Du
1315 3332 1456 3390 Cangi
1459 3346 1520 3375 ιιε.
1582 3332 1756 3375 ,6108
1762 3331 1886 3375 ..Gr

4 3384 5 3387 ’
106 3377 388 3439 1nd Scri.pt
