2158 3848
245 178 371 239 240
772 188 1010 232 LIBER
1052 187 1483 234 SECUNDUS.

242 324 320 386 τὰ
364 322 504 405 παρ’
550 320 916 407 Αἰγυπτίων
953 319 1195 399 Ἕλλησι
1238 320 1634 403 παραδοῦναι
1679 321 2017 406 μυστήρια·

243 434 305 483 et
349 422 547 484 Schol.
591 422 738 480 Eur.
781 420 912 480 Alc.
940 419 1084 482 985.
1126 426 1369 504 πρῶτος
1405 414 1669 504 Ὀρφεὺς
1710 422 2022 506 μυστήρια

241 529 414 588 ’θεῶν
457 522 933 603 παραδέδωκεν,
979 522 1135 584 ὅθεν
1176 521 1282 583 καὶ
1322 521 1626 604 θρησκεία
1667 523 1746 585 τὰ
1784 521 2023 605 μυστή-

241 643 356 708 ρια
390 627 695 692 καλεῖται,
726 621 863 681 :dno
907 628 1022 682 τοῦ
1074 620 1313 701 Θρᾳκὸς
1349 625 1652 707 Ὀρφέως·
1701 641 1857 702 quae
1901 628 2023 682 ori-

200 805 202 811 Ι
237 726 466 803 ginatio
513 720 791 779 certatim
835 718 1139 778 laudatur.
1193 726 1260 779 'v.
1303 722 1583 782 Kuester.
1630 723 1710 783 ad
1755 722 1928 782 Suid‘.
1973 732 2021 782 s.‘

201 813 203 825 ’
242 820 625 906 Θρησκεύειν.
716 818 842 878 Sed
897 819 1138 896 singula
1195 807 1635 896 mysteriorum
1678 843 1900 901 genera
1942 823 2020 883 ab

237 923 486 1003 Orpheo
540 918 902 980 introducta.
945 929 1222 979 recenset
1275 920 1701 982 Theodoretus
1757 923 2021 1004 Therap.
2153 881 2158 970 l

234 1025 278 1083 Ι.
324 1023 469 1082 699.
537 1020 606 1080 Τ.
651 1020 754 1080 IV.
813 1020 1054 1080 Schulz·
1124 1021 1266 1085 “On
1319 1031 1472 1086 τῶνγ
1506 1023 1860 1087 Διονυσίων
1915 1025 2022 1086 καὶ

231 1133 362 1188 τῶν
405 1120 891 1201 Παναθηναίων
948 1122 1054 1184 καὶ
1112 1123 1327 1203 μέντοι
1382 1130 1514 1186 τῶν
1574 1123 2022 1207 Θεσμοφορίων

232 1224 520 1287 καὶτῶν
570 1222 958 1286 Ἐλευσινίων
1009 1222 1123 1291 τοὶς
1177 1223 1422 1292 τελετὰς
1458 1224 1724 1306 Ὀρφεὺς
1781 1229 1866 1294 εἰς
1907 1225 2021 1294 τὰς

227 1321 493 1404 Ἀθήνας
537 1322 814 1406 ἐκόμισε,
870 1323 977 1385 καὶ
1020 1328 1104 1392 εἷς
1146 1327 1476 1407 Αἴγυπτον
1520 1321 1897 1406 ἀφικόμενος
1938 1324 2018 1386 τὰ
2092 1308 2093 1311 ¹

230 1433 338 1505 τῆς
366 1424 590 1494 Ἴσιδος
633 1425 739 1486 καὶ
780 1423 862 1486 τοὶ
904 1430 1019 1485 τοῦ
1058 1422 1374 1505 Ὀσίριδος
1418 1428 1502 1492 εἰς
1544 1423 1626 1486 τοὶ
1667 1433 1776 1505 τῆς
1812 1430 2020 1505 Δηοῦς

229 1525 334 1587 καὶ
374 1524 454 1587 τοὶ
496 1532 610 1586 τοῦ
637 1521 950 1586 Διονύσου
993 1524 1429 1603 μετατέθεικεν
1473 1524 1692 1608 ὄργια,
1736 1524 2019 1588 διδάσκει

230 1622 638 1707 Πλούταρχος
694 1623 963 1706 (Fragm.
1010 1622 1125 1700 84,
1186 1623 1361 1703 891.)
1417 1623 1522 1685 καὶ
1579 1622 1899 1708 Διόδωρος
1945 1627 2016 1707 (Ι.

229 1725 375 1803 96.).
418 1726 724 1808 μέμνηται
766 1723 835 1786 δὲ
880 1723 986 1785 καὶ
1030 1725 1440 1805 Δημοσθένης
1484 1722 1616 1806 (Or.
1662 1745 1711 1784 c.
1745 1723 1934 1785 Arist.
1977 1727 2017 1785 l.

230 1825 304 1905 c.)
361 1826 469 1887 καί
522 1846 676 1909 φησι
731 1825 846 1887 τὸν
893 1825 1128 1906 Ὀρφέα
1186 1824 1300 1893 τὰς
1361 1823 1714 1910 ἁγιωτάτας
1773 1827 2016 1897 τελετὰς

228 1926 521 1996 ἐπιδεῖξαι
539 1945 553 1956 ·
611 1927 903 2005 perverse
946 1923 1051 1982 ille
1093 1933 1373 1984 veterum
1418 1927 1799 1985 testimonia
1828 1928 2018 1985 inter-

226 2034 531 2107 pretatus3
577 2044 723 2084 nam
752 2024 1248 2105 Thesmophoria
1291 2034 1354 2083 et
1391 2024 1822 2085 Panathenaea
1861 2026 2015 2086 nihil

229 2126 310 2187 ad
337 2125 682 2206 Orpheum,
720 2143 800 2184 ‘ae
833 2143 913 2183 ne
936 2125 1246 2201 Dionysia
1266 2123 1523 2203 quidem
1560 2125 1672 2184 sed
1699 2126 2012 2185 Bacchica.

228 2227 544 2286 Plutarchi
567 2226 764 2298 locus,
809 2243 994 2304 quem
1039 2234 1181 2284 ante
1226 2224 1435 2283 oculos
1463 2224 1708 2299 habuit,
1751 2243 1879 2284 nou
1911 2246 2012 2285 ex·
2103 2245 2111 2255 ·

227 2337 319 2387 tat
361 2326 656 2406 amplius3
702 2324 814 2386 sed
854 2323 1182 2385 Diodorus'
1217 2324 1375 2383 hano
1421 2333 1632 2384 narrat
1673 2324 2011 2406 Aegyptio·
2082 2342 2085 2345 ·
2137 2339 2139 2342 ’

227 2445 366 2486 rum
409 2426 733 2499 fabellam,
791 2427 888 2484 cui
931 2427 1050 2487 vix
1092 2426 1229 2503 ipse
1270 2425 1459 2484 fid‘em
1514 2425 1735 2485 habet:
1779 2428 2012 2509 ’Ὀρφέα

229 2527 394 2609 φασὶ
427 2534 559 2589 τῶν
599 2533 925 2608 μυστικῶν
965 2533 1228 2609 τελετῶν
1267 2527 1348 2587 τοὶ
1391 2533 1645 2588 πλεῖστα
1671 2528 2011 2610 ἅπενέγκα·-
2071 2588 2078 2596 ,

230 2632 412 2690 σθαι·
457 2626 573 2705 τὴν
614 2625 732 2708 μὲν
773 2625 898 2711 γὰρ
936 2623 1245 2706 Ὀσίριδος
1285 2624 1531 2703 τελετὴν
1572 2634 1648 2704 τῇ
1693 2625 2008 2689 Διονύσου
2087 2635 2093 2654 ’
2133 2650 2135 2658 ·

225 2728 341 2808 τὴν
383 2727 581 2806 αὐτὴν
624 2727 818 2798 εἶναι,
878 2724 994 2804 τὴν
1049 2723 1119 2786 δὲ
1172 2731 1282 2803 τῆς
1322 2724 1546 2793 Ἴσιδος
1597 2732 1673 2803 τῇ
1730 2733 1838 2804 τῆς
1880 2724 2008 2805 Δή-

225 2849 461 2913 μητρσς
504 2824 880 2909 ὁμοιοτάτην
921 2823 1223 2908 ὑπάρχειν
1264 2833 1395 2888 τῶν
1432 2823 1763 2907 ὀνομάτων
1805 2823 2008 2906 μόνον

227 2929 721 3014 ἐνηλλαγμένων·
782 2935 844 2985 et
887 2946 935 2984 c.
979 2925 1080 2985 23.
1117 2927 1350 3009 Ὀρφέα
1392 2931 1476 2995 εἰς
1517 2930 1844 3010 Αἴγυπτον
1885 2939 2005 2988 παὲ

228 3027 590 3113 ραβαλόντα
645 3028 750 3091 καὶ
803 3023 1191 3109 μετασχόντα
1250 3034 1358 3106 τῆς
1416 3033 1652 3106 τελετῆς
1710 3026 1816 3109 καὶ
1873 3033 2005 3090 τῶν

228 3186 276 3224 ut
306 3181 483 3238 antiqua
512 3182 621 3234 sint,
662 3180 865 3223 indicium
906 3179 1119 3237 quoddam
1157 3162 1415 3235 gentilitatis
1445 3179 1645 3221 afferunt.
1706 3178 1796 3230 Qui
1823 3164 2002 3222 Eumol-

226 3255 326 3298 pum
364 3241 421 3283 ab
462 3240 638 3296 Orpheo
678 3240 891 3282 eruditum
931 3239 1120 3282 tradunt.
1161 3254 1203 3282 v.
1234 3238 1364 3281 Ovid.
1393 3238 1475 3280 ΠΙ.
1506 3238 1632 3280 Pont.
1662 3237 1744 3279 ΙΠ.
1773 3233 1845 3279 41.
1874 3235 1998 3290 hujus

224 3299 550 3415 ἒῖἓζιέἰέῗέιεῐξαθ
589 3298 904 3356 componendae
942 3297 1151 3342 rationem
1182 3297 1412 3341 ostendunt
1439 3296 1677 3354 speciosam
1706 3295 1843 3352 magis
1870 3307 1998 3349 quam
