2158 3848
205 192 332 252 264
745 201 981 245 LIBER
1023 198 1449 245 SECUNDUS.

114 351 121 355 ·
207 350 554 413 quanquam
609 327 665 391 i's
722 341 784 390 et
841 330 1026 389 ceteri
1042 325 1118 410 [¹¹]
1177 330 1586 407 conjecturam
1640 329 1849 408 potius
1894 346 1985 386 se-

208 434 313 512 qui
357 450 540 512 quam
599 450 730 491 rem
789 441 1166 509 compertam
1217 429 1445 489 referre
1489 426 1793 489 videntur.
1880 426 1988 488 Ni-

210 534 339 592 hilo
384 533 615 603 seciuS‚
672 528 839 608 quod
883 530 1118 587 Plinius
1162 526 1330 588 XIII.
1379 529 1432 589 1.
1478 537 1539 587 et
1580 527 1813 588 Arnob.
1856 526 1989 586 VII.

210 654 258 693 c.
303 633 404 691 26.
451 628 784 699 affirmant,
850 628 1052 686 Iliacis
1109 628 1490 707 temporibus
1535 627 1713 686 thure
1756 627 1991 707 suppli-

211 744 415 792 catum
459 746 584 786 non
632 745 799 798 esse,
866 724 944 784 de
1002 728 1174 786 omni
1228 747 1445 805 genere
1504 726 1992 788 suffimentorum

208 831 392 892 valet.
1653 900 1657 906 ,

382 925 510 987 Sed
567 926 972 986 enthusiasmi
1029 927 1164 988 sive
1226 873 1452 986 furoris
1520 925 1721 988 divini
1782 927 1900 985 hoc
1958 944 1995 984 a

217 1029 443 1090 Stoicis
501 1027 752 1088 affertur
809 1025 1200 1107 exemplum:
1265 1033 1395 1097 τοῖς
1436 1034 1820 1109 μνηστῆρσιν
1862 1025 1997 1107 ἐφί-

216 1151 436 1192 σταται
482 1130 698 1197 ἔνθεος
739 1125 962 1212 μάντις
1008 1129 1073 1192 ἔκ
1113 1152 1281 1197 τινος
1323 1127 1640 1197 ἐπιπνοίας
1676 1124 1999 1208 σημαίνων

213 1230 293 1292 τὰ
357 1231 691 1311 μέλλοντα,
781 1245 978 1306 eoque
1044 1224 1564 1303 Theoclymenum
1638 1227 1998 1304 significant,

213 1348 392 1408 quem
437 1327 798 1387 Plutarchus
856 1343 1097 1406 quoque
1152 1326 1360 1386 Placit.
1418 1327 1576 1386 Phil.
1619 1325 1722 1385 IV.
1791 1345 1838 1389 c.
1897 1325 1997 1384 20.

211 1432 279 1488 in
321 1429 503 1505 hujus
558 1428 650 1485 rei
706 1425 1069 1506 exemplum
1112 1426 1431 1505 producit,
1497 1437 1561 1487 et
1612 1427 1787 1487 illam
1840 1424 2001 1484 fera-

212 1529 338 1586 lem
385 1526 588 1587 caedis
633 1527 972 1604 stragisque
1009 1527 1276 1604 speciem
1317 1546 1355 1586 a
1376 1527 1661 1589 Minerva
1699 1525 2001 1603 objectam

216 1627 332 1687 od.
362 1626 505 1687 XX.
549 1619 1065 1705 345.—-355.[¹¹¹²]
1155 1624 1277 1698 Qui
1318 1626 1488 1685 locus
1533 1625 1826 1703 singulari
1853 1643 2002 1704 quo-

218 1727 362 1787 dam
407 1736 470 1785 et
511 1745 710 1806 paene
752 1724 959 1784 dicam.
997 1726 1261 1801 mystico
1306 1745 1534 1806 sapore
1582 1725 1856 1786 imbutus
1893 1743 2004 1783 -ne-

219 1848 338 1908 que
374 1826 530 1886 nihil
563 1824 819 1904 probat,
862 1843 1060 1903 neque
1104 1835 1374 1899 tantum,
1421 1836 1714 1909 quantum
1757 1826 1852 1884 illi
1897 1842 2004 1886 vo-

219 1929 375 1986 lunt.
463 1925 846 2006 Nam—proci
887 1926 1043 2004 ipsi,
1099 1942 1359 2004 quorum
1415 1936 1651 1985 mentes
1709 1924 1826 1984 dea
1867 1945 2004 2006 per-

222 2028 485 2088 vertisse
529 2024 784 2099 dicitur‚
827 2025 981 2083 nihil
1018 2022 1331 2100 divinant,
1375 2024 1867 2101 Theoclymenus
1900 2044 2007 2084 au-
2102 2007 2118 2015 '⁹

223 2138 381 2198 tem,
465 2144 647 2204 quem
702 2125 874 2184 nulla
930 2124 1237 2201 ejusmodi
1288 2126 1388 2186 vis
1455 2145 1495 2184 a
1546 2143 1728 2185 sensu
1782 2126 2007 2184 mentis

226 2226 551 2298 abstraxit,
616 2236 879 2286 ventura
937 2225 1298 2286 naturaliter
1352 2226 1675 2305 praesagit.
1760 2225 2010 2302 Pythia·
2062 2279 2066 2285 .

225 2347 362 2387 rum
407 2344 558 2387 vero
604 2336 666 2384 et
711 2325 1089 2401 Sibyllarum
1147 2325 1517 2386 furibundae
1571 2343 1757 2386 voces
1815 2327 1870 2385 si
1914 2325 2010 2384 cui

229 2436 578 2497 occurrant,
646 2428 701 2484 is
758 2427 1140 2498 meminerit,
1195 2427 1413 2486 harum
1472 2425 1722 2506 quidem
1776 2426 2011 2486 nullam

231 2536 374 2586 ante
417 2525 801 2584 Heraclitum
818 2520 890 2605 [i]
948 2527 1326 2584 mentionem
1369 2529 1531 2599 fieri,
1592 2526 1851 2601 Pythiae
1906 2542 2012 2584 au-

232 2635 358 2685 tem
404 2644 482 2683 ne
523 2626 590 2683 in
631 2625 887 2702 Hymno
933 2623 1215 2703 quidem,
1259 2627 1365 2705 qui
1407 2627 1474 2684 in
1500 2624 1858 2704 Apollinem
1895 2623 2013 2699 Py-

356 2821 417 2880 [h]
450 2825 505 2867 cf.
549 2823 777 2868 Jamblich.
821 2825 873 2866 V.
904 2824 957 2866 P.
990 2838 1026 2865 c.
1059 2823 1150 2865 CL.
1181 2838 1222 2880 p.
1253 2822 1352 2867 314.
1395 2823 1524 2879 Diog.
1570 2823 1650 2864 La.
1681 2822 1805 2864 VIII.
1841 2820 1908 2863 19.
1939 2821 2013 2877 qui

236 2882 539 2937 Pythagoreos
568 2882 725 2924 nullum
755 2896 887 2937 genus
917 2883 1182 2924 vaticinandi
1212 2888 1386 2938 praeter
1415 2882 1520 2923 illud
1550 2896 1604 2923 ex
1634 2881 1776 2923 libano
1807 2881 2013 2936 probasse

237 2941 449 2992 affirmat3
490 2941 716 2983 Nemesius
758 2946 900 2983 autem
940 2940 994 2982 de
1023 2941 1127 2983 Nat.
1158 2941 1287 2984 Hum.
1318 2941 1417 2984 XII.
1447 2941 1548 2985 201.
1581 2954 1708 2982 unum
1737 2939 1868 2991 illud,
1899 2938 2012 2995 quod

238 2998 282 3039 in
312 2999 566 3041 somniorum
595 3000 951 3056 interpretatione
980 3005 1194 3042 versatur.

361 3081 454 3140 [Μ’]
487 3087 614 3142 Apud
645 3069 830 3130 Statium
860 3085 1011 3130 Achill.
1040 3087 1076 3129 I.
1106 3085 1204 3129 522.
1237 3086 1424 3129 Calchas
1454 3084 1709 3128 furibundus
1738 3083 2011 3134 vaticinatur,

243 3143 472 3185 Homerico
504 3145 730 3187 dissimilis.

364 3228 427 3287 [i]
460 3247 501 3274 v.
532 3231 707 3288 Fragm.
747 3247 788 3290 p.
827 3231 927 3275 332.
957 3239 1002 3274 et
1029 3232 1072 3274 in
1101 3232 1314 3275 Heracliti
1342 3232 1485 3287 Epist.
1519 3230 1572 3272 ad
1603 3228 1860 3272 Hermodor.
1890 3227 2009 3271 VIII.

245 3291 444 3343 Σίβυλλα
485 3291 536 3334 ἐν
578 3293 761 3340 πολλοῖς
800 3293 877 3334 καὶ
913 3293 1042 3336 τοῦτο
1082 3289 1293 3349 ἐφράσθη
1318 3289 1402 3340 Ἐξ
1426 3285 1824 3347 Ἰάδος-χώρης
1850 3283 2010 3340 ἥξειν

249 3345 436 3405 σοφὸν
458 3346 821 3393 ’.Ιταλίδαισι
