2158 3848
225 185 353 243 620
754 196 994 260 mann
1035 196 1465 241 sucuNnus

227 338 356 386 tam
421 326 874 386 restitutionem
941 325 1039 385 his
1106 327 1294 386 sacris
1361 325 1731 387 adumbrari.
1819 327 1888 387 Si
1940 330 2007 387 in

225 428 538 506 mysteriis
606 428 760 506 ipsis
826 426 944 485 hoc
1011 425 1338 486 Plutarcho
1409 426 1705 487 traditum
1769 426 2007 500 suisset,

225 530 410 588 homo
455 527 951 604 religiosissimus
994 542 1308 604 nunquam
1348 525 1418 585 id
1461 527 1704 606 scriptis
1748 528 1876 586 suis
1916 528 2008 585 in-

226 647 429 689 serere
483 627 758 685 animum
815 621 1185 697 induxisset3
1240 624 1352 684 sed
1404 627 1527 686 fuit
1567 628 1777 708 potius
1818 627 1930 685 illa
1970 627 2009 706 ἡ

224 728 400 807 κοινὴ
441 725 546 788 καὶ
587 723 979 808 περιηγητικὴ
1025 721 1201 798 δόξα,
1246 743 1430 803 quam
1465 726 1813 786 Dinarchus
1860 743 2009 806 quo-

226 847 343 908 que
401 835 464 886 et
519 822 818 906 Cephalio
875 824 1118 903 sequuti
1160 832 1355 898 sunt„
1378 828 1681 906 ceterique
1724 827 2009 904 Pragma-

226 929 519 1000 tinorum,
589 925 695 1005 qui
757 923 1112 1000 Dionysum
1179 923 1442 1004 Delphis
1509 927 1821 1006 sepultum
1877 944 2011 986 esse

223 1026 660 1111 prodiderunt,
713 1022 950 1084 inducti
991 1024 1254 1084 fortasse
1297 1023 1374 1084 ab
1418 1027 1572 1106 ipsis
1616 1026 1800 1105 hujus
1842 1025 2013 1086 urbis

226 1127 478 1201 incolis,
539 1127 642 1206 qui
698 1144 886 1204 quum
942 1143 1116 1184 sacra
1168 1123 1478 1205 Aegyptia
1532 1125 1809 1186 studiose
1855 1127 2014 1186 cole-

224 1237 363 1287 rent
390 1229 462 1309 [θ]
509 1246 636 1285 non
675 1227 901 1285 mirum
947 1233 1059 1297 est,
1105 1226 1178 1298 si,
1223 1244 1344 1305 quo
1388 1228 1689 1305 majorem
1726 1226 1844 1286 deo
1879 1245 2014 1287 mu·-

224 1328 479 1408 nicipali
534 1345 672 1385 cum
730 1326 896 1384 Osiri
949 1325 1418 1386 similitudinem
1474 1326 1835 1401 redderent,
1880 1328 2013 1406 ejus

225 1427 393 1509 apud
437 1445 504 1486 se
547 1425 895 1505 sepulcrum
939 1433 1148 1482 extare
1192 1424 1586 1486 affirmarunt.
1680 1429 1753 1486 In
1797 1428 2013 1487 carmi-

224 1547 375 1588 num
420 1525 828 1608 Orphicorum
890 1524 1167 1603 reliquiis
1213 1524 1292 1584 de
1333 1525 1598 1606 Delphis
1642 1535 1706 1586 et
1749 1525 1828 1586 de
1871 1544 2014 1585 con-

225 1629 357 1689 dito
401 1627 490 1688 ibi
532 1627 818 1702 Dionyso
863 1625 1100 1684 nullum
1159 1626 1421 1686 verbum
1477 1627 1730 1705 legitur,
1814 1645 2015 1707 neque

225 1749 402 1803 cura,
460 1746 580 1808 qua
633 1725 864 1806 Apollo
920 1726 1175 1786 fratrem
1223 1739 1286 1785 et
1329 1729 1547 1788 vivum
1592 1737 1654 1788 et
1695 1737 2011 1787 mortuum

226 1830 649 1910 amplectitur,
736 1845 852 1905 pro
920 1835 1281 1905 argumento
1350 1827 1692 1908 Delphicae
1762 1829 2013 1906 originis

226 1948 362 1989 esse
403 1938 637 2009 potest3
680 1926 790 1986 sed
835 1927 890 1985 si
934 1939 1095 1987 esset
1138 1946 1379 2008 quoque
1419 1928 1587 1988 illius
1620 1929 1742 1988 loci
1774 1930 1841 1987 in
1873 1947 2012 1989 ver-

226 2029 396 2090 sibus
452 2028 737 2108 Orphicis
793 2029 1025 2086 mentio
1082 2021 1276 2101 facta,
1338 2036 1547 2087 tamen
1589 2029 1706 2088 hoc
1746 2047 1873 2087 non
1916 2046 2012 2089 sa-

225 2132 305 2190 tis
361 2129 521 2188 foret
577 2127 659 2188 ad
714 2127 1140 2207 probandum,
1204 2128 1667 2188 Onomacritum
1722 2131 1930 2208 ipsum
1974 2148 2013 2189 a

225 2230 490 2311 Delphis
536 2228 822 2288 edoctum
868 2247 1000 2288 esse
1044 2227 1481 2288 sacerdotibus,
1581 2227 1706 2290 Sed
1740 2230 1874 2308 jam
1917 2249 2012 2290 re-

228 2333 396 2412 liqua
438 2330 620 2408 hujus
663 2329 868 2388 famae
913 2329 1275 2407 colligamus
1319 2328 1566 2389 indicia.

1021 2473 1074 2553 ξ.
1162 2476 1270 2533 2.·

396 2598 496 2659 De
565 2598 923 2679 Terpandro
987 2601 1120 2677 Jam
1178 2602 1352 2680 prius
1414 2600 1644 2660 dictum
1700 2611 1795 2660 est
1847 2598 2012 2677 Lydi

229 2738 420 2788 πυλαό
427 2757 464 2800 χ
477 2757 526 2798 ῳ.
566 2740 699 2797 idque
738 2741 893 2784 testari
936 2741 1160 2784 Socratem
1191 2742 1242 2786 ἐν
1271 2744 1332 2799 τῷ
1361 2743 1469 2800 περὶ
1492 2741 1666 2786 Ὁσίων.
1712 2757 1819 2800 quos
1848 2743 2010 2785 Hosios

229 2803 422 2858 Dionyso
450 2801 496 2844 in
525 2807 675 2857 operto
706 2799 976 2843 sacrificasse
1005 2800 1129 2844 modo
1161 2800 1332 2844 dictum.
1373 2802 1567 2857 Abyssus
1596 2801 1673 2844 illa
1702 2802 1902 2844 Lernaea
1930 2816 2010 2859 pa-

229 2863 295 2904 lus
325 2865 417 2914 est,
445 2858 561 2902 unde
591 2859 759 2902 Semele
788 2859 845 2901 ad
874 2873 1050 2916 superos
1081 2860 1257 2903 emersit
1286 2861 1432 2903 Schol.
1474 2860 1584 2916 Lyc.
1613 2861 1715 2904 212.
1748 2876 1789 2917 p.
1813 2858 1921 2902 ¹484.
1953 2861 2008 2903 cf.

228 2919 416 2963 Siebelis
455 2918 512 2961 ad
552 2918 687 2961 Paus.
711 2918 772 2963 Π.
802 2916 873 2961 31.
903 2919 946 2961 2.
987 2918 1063 2960 sed
1104 2919 1254 2962 similis
1286 2920 1495 2976 quaedam
1526 2918 1618 2962 sive
1648 2916 1888 2973 ἀνάκλησις
1917 2918 2009 2962 sive

230 2978 466 3038 ἀνέγερσις
489 2975 673 3033 Dionysi
701 2975 839 3034 ipsius
868 2976 1104 3033 significari
1133 2977 1304 3020 videtur
1333 2994 1359 3022 a
1380 2979 1615 3022 Plutarcho
1645 2978 1674 3021 l.
1700 2993 1738 3021 c.
1763 2977 1842 3020 IX.
1874 2976 2009 3036 dexo·

228 3041 372 3096 μένου
416 3037 648 3094 χειμῶνος
698 3037 1010 3107 ἐπεγείραντες
1045 3033 1126 3080 τὸν
1166 3034 1467 3098 Διθύραμβον
1507 3042 1624 3096 τρεῖς
1663 3039 1810 3095 μῆνας
1850 3039 2011 3081 τοῦτον

229 3096 560 3141 ἀνακαλοῦνται
602 3093 681 3138 τὸν
708 3099 835 3139 θεον.
867 3100 912 3138 et
940 3096 996 3138 ab
1027 3095 1203 3152 Orpheo
1232 3097 1291 3138 H.
1321 3097 1444 3139 LIII.
1474 3095 1673 3154 ἀμφιετῆ
1703 3097 1848 3141 καλέω
1877 3092 2007 3139 Βάκ-
2052 3104 2054 3107 ’

226 3170 318 3212 χον
354 3181 412 3187 --
450 3149 499 3202 ὃς
540 3151 665 3213 παρὰ
705 3149 1000 3215 Περσεφόνης
1039 3156 1199 3214 ἱεροῖσι
1240 3152 1451 3214 δόμοισιν
1492 3153 1634 3199 ἰαύων
1670 3157 1860 3213 κοιμίζει
1887 3168 2007 3214 τριε-

232 3217 346 3272 τῆρα
380 3208 580 3270 χρόνον·
634 3210 767 3262 αὐτὸς
808 3211 856 3255 δ’
914 3210 1046 3267 ἡνίκα
1088 3210 1168 3257 τὸν
1206 3217 1354 3274 τριετῆ
1389 3210 1500 3258 πάλι
1539 3217 1696 3274 κῶμον
1733 3215 1882 3274 ἐγείρῃ
1923 3218 2006 3255 etc.

232 3286 487 3330 quamquam
520 3277 672 3315 neuter
702 3273 851 3316 horum
881 3277 951 3315 sat
979 3271 1095 3314 clare
1123 3271 1324 3330 loquutus
1354 3279 1432 3316 est.

349 3345 416 3403 [θ]
451 3346 579 3389 Paus.
610 3346 662 3390 X.
693 3346 763 3390 22.
793 3347 834 3392 9.
866 3347 923 3390 cs.
957 3345 1138 3389 Wessel.
1169 3346 1224 3390 ad
1255 3346 1382 3392 Diod.
1412 3346 1448 3390 Ι.
1478 3345 1548 3390 29.
1581 3361 1623 3403 p.
1653 3345 1752 3390 351.

2149 3177 2158 3211 νπ
2148 3043 2158 3132 -*⁴r
2156 2982 2158 2984 .

2151 3213 2158 3342 j
