2158 3848
659 226 1230 270 numu-SINIA.
1715 215 1837 276 203

357 414 361 415 a
712 376 783 414 ’ς’-ὁ
867 380 927 414 .”
959 355 1069 416 27.

239 457 404 516 Haec
439 455 686 535 quidem
724 354 869 515 suffit
901 474 1056 535 quae
1095 453 1172 515 de
1206 452 1538 514 Eleusiniis
1578 454 1839 518 dicenda

70 556 255 616 habui
297 584 381 600 —·—
426 556 609 619 ἀντία
647 557 994 638 προτέρων..
1072 554 1198 615 Nec
1230 562 1386 634 puto
1422 555 1617 614 ullum
1662 576 1700 616 a
1742 566 1843 617 me

72 657 516 727 testimonium,
561 674 681 734 quo
726 656 997 733 vulgaris
1024 656 1235 737 opinio
1275 657 1622 714 confirmari
1659 675 1843 735 posse

71 754 379 827 videatur,
422 764 530 814 aut
571 758 1076 834 praetermissum
1118 766 1227 816 aut
1268 774 1394 815 non
1438 756 1844 841 explanatum

70 873 217 914 esse.
305 854 429 914 Sed
473 858 680 915 omnia
722 859 1040 937 persequi,
1102 875 1258 935 quae
1301 851 1571 936 unquam
1615 855 1692 915 ab
1736 857 1846 917 lio.-

70 954 333 1018 minibus
378 957 596 1016 otiosis
620 959 916 1036 conjecta
972 966 1034 1015 et
1089 957 1325 1015 effutita
1379 965 1553 1028 sunt,
1618 976 1846 1036 nequa-

72 1075 250 1135 quam
293 1060 704 1118 necessarium
760 1058 939 1130 duxi,
1004 1075 1202 1135 neque
1256 1055 1426 1136 apud
1478 1057 1620 1115 illos
1675 1058 1846 1136 ipsos

65 1157 288 1215 horum
331 1168 819 1218 commentorum
863 1169 1141 1217 auctores
1186 1158 1446 1234 gratiam
1488 1157 1731 1230 inirem,
1773 1159 1850 1231 si,

0 1299 1 1335 3
71 1275 225 1335 quae
267 1256 344 1316 ab
386 1259 689 1338 imperitis
735 1258 900 1319 credi
947 1257 1307 1329 voluerunt,
1366 1258 1711 1336 peritorum
1747 1259 1847 1336 ju-

0 1344 1 1347 *
72 1354 230 1415 dicio
275 1361 738 1419 commisissem.
826 1357 1011 1432 Quod
1053 1359 1113 1417 sir
1149 1359 1285 1437 quis
1327 1358 1721 1418 inhumanius
1757 1358 1850 1419 di-

73 1465 235 1516 ctum
276 1468 485 1538 putet,
552 1461 607 1519 is
660 1468 770 1520 aut
824 1458 1083 1519 eandem
1139 1457 1260 1517 sibi
1302 1459 1369 1518 in
1410 1458 1734 1518 scribendo
1776 1459 1853 1519 li.-.

72 1559 332 1618 centiam
378 1559 513 1619 dari
557 1562 755 1640 cupit,
813 1570 920 1620 aut
961 1558 1260 1619 librorum
1318 1578 1636 1620 censuram
1681 1562 1850 1620 simi-

73 1655 194 1715 lem
239 1677 373 1718 esse
415 1661 727 1720 existimat
770 1661 956 1741 epulo
1000 1658 1273 1732 funebri,
1315 1660 1380 1718 in
1406 1678 1528 1739 quo
1572 1661 1675 1722 vel
1712 1679 1852 1740 pes--

74 1757 215 1815 simi
258 1757 616 1835 laudantur,
684 1771 796 1821 aut
850 1762 1106 1820 omnino
1161 1760 1316 1819 nihil
1369 1762 1632 1819 istorum
1687 1761 1849 1837 legit.

74 1856 192 1915 His
235 1859 420 1935 igitur
462 1871 532 1920 ut
573 1860 924 1934 ostendam,
992 1878 1115 1939 quo
1161 1859 1546 1939 quorundam
1603 1860 1852 1928 licentia

71 1958 402 2035 procedat,
471 1963 781 2041 specimen
847 1977 1193 2041 proponam
1262 1977 1347 2018 ex
1410 1959 1602 2033 libro,
1669 1979 1851 2039 quem

74 2056 225 2117 Phil.
278 2059 604 2121 Moritzius
659 2060 856 2120 edidit
909 2061 1027 2119 hoc
1081 2060 1309 2136 elogio:
1375 2059 1500 2119 Die
1554 2060 1851 2136 symboli-

75 2159 216 2217 sche
259 2159 561 2220 Weisheit
613 2160 724 2220 der
765 2162 1080 2239 Aegypter
1134 2177 1244 2218 aus
1303 2158 1423 2218 den
1483 2160 1852 2238 verborgen-

78 2269 213 2317 sten
254 2259 720 2320 Denkmahlern
775 2260 883 2319 des
925 2259 1307 2318 Alterthums
1350 2258 1510 2317 Berl.
1560 2259 1741 2319 1793.
1784 2262 1853 2319 in

79 2376 200 2436 quo
243 2358 689 2440 Aegyptiorum
733 2361 1167 2435 mysteriorum
1208 2358 1434 2418 forma.
1455 2362 1852 2419 ⁴exactissime

81 2468 369 2537 tanquam
430 2479 465 2518 e
530 2461 984 2518 commentariis
1049 2460 1405 2539 pontificum
1461 2458 1851 2520 describitur:
1897 2527 1900 2530 ,

82 2555 314 2629 „Jeder
364 2558 892 2620 Einzuweihende
958 2568 1191 2618 musste
1255 2569 1380 2619 erst
1447 2578 1574 2620 von
1647 2562 1850 2621 einem

82 2658 597 2736 „Eingeweihten
623 2658 953 2723 besonders
989 2659 1641 2739 empfohlen-werden.
1731 2662 1850 2721 Ge-

86 2760 403 2829 „wonlich
439 2761 695 2838 geschah
731 2759 931 2820 dieses
972 2779 1119 2822 vom
1156 2760 1396 2838 Konige
1431 2761 1623 2821 selbst
1660 2761 1849 2823 durch

89 2858 236 2928 „ein
277 2858 605 2920 Schreiben
648 2879 729 2920 an
770 2859 872 2920 die
915 2862 1205 2936 Priester‚
1265 2861 1364 2921 die
1406 2863 1514 2920 ihn
1554 2881 1680 2922 von
1723 2861 1850 2920 He-

90 2954 378 3037 „liopolis
419 2962 575 3020 nach
606 2960 914 3041 Memphis
957 2961 1085 3022 und
1129 2981 1255 3024 von
1300 2962 1379 3021 da
1421 2961 1574 3020 nach
1600 2961 1850 3021 Theben

10 3044 13 3090 ³
90 3057 373 3127 „wiesen
411 3098 496 3107 —
551 3060 693 3121 Nun
735 3072 965 3122 musste
1025 3083 1090 3122 er
1132 3063 1408 3122 mehrere
1450 3061 1744 3122 Monathe
1785 3064 1850 3121 in

90 3157 306 3227 „einer
345 3159 820 3220 unterirdischen
860 3162 1066 3222 Hohle
1109 3161 1438 3238 zubringen
1497 3161 1624 3220 und
1681 3164 1850 3221 seine

91 3255 479 3326 „Gedanken
521 3259 938 3321 aufschreiben
979 3301 1061 3308 -
1123 3261 1260 3319 Von
1317 3260 1395 3320 da
1445 3261 1647 3321 fiihrte
1704 3280 1848 3320 man

95 3355 247 3424 „ihn
292 3358 355 3414 in
398 3355 515 3416 den
540 3359 917 3440 Saulengang
948 3362 1055 3422 (les
1080 3362 1340 3422 Hermes
1385 3398 1466 3407 -
1512 3362 1676 3422 daun
1702 3361 1846 3421 kam
