2158 3848
698 219 1274 270 ELEUSINIA.
1754 212 1875 272 221

101 376 240 448 χεῖα
282 368 531 428 θέοντα.
620 358 924 436 Taylorus
967 356 1105 435 pari
1149 351 1384 434 ubique
1417 359 1698 418 acumine
1742 358 1882 417 Plo-

109 472 223 528 tini
266 475 327 524 et
349 461 591 522 Proculi
633 457 824 522 verba
857 474 975 536 pro
1013 454 1295 517 versibus
1322 455 1702 516 Zoroastreis
1733 478 1882 519 ven-

110 569 240 638 dit,
320 573 502 642 atque
560 559 716 620 adeo
776 555 1144 617 Homericos
1209 575 1426 616 versus
1481 559 1628 620 Ἀλλ’
1691 560 1882 638 ἄλλην

108 667 299 745 ἐνίησι
340 663 539 743 πατὴρ
584 658 958 741 ἐναρίθμιον
999 657 1158 720 εἶναι
1203 656 1317 716 Od.
1343 666 1439 720 M.
1472 657 1571 718 56.
1611 668 1672 718 et
1707 662 1884 723 Ἀλλὰ

109 767 264 835 Ζεὺς
306 761 600 845 πρότερος
642 756 880 844 γεγόνει
923 758 1029 820 καὶ
1070 758 1321 821 πλείονα
1362 760 1482 839 ᾔδη
1525 760 1594 819 ΙΙ.
1638 767 1716 824 N.
1739 759 1884 821 355.

106 884 291 946 quum
334 863 495 921 forte
539 859 707 940 apud
750 859 1075 917 Proculum
1131 859 1407 935 legisset,
1469 861 1757 919 continuo
1811 862 1887 920 il-

104 968 234 1025 lum
280 961 606 1024 Chaldaeis
651 959 978 1038 adscripsit
1022 957 1090 1016 T.
1135 957 1330 1018 XVII.
1377 958 1520 1019 257.
1566 961 1727 1020 hunc
1773 960 1888 1021 Or-

105 1067 266 1147 pheo
324 1064 392 1123 T.
436 1062 606 1123 XXI.
652 1060 794 1120 253.
851 1069 913 1117 et
967 1057 1110 1116 361.
1163 1059 1284 1117 nisi
1336 1059 1497 1118 forte
1538 1060 1888 1123 Homerum

105 1184 345 1246 quoque
388 1174 450 1222 et
494 1161 809 1245 Orpheum
855 1158 1102 1217 oracula
1142 1158 1253 1217 illa
1306 1169 1368 1217 et
1409 1159 1627 1238 legisse
1682 1171 1744 1221 et
1786 1182 1890 1222 ex-

104 1267 403 1346 pressisse
456 1263 733 1342 putavit,
796 1258 964 1340 quod
1018 1257 1096 1317 de
1149 1258 1414 1318 Platone
1466 1262 1651 1333 etiam
1707 1273 1889 1344 atque

107 1368 292 1424 etiam
337 1361 616 1422 affirmat.
701 1361 906 1441 Atque
951 1379 1027 1419 ea
1066 1360 1220 1419 mihi
1266 1379 1448 1419 causa
1477 1361 1627 1435 fuit,
1674 1384 1780 1424 cur
1813 1365 1891 1425 de

0 1539 2 1543 y
106 1467 222 1526 hoc
274 1466 441 1536 viro,
507 1482 689 1542 quem
734 1460 1077 1522 Creuzerus
1131 1462 1511 1521 nostratibus
1568 1463 1893 1525 studiosis-

0 1563 1 1594 ³
106 1569 262 1627 sime
306 1562 730 1636 commendat,
772 1562 985 1643 paullo
1031 1563 1306 1641 apertius
1352 1561 1649 1638 dicerem,
1706 1585 1892 1645 quam

106 1685 280 1727 meus
323 1683 459 1724 mos
502 1664 651 1737 fert,
715 1664 886 1722 nullo
924 1661 1214 1741 Jurgandi
1257 1662 1497 1737 studio,
1558 1663 1669 1723 sed
1711 1685 1789 1725 ne
1845 1669 1894 1727 ii

109 1768 430 1837 fallantur,
491 1766 597 1844 qui
653 1763 790 1824 aliis
845 1763 1067 1823 studiis
1125 1765 1435 1843 occupati,
1498 1783 1651 1845 quos
1708 1765 1891 1827 duces

110 1876 468 1947 sequantur,
511 1865 874 1944 plerumque
915 1866 1210 1923 nesciunt.

672 2102 1333 2111 ffi-m*

484 2297 1309 2376 EPIMETRUM
1398 2299 1503 2378 V.

704 2482 783 2533 ad
832 2489 879 2549 ξ.
930 2485 1012 2536 15.
1063 2489 1193 2534 not.
1243 2499 1288 2534 e.

286 2667 561 2747 Toupius
627 2667 888 2727 Emend.
961 2667 1030 2727 T.
1098 2667 1204 2726 111.
1280 2667 1424 2727 318.
1498 2677 1562 2728 et
1630 2668 1898 2746 Ilgenius

121 2766 337 2849 opusc.
381 2767 536 2830 Phil.
581 2788 641 2848 p.
687 2769 830 2828 274.
887 2770 1247 2851 ἐπιπέμπειν
1291 2770 1477 2834 ἀντία
1519 2769 1624 2831 vel
1670 2771 1898 2832 ἄνταῒα

124 2868 471 2942 emendant,
515 2868 874 2930 Welckerus
917 2872 982 2929 in
1018 2866 1282 2951 Specim.
1307 2872 1384 2935 II.
1428 2872 1637 2951 Epigr.
1666 2868 1724 2927 6.
1770 2871 1899 2929 ἐπι-

125 2966 374 3048 πέμπειν
417 2972 579 3033 ἄντα
622 2973 780 3047 (vox
813 2970 1084 3051 poetica)
1130 2990 1391 3052 quorum
1434 2970 1590 3029 nihil
1635 2986 1898 3047 egemus.

125 3064 225 3124 De
265 3069 611 3130 nominibus
657 3072 941 3157 ἐπαγωγὴ
980 3081 1042 3131 et
1079 3071 1388 3154 ἐπιπομπὴ
1424 3069 1738 3151 praeclare
1775 3066 1899 3128 dis-

126 3172 307 3244 putat
345 3166 739 3230 Ruhnkenius
795 3169 875 3230 ad
919 3171 1076 3232 Tim.
1132 3194 1192 3253 p.
1244 3171 1381 3230 114.
1438 3169 1548 3230 sed
1602 3171 1900 3248 significa-

126 3266 362 3324 tionem
404 3269 585 3331 nimis
630 3279 923 3346 coarctat;
978 3290 1265 3351 „genus
1310 3270 1699 3351 quoddam
1742 3275 1900 3332 θεα-

126 3364 359 3449 γωγίας
425 3367 550 3428 Vel
602 3371 1008 3456 ψυχαγωγίας
1079 3383 1195 3432 est
1265 3373 1584 3458 ἐπαγωγὴ,
1674 3388 1899 3450 quum
