2158 3848
745 266 1193 312 oRPHICA.
1295 244 1298 249 ’
1720 257 1851 320 273

93 409 163 467 V.
207 409 263 466 2.
318 401 516 464 Schol.
559 399 712 459 Plat.
769 414 830 474 p.
861 392 976 454 ·11.
1031 392 1272 454 Ruhnk.
1325 413 1376 454 a:
1417 397 1628 457 multis
1683 403 1850 460 servi

91 527 151 569 v.
197 501 449 564 Casaub.
502 497 595 557 adv
634 493 856 564 Athen.
911 492 1075 554 XIV.
1120 494 1263 554 639.
1317 494 1396 553 Ι).
1452 513 1491 554 3
1544 496 1851 576 plerisque

90 602 363 673 barbari,
408 606 470 656 et
511 593 850 654 recentiore
892 594 1190 653 memoria
1216 590 1548 654 Christiani
1569 614 1629 656 v.
1654 595 1849 656 Reitz.

88 701 169 763 ad
210 699 456 760 Lucian.
497 693 671 754 Alex.
716 713 764 753 c.
809 692 910 752 38.
953 713 1014 773 p.
1057 693 1203 753 424.
1249 693 1317 752 T.
1360 693 1430 752 V.
1519 693 1643 754 Sed
1685 697 1853 776 prin-

86 800 299 881 cipalis
341 798 472 873 sine
517 792 705 852 dubio
762 811 946 853 causa
986 794 1468 874 gravissimaque
1508 796 1718 874 posita
1761 805 1854 854 est

84 902 151 959 in
187 897 643 979 peregrinorum
681 892 826 952 odio
867 903 929 953 et
963 903 1150 952 metu.
1235 894 1486 952 Etenim
1510 894 1630 953 fuit
1663 894 1852 975 quod-

85 997 231 1057 dam
273 1007 545 1075 tempuS‚
605 1012 795 1073 quum
849 1002 1056 1071 gentes
1113 993 1298 1051 nullis
1351 995 1513 1052 inter
1565 1012 1632 1052 se
1693 1013 1853 1054 com-

82 1097 323 1160 merciis
378 1097 607 1158 mixtae
661 1094 917 1172 soloque
972 1093 1187 1153 nativo
1241 1092 1545 1152 arborum·
1587 1094 1710 1152 ritu
1764 1094 1854 1151 in-

83 1198 400 1257 haerentes
455 1214 567 1253 nec
619 1194 806 1252 alieni
850 1191 1182 1272 quidquam
1242 1195 1584 1273 reciperent
1623 1212 1735 1251 nec
1779 1192 1855 1251 de

84 1316 199 1357 suo
255 1296 803 1366 communicarent,
864 1301 927 1351 et
977 1294 1045 1351 in
1097 1293 1238 1372 ipsa
1290 1293 1400 1351 illa
1453 1292 1856 1353 humanitatis

86 1397 296 1457 altrice
351 1395 640 1467 Graecia,
712 1402 928 1453 notum
993 1401 1117 1466 est,
1184 1411 1368 1472 quam
1432 1411 1573 1454 rara
1631 1392 1859 1454 fuerint

0 1502 1 1513 ¹
84 1495 392 1576 quondam
457 1495 848 1567 commercia,
925 1512 1108 1573 quam
1168 1493 1400 1551 intuta.
1430 1495 1857 1572 peregrinatio.

83 1595 411 1675 Ejusmodi
457 1603 664 1653 autem
707 1593 1089 1672 temporibus
1151 1600 1213 1650 et
1254 1592 1531 1652 moribus
1575 1594 1859 1672 alienige-

83 1714 198 1755 nas
242 1694 323 1754 ad
365 1713 679 1754 sacrorum
723 1694 996 1755 civilium
1032 1693 1528 1751 communionem
1557 1693 1859 1753 admissos

85 1813 238 1867 esse,
264 1813 410 1853 num
434 1793 723 1852 credibile
743 1793 1023 1852 videtur'.l
1056 1811 1243 1872 quum
1265 1794 1625 1871 praesertim
1655 1794 1860 1852 mitio-

84 1895 255 1954 ribus
290 1894 508 1954 seculis
543 1892 823 1952 nonnulli
858 1901 987 1949 tam
1030 1893 1262 1950 morosi
1296 1892 1556 1964 fuerint,
1600 1902 1671 1951 ut
1706 1882 1862 1951 vasa

83 2013 336 2075 peregre
393 1992 653 2054 advecta
705 1989 980 2052 Herodo,
1025 1989 1096 2049 V.
1141 1991 1241 2050 88.
1304 1990 1525 2050 Athen.
1568 1990 1671 2050 IV.
1722 1992 1859 2051 137.

86 2093 157 2153 F.
203 2104 264 2152 et
322 2094 631 2153 esculenta
674 2093 922 2150 exotica
965 2109 1002 2150 a
1046 2090 1306 2149 deorum
1352 2089 1614 2170 dapibus
1660 2092 1859 2151 exclu-

0 2224 1 2229 1
85 2194 277 2252 serint
320 2203 382 2252 et
422 2191 837 2254 removerint'.l
937 2190 1181 2250 Deinde
1224 2208 1409 2269 saepe
1453 2209 1673 2249 causae
1714 2194 1861 2251 inci-

0 2340 5 2374 a
89 2289 347 2363 debant,
406 2312 592 2372 quum
646 2309 870 2370 parum
927 2310 961 2348 e
1015 2289 1330 2370 republica
1380 2289 1697 2351 videretur
1754 2309 1862 2371 pa·-

0 2391 7 2454 Ι
87 2391 216 2449 lam
259 2389 407 2449 deos
449 2391 714 2470 precari,
757 2408 835 2448 ne
879 2408 998 2469 qua
1039 2391 1254 2448 fierent
1296 2390 1509 2450 votis
1555 2398 1861 2448 contra-

0 2493 4 2576 ᾗ
90 2492 210 2549 ria
251 2501 433 2551 vota
445 2491 538 2571 [Ἴ.
623 2487 799 2548 Unde
852 2489 1132 2569 profecta
1186 2498 1279 2549 est
1331 2489 1440 2549 illa
1481 2487 1688 2567 Ajacis
1732 2488 1860 2549 mo-

90 2591 275 2649 nitio:

0 2702 21 2747 >l
224 2701 352 2755 Ἀλλ’
392 2701 529 2772 ἄγετ’
574 2732 632 2740 -
672 2698 882 2767 εὔχεσθε
918 2701 1008 2753 Διὶ
1038 2701 1294 2770 Κρονίωνι
1330 2700 1509 2755 ἄνακτι

233 2792 346 2858 σιγῇ
383 2786 458 2858 ἐφ’
496 2783 710 2854 ὑμείων,
744 2787 832 2837 ἵνα
866 2784 939 2854 μὴ
980 2786 1154 2856 Τρῶές
1188 2807 1240 2856 γε
1277 2783 1564 2840 πύθωνται.

96 2887 248 2948 Erat
298 2890 462 2948 enim
506 2887 754 2968 publica
809 2888 1050 2967 opinio,
1117 2887 1374 2947 deorum
1428 2889 1686 2965 gratiam
1732 2905 1861 2946 mu-

98 2987 341 3048 neribus
385 2988 682 3067 donisque
723 2985 943 3046 redimi
986 3005 1197 3066 posse,
1240 2988 1538 3066 facileque
1572 2989 1638 3046 in
1680 2987 1862 3048 rebus

0 2883 27 3075 „aL-g..
18 2749 23 2842 u-,ffl
0 2634 21 2699 M„-

193 3170 256 3225 [c]
287 3170 448 3215 Zenob.
480 3170 700 3214 Prov.IV.
721 3169 790 3211 29.
815 3166 980 3229 Ἀράτῳ
1011 3167 1035 3214 ὃ
1066 3169 1174 3221 θεὸς
1204 3168 1493 3229 φυλάξασθαι
1516 3171 1605 3229 ἔφη
1626 3169 1691 3231 μὴ
1713 3167 1863 3214 λάθω-

103 3241 176 3270 σιν
218 3230 262 3271 οἱ
301 3229 348 3277 ἐξ
384 3230 586 3278 ἐναντίας
613 3227 719 3285 εὐχῇ
748 3230 916 3285 μείζονι
939 3226 1234 3288 χρησάμενοι.
1266 3230 1382 3286 quod
1412 3229 1682 3273 de.Diotimo
1713 3236 1862 3272 narrat

102 3285 249 3328 Schol.
291 3286 396 3328 Eur.
435 3287 620 3330 Phoenn.
664 3284 788 3329 1408.
828 3286 1061 3330 Locrenses
1098 3303 1230 3331 nonas
1260 3288 1448 3345 praedae
1476 3295 1713 3340 voverunt,
1750 3288 1860 3330 taci—

101 3349 276 3400 tamque
318 3358 410 3388 eam
439 3358 526 3388 rem
555 3346 768 3396 habuere,
812 3358 878 3387 ne
907 3346 1063 3389 votis
1093 3346 1469 3390 vincerentur
1497 3347 1652 3390 sustin.
1682 3346 1733 3387 L.
1763 3345 1860 3388 XX.

104 3416 141 3442 c.
171 3402 211 3445 2.

1455 3493 1531 3552 18
