2158 3848
176 196 302 256 568
709 210 949 254 LIBER
993 210 1425 255 SECUNDUS.

173 360 220 399 c.
267 338 541 403 Gramm.
583 340 631 400 1.
681 339 777 400 12.
823 341 966 401 272.
1053 339 1143 402 Ac
1186 341 1435 401 fuerunt
1479 343 1686 416 etiam,
1731 343 1838 424 qui
1869 353 1962 403 to·

173 449 305 499 tum
361 459 549 519 genus
605 441 947 500 humanum
1004 461 1081 500 ex
1134 441 1409 522 reliquiis
1456 443 1792 520 Gigantum
1853 462 1962 503 na·

172 547 304 599 tum
350 540 743 619 perhiberent
787 540 971 602 ovid.
1014 540 1164 599 Met.
1206 541 1254 600 I.
1303 541 1443 601 107.
1489 541 1662 604 Serv.
1707 542 1790 604 ad
1813 544 1959 604 Buc.

175 639 277 698 VI.
321 637 512 719 4l.[¹]
576 658 837 719 quorum
896 641 1142 719 utrique
1201 641 1476 702 nativam
1539 653 1797 704 naturae
1849 663 1961 704 no-

172 749 335 798 strae
396 739 803 799 vitiositatem
870 758 908 799 a
973 739 1230 798 deorum
1304 740 1435 818 lege
1512 751 1576 803 et
1638 745 1963 807 voluntate

172 857 457 900 aversam
502 838 816 899 declarare
842 840 1174 900 voluerunt
1213 843 1679 921 'comparatione
1723 863 1960 917 eorum,

173 957 325 1017 quos
374 942 741 1018 gravissima
785 960 922 1001 cum
968 940 1088 1001 diis
1118 940 1281 1001 ⁴odia
1324 945 1670 1002 exercuisse
1715 945 1962 1017 scirent,

174 1040 332 1100 sicut
375 1040 553 1100 Plato
599 1061 844 1122 quoque
888 1040 1182 1101 Titanum
1229 1061 1264 1101 e
1307 1062 1528 1121 genere
1570 1025 1790 1103 'statuit
1835 1062 1962 1116 eoS‚

172 1140 276 1219 qui
321 1150 391 1201 ut
431 1141 526 1201 illi
571 1141 937 1206 coelestibus
981 1143 1069 1202 sic
1099 1142 1163 1201 hi
1192 1141 1600 1204 adversantur
1643 1144 1964 1222 magistra-

174 1239 356 1300 tibus.
422 1261 483 1303 v.
542 1241 673 1303 Ast.
735 1241 816 1302 ad
875 1242 1056 1321 Legg.
1118 1263 1178 1323 p.
1241 1243 1380 1302 193.
1471 1242 1707 1325 Orphei
1751 1254 1964 1304 contra

169 1341 668 1422 principaliorem
714 1345 907 1401 nostri
951 1351 1192 1423 partem
1238 1342 1474 1422 aliquid
1526 1343 1727 1406 divini
1783 1346 1850 1404 in
1894 1363 1961 1405 se

169 1439 399 1500 habere
473 1450 812 1501 statuentes
888 1443 1061 1502 illam
1137 1443 1618 1503 inficetissimam
1685 1444 1961 1506 fabulam

171 1543 502 1601 commenti
545 1551 707 1615 sunt,
754 1543 853 1601 cui
889 1542 1154 1619 similem
1186 1541 1377 1601 refert
1403 1541 1686 1603 Julianus
1713 1544 1959 1624 Fragm.

175 1638 278 1699 Or.
323 1661 384 1722 p.
429 1642 574 1703 292.
620 1641 690 1701 Β.
747 1638 1111 1727 ἀποβλέψας
1165 1648 1250 1713 εἰς
1291 1643 1408 1724 τὴν
1449 1651 1582 1709 τῶν
1626 1648 1800 1709 θεῶν
1844 1644 1964 1729 φή-

170 1765 318 1822 μην,
360 1743 849 1827 ἣπαραὸἔὸοται
893 1743 999 1806 διὰ
1045 1751 1177 1808 τῶν
1222 1743 1504 1826 ἀρχαίων
1545 1745 1697 1829 ἡμῖν
1729 1749 1965 1830 196on—

171 1850 340 1928 γῶν,
399 1844 516 1917 ὥς,
577 1844 677 1906 ὅτε
723 1844 880 1914 Ζεὺς
925 1841 1168 1926 ἐκόσμει
1209 1844 1288 1906 τὰ
1333 1843 1575 1918 πάντα,
1633 1845 1963 1931 σταγόνων

171 1943 340 2025 ἱεροῦ
384 1947 644 2027 αἵματος
687 1952 1046 2018 πεσουσῶν,
1115 1948 1178 2015 ἐξ
1234 1939 1325 2008 ὧν
1369 1969 1490 2008 που
1551 1945 1622 2008 τὸ
1667 1954 1799 2010 τῶν
1843 1949 1959 2010 οἷν-

168 2040 453 2124 θρώπων
494 2045 855 2128 βλαστήσειε
897 2046 1105 2131 γένος,
1167 2044 1272 2107 καὶ
1329 2045 1527 2116 οὕτως
1572 2042 1690 2110 οὗν
1735 2067 1958 2134 συγγε-

169 2148 293 2214 νεῖς
334 2142 645 2230 γινόμεθα
690 2143 931 2215 πάντες.

942 2347 995 2427 ξ.
1075 2260 1182 2407 ι36.

341 2513 530 2574 Hisce
591 2513 994 2591 testimoniiS,
1057 2536 1214 2598 quae
1273 2519 1503 2596 partim
1567 2517 1643 2577 ab
1707 2517 1956 2598 Orpheo

168 2613 307 2695 ipso
350 2616 626 2694 profecta
679 2626 821 2675 sunt
875 2617 1099 2696 partim
1160 2616 1238 2675 ab
1295 2618 1374 2675 iis
1437 2619 1543 2695 qui
1586 2617 1958 2696 perfectissi-

168 2734 336 2775 mam
361 2715 677 2775 doctrinae
707 2716 1014 2796 Orphicae
1056 2718 1343 2799 notitiam
1387 2716 1750 2789 habuerunt,
1794 2736 1957 2777 nunc

168 2816 530 2877 subteminis
571 2815 760 2877 modo
805 2816 1173 2896 subjungam
1220 2835 1325 2875 eos
1362 2815 1552 2890 locos,
1596 2817 1814 2897 quibus
1843 2818 1956 2877 ali-

289 2957 352 3017 [ἱ]
384 2961 531 3018 Etym.
571 2961 634 3004 Μ.
665 2957 860 3020 Βροτός,
902 2957 963 3010 ὥς
1002 2959 1090 3019 μὲν
1119 2955 1354 3018 Εὐήμερος
1384 2958 1474 3003 ἀπὸ
1505 2956 1682 3018 Βρότου
1712 2958 1835 3011 τινὸς
1863 2960 1951 3005 αὖ-

171 3016 415 3076 τόχθονος·
449 3018 472 3063 ὁ
505 3019 556 3064 δὲ
581 3016 792 3069 ‘Ho'lodoc
821 3017 911 3063 ἀπὸ
941 3016 1119 3078 Βρότου
1147 3021 1229 3061 τοῦ
1259 3021 1459 3078 Αῑθέρος
1487 3021 1563 3061 καὶ
1588 3016 1799 3078 “Ημέρας.
1823 3016 1954 3064 ἄλλοι

171 3077 223 3122 δὲ
253 3075 344 3121 ἀπὸ
375 3075 537 3136 βρότον
568 3081 647 3122 τοῦ
677 3081 866 3138 αἵματος
894 3077 986 3120 scil.
1016 3080 1107 3121 τῶν
1136 3073 1382 3135 Γιγάντων,
1413 3077 1528 3133 quod
1550 3077 1672 3120 addit
1694 3078 1953 3122 Eustathius
2029 3095 2032 3099 ’

169 3149 214 3193 p.
257 3135 383 3178 1387.
413 3137 483 3180 36.
525 3137 722 3189 Neuter,
763 3143 883 3195 puto,
927 3136 1148 3192 ignoravit
1187 3132 1344 3193 βροτός
1387 3136 1660 3193 transpositis
1688 3136 1827 3180 literis
1867 3137 1953 3180 dici

170 3207 250 3251 pro
289 3193 479 3255 μορτός,
523 3201 573 3237 ut
611 3196 871 3255 ἐμβραμένη
911 3209 990 3251 pro
1032 3197 1310 3253 εῖμαρμένη,
1352 3191 1569 3254 βράπτειν
1598 3209 1677 3252 pro
1706 3192 1947 3255 μάρπτειν,

168 3249 376 3311 βρόμοι-τα
405 3269 482 3311 pro
507 3251 779 3327 μυρήματα.
822 3251 983 3311 βρύκος
1010 3250 1216 3313 (βρόκος,
1258 3250 1475 3314 βρύγκος)
1505 3268 1583 3310 pro
1613 3250 1787 3313 μύρκος
1813 3267 1949 3323 mur:

169 3326 277 3365 cos,
308 3316 519 3372 Μομβρω
550 3328 628 3371 pro
659 3311 868 3373 Μορμώ,
910 3311 1021 3356 unde
1049 3309 1227 3371 μόρμος
1256 3309 1446 3370 (φόβος)
1474 3308 1678 3371 μύρμος,
1711 3319 1756 3356 et
1784 3318 1946 3371 Βριμω

170 3371 243 3426 (ut
272 3373 459 3430 Βρίγες)
489 3385 568 3431 pro
600 3370 803 3431 Μυρμιό.
