2158 3848
263 211 382 272 156
851 227 1088 272 LIBER
1131 226 1438 271 PRIMUS.

258 356 731 438 sapientioribus
760 360 1141 440 probaretur,
1170 370 1240 421 ut
1256 359 1668 441 Xenophanes
1690 355 2030 419 Homerum

254 457 718 538 Hesiodumque
773 473 1028 543 propter
1082 463 1306 541 impias
1364 460 1441 518 de
1501 458 1758 518 deorum
1811 468 2031 519 natura

253 560 583 618 sententias
638 562 930 619 acerrime
985 562 1446 639 perstringeret3
1501 558 1668 638 quod
1718 577 2029 638 nunquam

251 658 523 717 facturus
577 658 823 730 fuisset,
882 662 936 718 si
988 660 1130 718 illos
1191 659 1620 738 philosophiae
1676 676 1898 718 arcana
1938 659 2028 717 fa-

249 756 411 816 bulis
481 767 543 814 et
610 758 886 835 apologis
952 758 1294 818 involvisse
1359 757 1735 819 credidisset.
1848 755 2030 829 Quod

246 855 416 915 idem
474 854 550 912 de
594 856 941 934 Pythagora
985 855 1106 915 dici
1148 867 1389 937 posset,
1433 860 1553 917 nisi
1595 859 1751 917 liber
1780 860 1877 927 -Ές
1902 858 2029 918 (Ἀι-

247 955 363 1017 ὃου
407 953 752 1038 κατάβασις
794 958 1145 1037 inscriptuS,
1187 959 1254 1015 in
1297 975 1416 1036 quo
1461 959 1778 1036 utriusque
1806 965 2029 1036 poetae

247 1053 546 1114 cruciatus
592 1065 873 1115 aeternos
934 1056 1286 1136 descripsit,
1343 1055 1420 1116 ab
1477 1056 1863 1132 Hieronymo
1918 1057 2029 1115 Pe-

242 1157 565 1236 ripatetico
623 1155 933 1234 subjectus
988 1139 1322 1219 videretur.
1389 1176 1450 1218 v.
1510 1156 1598 1218 L..
1633 1157 1739 1215 ΙΠ.
1796 1138 2025 1219 C..1X'.

244 1254 297 1336 ξ.
340 1257 401 1315 7.
484 1256 572 1316 Hi
617 1266 851 1331 autem,
908 1257 1402 1337 qui'Homerum
1442 1257 1781 1336 impietatis
1826 1254 2028 1315 absol-

241 1375 390 1417 vere
459 1359 664 1440 conati
732 1366 907 1430 sunt,
973 1368 1159 1437 prout
1222 1377 1320 1418 res
1389 1366 1452 1416 et
1504 1357 1676 1416 locus
1728 1364 2026 1436 posceret,

238 1455 429 1515 modo
497 1458 719 1516 morali
783 1459 1288 1536 interpretatione
1352 1456 1541 1529 modo
1605 1456 2029 1539 physiologica

237 1558 337 1614 usi
393 1555 700 1621 videntur.
808 1556 1202 1617 Metrodorus
1259 1559 1422 1626 enim
1468 1575 1662 1637 quem
1715 1558 2024 1641 Diogenes

237 1664 449 1716 narrat
512 1664 763 1740 πρῶτον
833 1656 1186 1720 σπουδάσαι
1240 1665 1353 1719 τοῦ
1408 1665 1664 1736 ποιητοῦ
1721 1657 1861 1740 περὶ
1911 1657 2025 1735 τὴν

237 1757 508 1839 φυσικὴν
560 1756 906 1840 θεραπείαν
935 1759 1008 1838 [²]
1067 1758 1142 1816 II.
1193 1756 1288 1818 11.
1344 1755 1492 1816 deos
1536 1756 1899 1817 Homericos
1944 1755 2025 1815 ad

235 1865 494 1915 naturae
538 1856 908 1917 substantias
924 1854 1017 1938 [b],
1062 1859 1219 1917 sicut
1257 1857 1553 1917 Tatianus
1596 1858 1802 1931 refert,
1847 1867 1910 1916 et
1943 1856 2025 1916 ad

234 1955 691 2026 vicissitudines
735 1959 1178 2018 elementorum
1221 1958 1519 2021 traduxit.
1593 1955 1796 2029 Quam
1836 1959 2023 2016 inter-

231 2059 642 2138 pretationem
697 2076 823 2118 non
876 2056 1266 2118 mediocriter
1309 2059 1695 2121 confirmavit
1736 2058 2015 2138 physico-

230 2175 372 2215 rum
418 2148 828 2231 consuetudo,
891 2176 1103 2217 causas
1146 2175 1354 2217 rerum
1398 2157 1694 2234 genitales
1736 2159 2021 2237 viresque

230 2266 488 2317 naturae
530 2259 787 2318 fictrices
833 2266 894 2316 et
937 2266 1198 2338 quatuor
1227 2259 1431 2338 prima
1465 2274 1727 2337 corpora
1761 2256 2019 2318 deorum

230 2356 551 2430 vocabulis
616 2357 1044 2439 nuncupandi3
1116 2358 1287 2436 cujus
1341 2358 1727 2439 tropologiae
1779 2359 2019 2441 nullum

345 2543 411 2599 [a]
444 2538 613 2590 Μῦθός
639 2541 761 2586 ἐστιν
791 2539 858 2586 ὅτι
888 2539 915 2596 ἡ
940 2539 1059 2589 Ἠὼς
1085 2539 1264 2601 ἠράσθη
1294 2544 1373 2585 ’τοῦ
1409 2544 1619 2586 Τιθωνοῦ
1648 2567 1705 2574 -
1734 2541 1763 2595 ἡ
1793 2541 1844 2587 δὲ
1871 2548 2016 2604 θερα-

229 2603 339 2644 πεία
378 2602 461 2644 τοῦ
497 2596 652 2658 μύθου
695 2599 764 2644 δτι
802 2597 906 2649 τοὺς
945 2602 1075 2647 νέους
1124 2595 1497 2654 ἀποθνήσκοντας
1536 2600 1696 2657 ἔλεγον
1735 2596 2018 2658 ἁρπάζεσθαι

227 2656 356 2717 παρὰ
384 2661 459 2711 τῆς
481 2657 616 2708 Ἠοῦς
646 2658 798 2700 Schol.
819 2659 1014 2707 Ambros.
1046 2657 1131 2699 Od.
1161 2662 1215 2701 E.
1245 2673 1286 2700 v.
1321 2659 1359 2701 1.
1390 2673 1432 2714 p.
1457 2656 1554 2699 174.
1583 2658 1659 2700 ubi
1688 2658 1860 2702 dubitat
1886 2660 2017 2711 Butt-

229 2731 407 2760 mannus
453 2731 508 2760 an
548 2717 763 2777 ἑρμηνεία
793 2716 1064 2759 scribendum
1095 2716 1165 2759 sit.
1195 2715 1452 2759 Eustathius
1483 2715 1536 2758 ad
1566 2717 1619 2758 Il.
1649 2731 1690 2773 p.
1726 2715 1792 2758 19.
1822 2715 1906 2771 τὴν
1934 2721 2016 2762 τοῦ

229 2772 368 2834 λόγου
398 2774 592 2846 ἀτοπίαν
620 2768 867 2834 ἀλληγορία
897 2771 1176 2834 ἐθεράπευεν
1205 2773 1233 2830 ἢ
1265 2772 1526 2846 ἆναγωγικὴ
1557 2772 1584 2829 ἢ
1613 2771 2013 2849 ἴστοριξήῴἈλληε

227 2839 364 2893 γορία
408 2850 496 2894 γαρ
535 2850 601 2884 τις
640 2836 718 2877 καὶ
755 2832 783 2888 ἡ
827 2831 903 2876 διὰ
943 2835 1154 2892 ἱστοριῶν
1177 2837 1268 2878 τῶν
1334 2840 1460 2877 υθων
1488 2838 1713 2891 θεραπεία
1741 2848 1858 2878 ειναι
1888 2835 2018 2879 δοκεῖ
2098 2834 2102 2847 '
2136 2877 2139 2884 ,

228 2898 323 2942 τοῖς
342 2894 573 2942 παλαιοῖς.
591 2935 593 2938 ,
614 2893 817 2935 Herculis
855 2898 1071 2934 certamen
1102 2908 1195 2935 cum
1228 2893 1292 2935 Ac
1324 2894 1416 2935 eloo
1448 2893 1502 2935 de
1530 2892 1716 2935 fluminis
1745 2893 2013 2936 derivatione

229 2952 448 3007 accipiunt
478 2953 522 2995 οἱ
551 2954 642 2995 τῶν
669 2948 833 3010 μύθων
860 2954 1140 3010 θεραπευταί
1165 2951 1280 2994 idem
1310 2952 1366 2994 ad
1393 2951 1572 3007 Dionys.
1602 2967 1644 2995 v.
1668 2950 1739 2994 67.
1775 2955 2011 3010 Θεραπεῦ-

228 3021 307 3053 σαι
336 3009 385 3053 τὸ
426 3007 649 3069 πατρικὸν
679 3006 920 3071 ἁμάρτημα
949 3014 1321 3068 προθυμηθέντες
1350 3011 1427 3055 ἐπὶ
1456 3008 1651 3068 φυσικὰς
1681 3007 2012 3067 διηγήσειςςήοςαὶ

230 3071 424 3127 θεωρίας
453 3067 556 3117 τοὺς
582 3065 762 3127 μύθους
789 3067 1124 3128 μετεσκεύασαν
1152 3069 1314 3112 Euseb.
1345 3070 1417 3112 Pr.
1446 3069 1532 3112 Ev.
1561 3068 1618 3114 L.
1646 3069 1707 3111 II.
1737 3069 1778 3110 6.
1807 3068 1987 3131 742-,54-32:

348 3144 408 3202 [b]
442 3147 709 3202 Hesychius:
735 3147 1051 3207 Ἀγαμέμνονα
1080 3147 1159 3192 τὸν
1189 3151 1350 3206 αἰθέρα
1374 3153 1483 3204 Μητ
1514 3145 1683 3207 όδωρος
1713 3142 1841 3193 εἶπεν
1866 3130 2008 3205 3222}-

228 3207 434 3264 γορικῶς·
475 3205 812 3262 Lampsacenum
860 3208 951 3250 sine
999 3207 1130 3250 dubio
1169 3207 1400 3263 significat.
1520 3221 1836 3263 gamemnonem
1871 3208 2008 3264 igitur

229 3263 507 3307 Metrodorus
536 3264 709 3308 heroum
739 3267 870 3322 vulgo
900 3266 1083 3319 exemit,
1113 3270 1307 3317 caeteros
1336 3267 1605 3310 Achaeorum
1635 3266 2005 3322 Trojanorumque

230 3321 361 3421 guces
391 3322 509 3364 nulla
539 3328 659 3368 certa
687 3326 854 3369 ratione
883 3325 972 3379 sed,
1004 3332 1052 3368 ut
1072 3325 1282 3369 Tatianus
1313 3327 1389 3379 ait,
1421 3327 1681 3383 οἰκονομίας
1702 3322 1843 3384 χάριν
1869 3326 2003 3369 intro—

262 3386 381 3423 uctos
411 3386 577 3439 putanS.
