2158 3848
831 191 1287 257 onrnica.
1828 184 1951 245 641

170 326 344 403 cnjus
411 323 667 402 comiteq
700 357 702 359 >
730 329 879 397 suut
923 318 1063 380 ‘Pan
1086 330 1197 380 >zet.
1238 317 1620 398 Corybantes
1678 329 1955 389 omnium

166 421 568 484 formidinum
593 421 1085 501 ffsswisionumque
1168 419 1558 480 insolitarum
1644 435 1953 503 auctores3

166 541 348 604 quam
407 521 487 590 ob
547 538 827 593 causam,
872 539 1062 600 quum
1107 521 1371 582 insueta.
1396 522 1632 604 species
1678 524 1955 586 animum

162 624 418 682 horrore
459 617 928 704 perstringeret,
985 621 1099 680 hos
1144 630 1432 702 tanquam
1479 640 1850 685 averruncos
1897 636 1958 684 et

162 721 533 804 prodigiales
560 722 872 782 invocare
917 721 1217 794 solebant,
1243 711 1436 784 (velut
1477 721 1583 781 ille
1622 722 1790 802 apud
1816 723 1958 783 Ari-

162 822 364 902 stoph.
390 812 641 882 ‘Eccleffl
681 820 864 882 1089.
912 819 962 884 ὦ
1000 821 1337 905 Ἡράκλεις,
1384 819 1706 895 ὦΠᾶνες,
1753 821 1955 888 &Ko-

162 920 502 1004 ρύβαντες,
572 920 623 984 ὦ
692 920 1010 1005 Διοςκόρω
1069 933 1131 981 et
1186 922 1367 980 Timo
1426 921 1676 994 Lucian.
1734 921 1837 980 41.
1896 942 1958 1002 p.

167 1021 305 1082 109.
351 1021 421 1081 Τ.
464 1022 510 1081 Ι.
569 1019 620 1085 ὦ
665 1030 791 1085 Ζεῦ
833 1020 1114 1103 τεράστιε
1157 1022 1265 1084 καὶ
1307 1021 1476 1103 φίλοι
1519 1018 1952 1101 Κορύβαντες·

164 1122 381 1198 Synes.
437 1121 516 1180 de
569 1120 817 1182 Provid.
881 1121 1017 1180 136.
1075 1121 1144 1179 Β.
1215 1121 1248 1182 ὃ
1310 1119 1652 1204 στρατηγὸς
1707 1118 1956 1202 νύκτωρ

162 1222 597 1302 ἑδειματοῦτο,
653 1218 1122 1303 Κορυβάντων,
1183 1220 1357 1302 οἶμαι
1370 1207 1402 1293 ,”
1436 1219 1958 1302 προςβαλλόντων

161 1323 355 1402 αὐτῷ,
400 1321 507 1382 καὶ
550 1321 826 1384 Πανικοὶ
868 1319 1148 1403 θόρυβοι
1190 1323 1334 1400 μεθ’
1380 1320 1621 1402 ἡμέραν
1654 1320 1724 1382 τὸ
1764 1319 1956 1401 στρά-

157 1446 355 1501 τευμα
384 1419 910 1503 κατελάμβανον·
956 1421 1249 1481 Hermias
1295 1423 1362 1479 in
1405 1419 1667 1479 Phaedr.
1713 1440 1774 1500 p.
1817 1419 1956 1480 105.

158 1522 277 1584 εἶσὶ
331 1521 438 1584 καὶ
493 1520 900 1601 Πανόληπτοι
954 1522 1059 1584 καὶ
1102 1520 1552 1605 Μητρόληπτοι
1595 1521 1702 1583 καὶ
1745 1529 1953 1603 Κορυ-

156 1621 526 1705 βαντισμοίέ
592 1640 858 1700 quorum
914 1623 1235 1681 nominum
1281 1622 1955 1701 primumimprobare

158 1722 408 1785 videtur
474 1721 725 1785 Pollux,
762 1724 809 1782 I.
885 1722 981 1781 18.
1046 1721 1511 1803 Φοιβόληπτος,
1587 1720 1951 1801 θεόληπτος,

157 1822 600 1907 νυμφόληπτος
643 1827 710 1885 ἐκ
753 1823 974 1891 Πανὸς
1017 1820 1295 1901 κάτοχος.
1377 1820 1804 1898 Corybantum
1851 1841 1952 1880 sa-

159 1943 262 1984 cra
327 1922 670 2003 piacularia
735 1924 1014 1986 insaniae
1072 1921 1378 1984 curandae
1434 1920 1718 1980 adhiberi
1772 1920 1951 1980 docet

158 2023 474 2103 Aristoph.
529 2021 716 2103 Vesp.
764 2021 904 2083 115.
963 2024 1065 2086 εἶτ’
1114 2024 1311 2087 αὐτὸν
1356 2023 1582 2085 ἀπέλου
1628 2020 1952 2106 κοῖκάθηρε

159 2126 266 2188 καὶ
308 2122 479 2207 μάλα
522 2124 680 2204 μετὰ
722 2127 894 2188 ταῦτ’
934 2123 1389 2206 ἐκορυβάντιζ’·
1428 2123 1459 2185 ὃ
1498 2124 1558 2185 δ’
1596 2124 1768 2203 αὐτῷ
1794 2147 1954 2204 τυμ-

158 2224 342 2307 πάνῳ
387 2227 538 2306 ᾄξας
581 2224 878 2301 ἐδίκαζεν.
965 2225 1214 2284 Etenim
1259 2224 1510 2294 horror,
1557 2241 1739 2300 quem
1788 2226 1954 2282 vasti

157 2336 401 2387 montes
459 2324 799 2404 sylvaeque
841 2324 1344 2405 impenetrabiles
1391 2331 1454 2381 et
1496 2322 1768 2383 solitudo
1812 2324 1954 2401 ipsa

160 2426 507 2487 errantibus
585 2425 900 2485 offundere
972 2426 1203 2498 solent,
1274 2425 1340 2482 in
1398 2441 1582 2481 causa
1640 2424 1788 2496 fuit,
1849 2442 1954 2481 cur

161 2529 428 2607 agrestia
479 2528 737 2588 numina
793 2544 1045 2585 occursu
1091 2544 1206 2584 suo
1254 2524 1506 2585 obviam
1551 2524 1746 2584 factos
1789 2524 1952 2600 lym-

162 2629 360 2710 phare
404 2628 811 2688 crederentur.
868 2646 928 2688 v.
985 2626 1200 2685 Mezir.
1247 2625 1330 2684 ad
1375 2624 1557 2686 Ovid.
1605 2624 1672 2683 T.
1718 2625 1762 2682 Ι.
1807 2622 1950 2684 335.

160 2729 259 2790 Ab
302 2730 398 2788 his
441 2730 627 2807 igitur
669 2737 950 2788 motuum
996 2737 1058 2786 et
1099 2726 1630 2807 perturbationum
1670 2726 1951 2786 animivet

164 2848 410 2890 causam
466 2840 529 2890 et
585 2829 962 2890 curationem
1007 2827 1396 2907 repetebant,
1455 2837 1516 2886 et
1558 2827 1827 2886 maxime
1858 2825 1947 2884 ⁴ab

164 2948 380 2989 eorum
438 2929 696 2990 ducibus
743 2938 805 2988 et
847 2928 1146 3002 dominiS‚
1190 2929 1361 2993 Rhea
1403 2927 1790 3006 Bacchoque3
1834 2951 1949 2988 κα-

164 3027 443 3113 θάρτρια
484 3040 592 3111 τῆς
634 3029 863 3113 μανίας
905 3030 941 3109 ἡ
986 3030 1171 3103 θεὸς,
1217 3030 1323 3092 καὶ
1363 3028 1476 3091 τὸν
1521 3026 1834 3091 Διόνυσον
1877 3026 1946 3089 δὲ

164 3131 553 3212 καθαρτικὸν
594 3129 824 3214 μανίας
878 3131 1038 3213 φασί
1081 3131 1280 3190 Schol.
1327 3128 1499 3189 Pind.
1545 3129 1607 3187 P.
1652 3129 1757 3187 ΙΙΙ.
1808 3126 1945 3186 139.

165 3229 436 3290 Liberi
478 3231 739 3293 Patris
785 3248 1005 3290 sacra
1048 3231 1143 3291 ad
1186 3219 1946 3311 purgationemani-

165 3349 328 3392 mae
373 3331 882 3411 pertinebant
926 3330 1100 3394 Serv.
1145 3331 1226 3392 ad
1271 3331 1563 3409 Georg.l.
1596 3329 1735 3390 166.
1781 3326 1947 3408 quod

1525 3432 1602 3490 41
