<?xml version="1.0" encoding="UTF-8"?>
<!DOCTYPE html PUBLIC "-//W3C//DTD XHTML 1.0 Transitional//EN"
    "http://www.w3.org/TR/xhtml1/DTD/xhtml1-transitional.dtd">
<html xmlns="http://www.w3.org/1999/xhtml" xml:lang="en" lang="en">
 <head>
  <title>
</title>
<meta http-equiv="Content-Type" content="text/html;charset=utf-8" />
  <meta name='ocr-system' content='tesseract 3.04.00' />
  <meta name='ocr-capabilities' content='ocr_page ocr_carea ocr_par ocr_line ocrx_word'/>
</head>
<body>
  <div class='ocr_page' id='page_1' title='image "./aglaophamussived01lobeuoft_0440.png"; bbox 0 0 2158 3848; ppageno 0'>
   <div class='ocr_carea' id='block_1_1' title="bbox 219 206 1465 268">
    <p class='ocr_par' dir='ltr' id='par_1_1' title="bbox 219 206 1465 268">
     <span class='ocr_line' id='line_1_1' title="bbox 219 206 1465 268; baseline -0.001 -1"><span class='ocrx_word' id='word_1_1' title='bbox 219 206 348 268; x_wconf 79' lang='lat'>424</span> <span class='ocrx_word' id='word_1_2' title='bbox 748 221 984 267; x_wconf 70' lang='lat' dir='ltr'>LIBER</span> <span class='ocrx_word' id='word_1_3' title='bbox 1026 218 1465 267; x_wconf 75' lang='lat' dir='ltr'>SECUNDUS.</span> 
     </span>
    </p>
   </div>
   <div class='ocr_carea' id='block_1_2' title="bbox 220 347 2004 1233">
    <p class='ocr_par' dir='ltr' id='par_1_2' title="bbox 221 347 2004 1233">
     <span class='ocr_line' id='line_1_2' title="bbox 221 347 1996 433; baseline 0.002 -24"><span class='ocrx_word' id='word_1_4' title='bbox 221 365 540 411; x_wconf 87' lang='lat' dir='ltr'>numerum</span> <span class='ocrx_word' id='word_1_5' title='bbox 587 347 836 433; x_wconf 87' lang='lat' dir='ltr'>explens</span> <span class='ocrx_word' id='word_1_6' title='bbox 880 347 1256 412; x_wconf 82' lang='lat'><strong>456—543.</strong></span> <span class='ocrx_word' id='word_1_7' title='bbox 1302 352 1586 412; x_wconf 82' lang='lat' dir='ltr'><strong>carminis</strong></span> <span class='ocrx_word' id='word_1_8' title='bbox 1622 370 1732 432; x_wconf 91' lang='lat' dir='ltr'>per</span> <span class='ocrx_word' id='word_1_9' title='bbox 1769 351 1996 430; x_wconf 72' lang='lat' dir='ltr'>plureS,</span> 
     </span>
     <span class='ocr_line' id='line_1_3' title="bbox 222 446 1999 531; baseline 0 -22"><span class='ocrx_word' id='word_1_10' title='bbox 222 460 412 528; x_wconf 87' lang='lat' dir='ltr'>puto,</span> <span class='ocrx_word' id='word_1_11' title='bbox 467 450 657 510; x_wconf 91' lang='lat' dir='ltr'>libros</span> <span class='ocrx_word' id='word_1_12' title='bbox 686 450 1076 515; x_wconf 61' lang='lat' dir='ltr'>,decurrentis</span> <span class='ocrx_word' id='word_1_13' title='bbox 1121 452 1340 529; x_wconf 86' lang='lat' dir='ltr'>exigua</span> <span class='ocrx_word' id='word_1_14' title='bbox 1394 446 1564 531; x_wconf 84' lang='lat' dir='ltr'>pars</span> <span class='ocrx_word' id='word_1_15' title='bbox 1592 449 1999 513; x_wconf 84' lang='lat' dir='ltr'>existimanda</span> 
     </span>
     <span class='ocr_line' id='line_1_4' title="bbox 224 548 2001 633; baseline 0 -26"><span class='ocrx_word' id='word_1_16' title='bbox 224 558 349 623; x_wconf 87' lang='lat' dir='ltr'>est,</span> <span class='ocrx_word' id='word_1_17' title='bbox 410 569 593 630; x_wconf 90' lang='lat' dir='ltr'>quam</span> <span class='ocrx_word' id='word_1_18' title='bbox 651 551 771 608; x_wconf 91' lang='lat' dir='ltr'>nisi</span> <span class='ocrx_word' id='word_1_19' title='bbox 827 548 1093 608; x_wconf 83' lang='lat' dir='ltr'>Tzetzae</span> <span class='ocrx_word' id='word_1_20' title='bbox 1147 566 1184 607; x_wconf 86' lang='lat' dir='ltr'>a</span> <span class='ocrx_word' id='word_1_21' title='bbox 1222 552 1454 610; x_wconf 90' lang='lat' dir='ltr'>-ceteris</span> <span class='ocrx_word' id='word_1_22' title='bbox 1512 550 1801 633; x_wconf 84' lang='lat' dir='ltr'>avulsam.</span> <span class='ocrx_word' id='word_1_23' title='bbox 1842 550 2001 628; x_wconf 88' lang='lat' dir='ltr'>lege-</span> 
     </span>
     <span class='ocr_line' id='line_1_5' title="bbox 222 646 2002 729; baseline 0.001 -24"><span class='ocrx_word' id='word_1_24' title='bbox 222 659 397 722; x_wconf 88' lang='lat' dir='ltr'>runt,</span> <span class='ocrx_word' id='word_1_25' title='bbox 459 668 584 708; x_wconf 91' lang='lat' dir='ltr'>non</span> <span class='ocrx_word' id='word_1_26' title='bbox 625 656 961 727; x_wconf 90' lang='lat' dir='ltr'>potuerunt</span> <span class='ocrx_word' id='word_1_27' title='bbox 1005 665 1092 709; x_wconf 19' lang='lat' dir='ltr'>eos</span> <span class='ocrx_word' id='word_1_28' title='bbox 1124 646 1436 722; x_wconf 88' lang='lat' dir='ltr'>aberrare,</span> <span class='ocrx_word' id='word_1_29' title='bbox 1491 658 1563 708; x_wconf 93' lang='lat' dir='ltr'>ut</span> <span class='ocrx_word' id='word_1_30' title='bbox 1607 648 1838 729; x_wconf 82' lang='lat' dir='ltr'>Orphei</span> <span class='ocrx_word' id='word_1_31' title='bbox 1882 648 2002 708; x_wconf 85' lang='lat' dir='ltr'>Ge-</span> 
     </span>
     <span class='ocr_line' id='line_1_6' title="bbox 226 746 2004 831; baseline -0.001 -25"><span class='ocrx_word' id='word_1_32' title='bbox 226 749 427 824; x_wconf 86' lang='lat' dir='ltr'>orgica</span> <span class='ocrx_word' id='word_1_33' title='bbox 471 766 603 806; x_wconf 90' lang='lat' dir='ltr'>esse</span> <span class='ocrx_word' id='word_1_34' title='bbox 646 756 965 831; x_wconf 85' lang='lat' dir='ltr'>putarent3</span> <span class='ocrx_word' id='word_1_35' title='bbox 1034 765 1176 805; x_wconf 91' lang='lat' dir='ltr'>nam</span> <span class='ocrx_word' id='word_1_36' title='bbox 1222 766 1378 827; x_wconf 90' lang='lat' dir='ltr'>quae</span> <span class='ocrx_word' id='word_1_37' title='bbox 1419 749 1591 807; x_wconf 89' lang='lat' dir='ltr'>illam</span> <span class='ocrx_word' id='word_1_38' title='bbox 1636 746 2004 812; x_wconf 80' lang='lat' dir='ltr'>antecedunt</span> 
     </span>
     <span class='ocr_line' id='line_1_7' title="bbox 223 845 2000 926; baseline 0.002 -23"><span class='ocrx_word' id='word_1_39' title='bbox 223 855 285 904; x_wconf 95' lang='lat' dir='ltr'>et</span> <span class='ocrx_word' id='word_1_40' title='bbox 327 856 663 926; x_wconf 89' lang='lat' dir='ltr'>sequuntur</span> <span class='ocrx_word' id='word_1_41' title='bbox 719 845 797 906; x_wconf 84' lang='lat' dir='ltr'>de</span> <span class='ocrx_word' id='word_1_42' title='bbox 841 845 1231 926; x_wconf 89' lang='lat' dir='ltr'>auspicandis</span> <span class='ocrx_word' id='word_1_43' title='bbox 1279 846 1603 921; x_wconf 87' lang='lat' dir='ltr'>doctrinis,</span> <span class='ocrx_word' id='word_1_44' title='bbox 1656 848 1738 907; x_wconf 85' lang='lat' dir='ltr'>de</span> <span class='ocrx_word' id='word_1_45' title='bbox 1774 846 2000 910; x_wconf 68' lang='lat' dir='ltr'>‚libera-</span> 
     </span>
     <span class='ocr_line' id='line_1_8' title="bbox 223 945 2004 1026; baseline 0.001 -23"><span class='ocrx_word' id='word_1_46' title='bbox 223 946 392 1004; x_wconf 82' lang='lat' dir='ltr'>tione</span> <span class='ocrx_word' id='word_1_47' title='bbox 437 967 470 1005; x_wconf 94' lang='lat' dir='ltr'>e</span> <span class='ocrx_word' id='word_1_48' title='bbox 512 946 776 1006; x_wconf 88' lang='lat' dir='ltr'>vinculis</span> <span class='ocrx_word' id='word_1_49' title='bbox 823 957 885 1005; x_wconf 89' lang='lat' dir='ltr'>et</span> <span class='ocrx_word' id='word_1_50' title='bbox 929 956 1145 1020; x_wconf 85' lang='lat' dir='ltr'>cetera,</span> <span class='ocrx_word' id='word_1_51' title='bbox 1191 947 1344 1006; x_wconf 91' lang='lat' dir='ltr'><strong>nihil</strong></span> <span class='ocrx_word' id='word_1_52' title='bbox 1379 948 1691 1026; x_wconf 82' lang='lat' dir='ltr'>pertinent</span> <span class='ocrx_word' id='word_1_53' title='bbox 1733 945 1819 1015; x_wconf 9' lang='lat' dir='ltr'>adr</span> <span class='ocrx_word' id='word_1_54' title='bbox 1857 964 2004 1026; x_wconf 93' lang='lat' dir='ltr'>ope-</span> 
     </span>
     <span class='ocr_line' id='line_1_9' title="bbox 222 1046 2003 1133; baseline 0 -30"><span class='ocrx_word' id='word_1_55' title='bbox 222 1063 293 1104; x_wconf 91' lang='lat' dir='ltr'>ra</span> <span class='ocrx_word' id='word_1_56' title='bbox 347 1049 574 1107; x_wconf 86' lang='lat' dir='ltr'>rustica</span> <span class='ocrx_word' id='word_1_57' title='bbox 628 1046 739 1106; x_wconf 89' lang='lat' dir='ltr'>sed</span> <span class='ocrx_word' id='word_1_58' title='bbox 797 1046 876 1106; x_wconf 87' lang='lat' dir='ltr'>ad</span> <span class='ocrx_word' id='word_1_59' title='bbox 938 1050 1088 1133; x_wconf 75' lang='grc' dir='ltr'>ἔργα</span> <span class='ocrx_word' id='word_1_60' title='bbox 1140 1048 1206 1105; x_wconf 91' lang='lat' dir='ltr'>in</span> <span class='ocrx_word' id='word_1_61' title='bbox 1267 1048 1676 1119; x_wconf 65' lang='lat' dir='ltr'>universum,</span> <span class='ocrx_word' id='word_1_62' title='bbox 1744 1062 2003 1124; x_wconf 87' lang='lat' dir='ltr'>quorum</span> 
     </span>
     <span class='ocr_line' id='line_1_10' title="bbox 220 1144 2004 1233; baseline -0.001 -29.999"><span class='ocrx_word' id='word_1_63' title='bbox 220 1163 368 1223; x_wconf 88' lang='lat' dir='ltr'>pars</span> <span class='ocrx_word' id='word_1_64' title='bbox 413 1157 507 1206; x_wconf 88' lang='lat' dir='ltr'>est</span> <span class='ocrx_word' id='word_1_65' title='bbox 547 1147 836 1233; x_wconf 73' lang='grc' dir='ltr'><em>γεωργία.</em></span> <span class='ocrx_word' id='word_1_66' title='bbox 924 1146 1240 1207; x_wconf 89' lang='lat' dir='ltr'>Postremo</span> <span class='ocrx_word' id='word_1_67' title='bbox 1300 1147 1365 1206; x_wconf 92' lang='lat' dir='ltr'>in</span> <span class='ocrx_word' id='word_1_68' title='bbox 1409 1146 1517 1204; x_wconf 92' lang='lat' dir='ltr'>illo</span> <span class='ocrx_word' id='word_1_69' title='bbox 1560 1144 1824 1216; x_wconf 65' lang='lat' dir='ltr'>Maximi</span> <span class='ocrx_word' id='word_1_70' title='bbox 1867 1144 2004 1203; x_wconf 88' lang='lat' dir='ltr'>loco</span> 
     </span>
    </p>
   </div>
   <div class='ocr_carea' id='block_1_3' title="bbox 223 1237 2076 1326">
    <p class='ocr_par' dir='ltr' id='par_1_3' title="bbox 223 1237 2076 1326">
     <span class='ocr_line' id='line_1_11' title="bbox 223 1237 2076 1326; baseline -0.002 -24"><span class='ocrx_word' id='word_1_71' title='bbox 223 1253 286 1303; x_wconf 93' lang='lat' dir='ltr'>et</span> <span class='ocrx_word' id='word_1_72' title='bbox 338 1246 405 1305; x_wconf 87' lang='lat' dir='ltr'>in</span> <span class='ocrx_word' id='word_1_73' title='bbox 460 1254 596 1306; x_wconf 89' lang='lat' dir='ltr'>toto</span> <span class='ocrx_word' id='word_1_74' title='bbox 655 1248 819 1326; x_wconf 79' lang='lat' dir='ltr'>ejuS‚</span> <span class='ocrx_word' id='word_1_75' title='bbox 898 1246 1064 1326; x_wconf 88' lang='lat' dir='ltr'>quod</span> <span class='ocrx_word' id='word_1_76' title='bbox 1119 1245 1400 1326; x_wconf 88' lang='lat' dir='ltr'>superest</span> <span class='ocrx_word' id='word_1_77' title='bbox 1455 1237 1695 1326; x_wconf 82' lang='lat' dir='ltr'>opere,-</span> <span class='ocrx_word' id='word_1_78' title='bbox 1714 1251 2006 1313; x_wconf 74' lang='lat' dir='ltr'>tantum-</span> <span class='ocrx_word' id='word_1_79' title='bbox 2073 1294 2076 1299; x_wconf 83' lang='grc'>.</span> 
     </span>
    </p>
   </div>
   <div class='ocr_carea' id='block_1_4' title="bbox 146 1341 2009 2023">
    <p class='ocr_par' dir='ltr' id='par_1_4' title="bbox 146 1341 2009 2023">
     <span class='ocr_line' id='line_1_12' title="bbox 222 1341 2008 1424; baseline -0.001 -22"><span class='ocrx_word' id='word_1_80' title='bbox 222 1344 412 1403; x_wconf 90' lang='lat' dir='ltr'>modo</span> <span class='ocrx_word' id='word_1_81' title='bbox 470 1346 656 1405; x_wconf 89' lang='lat' dir='ltr'>lunae</span> <span class='ocrx_word' id='word_1_82' title='bbox 713 1366 850 1406; x_wconf 89' lang='lat' dir='ltr'>cum</span> <span class='ocrx_word' id='word_1_83' title='bbox 908 1347 1087 1405; x_wconf 86' lang='lat' dir='ltr'>certis</span> <span class='ocrx_word' id='word_1_84' title='bbox 1155 1348 1342 1424; x_wconf 86' lang='lat' dir='ltr'>signis</span> <span class='ocrx_word' id='word_1_85' title='bbox 1399 1362 1786 1423; x_wconf 64' lang='lat' dir='ltr'>congressum,</span> <span class='ocrx_word' id='word_1_86' title='bbox 1859 1341 2008 1424; x_wconf 90' lang='lat' dir='ltr'>quid</span> 
     </span>
     <span class='ocr_line' id='line_1_13' title="bbox 146 1442 2003 1528; baseline -0.001 -25"><span class='ocrx_word' id='word_1_87' title='bbox 146 1520 153 1528; x_wconf 24' lang='grc' dir='ltr'><strong>Α</strong></span> <span class='ocrx_word' id='word_1_88' title='bbox 222 1442 368 1503; x_wconf 89' lang='lat' dir='ltr'>boni</span> <span class='ocrx_word' id='word_1_89' title='bbox 412 1446 643 1507; x_wconf 83' lang='lat' dir='ltr'>malive</span> <span class='ocrx_word' id='word_1_90' title='bbox 687 1447 932 1518; x_wconf 83' lang='lat' dir='ltr'>afferat,</span> <span class='ocrx_word' id='word_1_91' title='bbox 971 1446 1345 1524; x_wconf 58' lang='lat' dir='ltr'>explicatum</span> <span class='ocrx_word' id='word_1_92' title='bbox 1392 1445 1674 1525; x_wconf 85' lang='lat' dir='ltr'>Orpheus</span> <span class='ocrx_word' id='word_1_93' title='bbox 1716 1461 1867 1526; x_wconf 79' lang='lat' dir='ltr'>vero</span> <span class='ocrx_word' id='word_1_94' title='bbox 1913 1462 2003 1501; x_wconf 92' lang='lat' dir='ltr'>ce-</span> 
     </span>
     <span class='ocr_line' id='line_1_14' title="bbox 223 1542 2007 1625; baseline -0.001 -24"><span class='ocrx_word' id='word_1_95' title='bbox 223 1552 494 1603; x_wconf 89' lang='lat' dir='ltr'>terorum</span> <span class='ocrx_word' id='word_1_96' title='bbox 557 1564 808 1625; x_wconf 61' lang='lat' dir='ltr'>‚quoque</span> <span class='ocrx_word' id='word_1_97' title='bbox 875 1545 1264 1625; x_wconf 82' lang='lat' dir='ltr'>planetarum</span> <span class='ocrx_word' id='word_1_98' title='bbox 1331 1564 1467 1623; x_wconf 86' lang='lat' dir='ltr'>per</span> <span class='ocrx_word' id='word_1_99' title='bbox 1512 1543 1779 1621; x_wconf 83' lang='lat' dir='ltr'>singulas</span> <span class='ocrx_word' id='word_1_100' title='bbox 1845 1542 2007 1601; x_wconf 82' lang='lat' dir='ltr'>coeli</span> 
     </span>
     <span class='ocr_line' id='line_1_15' title="bbox 224 1642 2009 1725; baseline 0.001 -26"><span class='ocrx_word' id='word_1_101' title='bbox 224 1644 519 1703; x_wconf 90' lang='lat' dir='ltr'>stationes</span> <span class='ocrx_word' id='word_1_102' title='bbox 578 1655 639 1704; x_wconf 90' lang='lat' dir='ltr'>et</span> <span class='ocrx_word' id='word_1_103' title='bbox 696 1647 989 1725; x_wconf 86' lang='lat' dir='ltr'>cujusque</span> <span class='ocrx_word' id='word_1_104' title='bbox 1057 1646 1502 1723; x_wconf 78' lang='lat' dir='ltr'>conjunctionis</span> <span class='ocrx_word' id='word_1_105' title='bbox 1560 1642 2009 1724; x_wconf 82' lang='lat' dir='ltr'>apotelesmata</span> 
     </span>
     <span class='ocr_line' id='line_1_16' title="bbox 224 1740 2008 1825; baseline 0.002 -25"><span class='ocrx_word' id='word_1_106' title='bbox 224 1740 648 1824; x_wconf 86' lang='lat' dir='ltr'>descripserat,</span> <span class='ocrx_word' id='word_1_107' title='bbox 692 1756 761 1804; x_wconf 95' lang='lat' dir='ltr'>ut</span> <span class='ocrx_word' id='word_1_108' title='bbox 806 1746 1065 1805; x_wconf 85' lang='lat' dir='ltr'>Tzetzes</span> <span class='ocrx_word' id='word_1_109' title='bbox 1111 1743 1316 1805; x_wconf 85' lang='lat' dir='ltr'>docet:</span> <span class='ocrx_word' id='word_1_110' title='bbox 1364 1745 1512 1814; x_wconf 81' lang='grc' dir='ltr'><em>Διὸς</em></span> <span class='ocrx_word' id='word_1_111' title='bbox 1553 1740 1863 1825; x_wconf 76' lang='grc' dir='ltr'><em>ὑδροχόον</em></span> <span class='ocrx_word' id='word_1_112' title='bbox 1901 1765 2008 1804; x_wconf 84' lang='grc' dir='ltr'>πε-</span> 
     </span>
     <span class='ocr_line' id='line_1_17' title="bbox 225 1843 2006 1927; baseline -0.001 -24"><span class='ocrx_word' id='word_1_113' title='bbox 225 1843 652 1925; x_wconf 71' lang='grc' dir='ltr'><em>ριπολεύοντος</em></span> <span class='ocrx_word' id='word_1_114' title='bbox 704 1845 789 1927; x_wconf 80' lang='grc' dir='ltr'>μὴ</span> <span class='ocrx_word' id='word_1_115' title='bbox 844 1844 1123 1926; x_wconf 81' lang='grc' dir='ltr'><em>πλεύσῃς.</em></span> <span class='ocrx_word' id='word_1_116' title='bbox 1221 1844 1338 1904; x_wconf 86' lang='lat' dir='ltr'>His</span> <span class='ocrx_word' id='word_1_117' title='bbox 1393 1844 1580 1921; x_wconf 84' lang='lat' dir='ltr'>igitur</span> <span class='ocrx_word' id='word_1_118' title='bbox 1615 1844 2006 1919; x_wconf 71' lang='lat' dir='ltr'>argumentis</span> 
     </span>
     <span class='ocr_line' id='line_1_18' title="bbox 225 1928 2006 2023; baseline 0 -23"><span class='ocrx_word' id='word_1_119' title='bbox 225 1941 498 2003; x_wconf 86' lang='lat' dir='ltr'>adducor</span> <span class='ocrx_word' id='word_1_120' title='bbox 551 1953 623 2002; x_wconf 92' lang='lat' dir='ltr'>ut</span> <span class='ocrx_word' id='word_1_121' title='bbox 679 1963 922 2003; x_wconf 89' lang='lat' dir='ltr'>carmen</span> <span class='ocrx_word' id='word_1_122' title='bbox 978 1944 1166 2018; x_wconf 89' lang='lat' dir='ltr'>illud,</span> <span class='ocrx_word' id='word_1_123' title='bbox 1234 1942 1400 2023; x_wconf 90' lang='lat' dir='ltr'>quod</span> <span class='ocrx_word' id='word_1_124' title='bbox 1445 1942 1711 2001; x_wconf 86' lang='lat' dir='ltr'>Tzetzae</span> <span class='ocrx_word' id='word_1_125' title='bbox 1751 1928 2006 2021; x_wconf 91' lang='lat' dir='ltr'>Orpheo</span> 
     </span>
    </p>
   </div>
   <div class='ocr_carea' id='block_1_5' title="bbox 132 2041 2008 2123">
    <p class='ocr_par' dir='ltr' id='par_1_5' title="bbox 132 2041 2008 2123">
     <span class='ocr_line' id='line_1_19' title="bbox 132 2041 2008 2123; baseline 0.002 -24"><span class='ocrx_word' id='word_1_126' title='bbox 132 2048 135 2050; x_wconf 74' lang='grc'>’</span> <span class='ocrx_word' id='word_1_127' title='bbox 226 2042 533 2116; x_wconf 88' lang='lat' dir='ltr'>tribuunt,</span> <span class='ocrx_word' id='word_1_128' title='bbox 587 2063 640 2105; x_wconf 76' lang='lat' dir='ltr'>‚a</span> <span class='ocrx_word' id='word_1_129' title='bbox 682 2044 956 2104; x_wconf 87' lang='lat' dir='ltr'>Maximo</span> <span class='ocrx_word' id='word_1_130' title='bbox 1001 2064 1127 2103; x_wconf 89' lang='lat' dir='ltr'>non</span> <span class='ocrx_word' id='word_1_131' title='bbox 1171 2044 1583 2123; x_wconf 92' lang='lat' dir='ltr'>compositum</span> <span class='ocrx_word' id='word_1_132' title='bbox 1629 2041 1740 2101; x_wconf 88' lang='lat' dir='ltr'>sed</span> <span class='ocrx_word' id='word_1_133' title='bbox 1786 2043 2008 2102; x_wconf 87' lang='lat' dir='ltr'>exscri-</span> 
     </span>
    </p>
   </div>
   <div class='ocr_carea' id='block_1_6' title="bbox 226 2142 1858 2224">
    <p class='ocr_par' dir='ltr' id='par_1_6' title="bbox 226 2142 1858 2224">
     <span class='ocr_line' id='line_1_20' title="bbox 226 2142 1858 2224; baseline 0 -24"><span class='ocrx_word' id='word_1_134' title='bbox 226 2150 403 2222; x_wconf 90' lang='lat' dir='ltr'>ptum</span> <span class='ocrx_word' id='word_1_135' title='bbox 450 2143 662 2203; x_wconf 85' lang='lat' dir='ltr'>multis</span> <span class='ocrx_word' id='word_1_136' title='bbox 706 2144 857 2204; x_wconf 88' lang='lat' dir='ltr'>locis</span> <span class='ocrx_word' id='word_1_137' title='bbox 903 2156 963 2204; x_wconf 92' lang='lat' dir='ltr'>et</span> <span class='ocrx_word' id='word_1_138' title='bbox 1008 2145 1407 2224; x_wconf 90' lang='lat' dir='ltr'>compilatum</span> <span class='ocrx_word' id='word_1_139' title='bbox 1454 2160 1731 2202; x_wconf 88' lang='lat' dir='ltr'>censeam</span> <span class='ocrx_word' id='word_1_140' title='bbox 1747 2142 1858 2223; x_wconf 56' lang='lat'>[¹¹¹]</span> 
     </span>
    </p>
   </div>
   <div class='ocr_carea' id='block_1_7' title="bbox 1021 2328 1219 2437">
    <p class='ocr_par' dir='ltr' id='par_1_7' title="bbox 1021 2309 1219 2437">
     <span class='ocr_line' id='line_1_21' title="bbox 1021 2328 1219 2437; baseline -0.005 -21"><span class='ocrx_word' id='word_1_141' title='bbox 1021 2357 1073 2437; x_wconf 62' lang='grc' dir='ltr'>ξ.</span> <span class='ocrx_word' id='word_1_142' title='bbox 1162 2328 1219 2416; x_wconf 92' lang='lat'>3.</span> 
     </span>
    </p>
   </div>
   <div class='ocr_carea' id='block_1_8' title="bbox 193 2538 2008 2824">
    <p class='ocr_par' dir='ltr' id='par_1_8' title="bbox 193 2538 2008 2824">
     <span class='ocr_line' id='line_1_22' title="bbox 395 2538 2008 2621; baseline 0 -24"><span class='ocrx_word' id='word_1_143' title='bbox 395 2538 495 2597; x_wconf 93' lang='lat' dir='ltr'>De</span> <span class='ocrx_word' id='word_1_144' title='bbox 537 2539 1024 2621; x_wconf 86' lang='lat' dir='ltr'>Dodecaeteride</span> <span class='ocrx_word' id='word_1_145' title='bbox 1078 2549 1360 2620; x_wconf 90' lang='lat' dir='ltr'>superest</span> <span class='ocrx_word' id='word_1_146' title='bbox 1404 2539 1675 2598; x_wconf 86' lang='lat' dir='ltr'>Tzetzae</span> <span class='ocrx_word' id='word_1_147' title='bbox 1733 2539 2008 2598; x_wconf 87' lang='lat' dir='ltr'>testimo-</span> 
     </span>
     <span class='ocr_line' id='line_1_23' title="bbox 193 2637 2008 2725; baseline 0.003 -30"><span class='ocrx_word' id='word_1_148' title='bbox 193 2639 400 2725; x_wconf 85' lang='lat' dir='ltr'>nium</span> <span class='ocrx_word' id='word_1_149' title='bbox 444 2637 706 2718; x_wconf 85' lang='lat' dir='ltr'>duplex,</span> <span class='ocrx_word' id='word_1_150' title='bbox 762 2658 953 2699; x_wconf 89' lang='lat' dir='ltr'>unum</span> <span class='ocrx_word' id='word_1_151' title='bbox 999 2642 1062 2698; x_wconf 92' lang='lat' dir='ltr'>in</span> <span class='ocrx_word' id='word_1_152' title='bbox 1107 2640 1292 2716; x_wconf 78' lang='lat' dir='ltr'>Exeg.</span> <span class='ocrx_word' id='word_1_153' title='bbox 1337 2658 1397 2717; x_wconf 90' lang='lat' dir='ltr'>p.</span> <span class='ocrx_word' id='word_1_154' title='bbox 1449 2639 1586 2697; x_wconf 84' lang='lat'>127.</span> <span class='ocrx_word' id='word_1_155' title='bbox 1636 2638 1899 2720; x_wconf 75' lang='grc' dir='ltr'><strong><em>Ὀρφεὺς</em></strong></span> <span class='ocrx_word' id='word_1_156' title='bbox 1942 2641 2008 2701; x_wconf 77' lang='grc' dir='ltr'>ἐν</span> 
     </span>
     <span class='ocr_line' id='line_1_24' title="bbox 228 2739 936 2824; baseline 0.007 -26"><span class='ocrx_word' id='word_1_157' title='bbox 228 2743 364 2806; x_wconf 80' lang='grc' dir='ltr'><em>ταῖς</em></span> <span class='ocrx_word' id='word_1_158' title='bbox 407 2739 936 2824; x_wconf 73' lang='grc' dir='ltr'><em>Δωδεκαετηρίσιν</em></span> 
     </span>
    </p>
   </div>
   <div class='ocr_carea' id='block_1_9' title="bbox 358 2842 1879 3007">
    <p class='ocr_par' dir='ltr' id='par_1_9' title="bbox 358 2842 1879 3007">
     <span class='ocr_line' id='line_1_25' title="bbox 358 2842 1879 2922; baseline -0.001 -19.989"><span class='ocrx_word' id='word_1_159' title='bbox 358 2842 483 2902; x_wconf 80' lang='grc' dir='ltr'>Ωὸε</span> <span class='ocrx_word' id='word_1_160' title='bbox 518 2850 615 2922; x_wconf 81' lang='grc' dir='ltr'>γὰρ</span> <span class='ocrx_word' id='word_1_161' title='bbox 654 2849 716 2904; x_wconf 75' lang='grc' dir='ltr'>ἂν</span> <span class='ocrx_word' id='word_1_162' title='bbox 751 2853 926 2919; x_wconf 81' lang='grc' dir='ltr'><em>μίμνοι</em></span> <span class='ocrx_word' id='word_1_163' title='bbox 962 2848 1200 2918; x_wconf 70' lang='grc' dir='ltr'><strong><em>καθαρός</em></strong></span> <span class='ocrx_word' id='word_1_164' title='bbox 1236 2871 1289 2902; x_wconf 84' lang='grc' dir='ltr'>τε</span> <span class='ocrx_word' id='word_1_165' title='bbox 1327 2850 1456 2919; x_wconf 83' lang='grc' dir='ltr'>(καὶ)</span> <span class='ocrx_word' id='word_1_166' title='bbox 1496 2847 1708 2915; x_wconf 63' lang='grc' dir='ltr'><em>ἓζιιπλεος</em></span> <span class='ocrx_word' id='word_1_167' title='bbox 1745 2846 1879 2912; x_wconf 75' lang='grc' dir='ltr'><em>οἶνος</em></span> 
     </span>
     <span class='ocr_line' id='line_1_26' title="bbox 372 2935 1723 3007; baseline -0.001 -20"><span class='ocrx_word' id='word_1_168' title='bbox 372 2935 569 3005; x_wconf 70' lang='grc' dir='ltr'><em>ἥδυμος</em></span> <span class='ocrx_word' id='word_1_169' title='bbox 605 2935 798 3007; x_wconf 72' lang='grc' dir='ltr'><em>εὐώδης</em></span> <span class='ocrx_word' id='word_1_170' title='bbox 832 2955 913 2990; x_wconf 80' lang='grc' dir='ltr'>τε·</span> <span class='ocrx_word' id='word_1_171' title='bbox 952 2936 1109 2990; x_wconf 82' lang='grc' dir='ltr'><em>καλὸν</em></span> <span class='ocrx_word' id='word_1_172' title='bbox 1146 2936 1192 2988; x_wconf 69' lang='grc' dir='ltr'>δ’</span> <span class='ocrx_word' id='word_1_173' title='bbox 1232 2935 1344 2996; x_wconf 66' lang='grc' dir='ltr'><em>ἔτος</em></span> <span class='ocrx_word' id='word_1_174' title='bbox 1382 2936 1487 2987; x_wconf 75' lang='grc' dir='ltr'>ἐστὶ</span> <span class='ocrx_word' id='word_1_175' title='bbox 1526 2935 1723 3005; x_wconf 55' lang='lat' dir='ltr'>(portin.</span> 
     </span>
    </p>
   </div>
   <div class='ocr_carea' id='block_1_10' title="bbox 235 3035 2009 3120">
    <p class='ocr_par' dir='ltr' id='par_1_10' title="bbox 235 3035 2009 3120">
     <span class='ocr_line' id='line_1_27' title="bbox 235 3035 2009 3120; baseline 0.003 -26"><span class='ocrx_word' id='word_1_176' title='bbox 235 3037 495 3096; x_wconf 89' lang='lat' dir='ltr'>alterum</span> <span class='ocrx_word' id='word_1_177' title='bbox 539 3037 621 3097; x_wconf 88' lang='lat' dir='ltr'>ad</span> <span class='ocrx_word' id='word_1_178' title='bbox 663 3039 811 3117; x_wconf 84' lang='lat' dir='ltr'>Lyc.</span> <span class='ocrx_word' id='word_1_179' title='bbox 837 3037 978 3099; x_wconf 86' lang='lat'>523.</span> <span class='ocrx_word' id='word_1_180' title='bbox 1025 3037 1300 3117; x_wconf 74' lang='grc' dir='ltr'><em>δείκνυσι</em></span> <span class='ocrx_word' id='word_1_181' title='bbox 1344 3035 1413 3099; x_wconf 74' lang='grc' dir='ltr'>δὲ</span> <span class='ocrx_word' id='word_1_182' title='bbox 1457 3035 1562 3098; x_wconf 80' lang='grc' dir='ltr'>καὶ</span> <span class='ocrx_word' id='word_1_183' title='bbox 1596 3037 1860 3120; x_wconf 78' lang='grc' dir='ltr'><strong><em>Ὀρφεὺς</em></strong></span> <span class='ocrx_word' id='word_1_184' title='bbox 1895 3037 2009 3115; x_wconf 77' lang='grc' dir='ltr'>τὴν</span> 
     </span>
    </p>
   </div>
   <div class='ocr_carea' id='block_1_11' title="bbox 352 3193 1854 3269">
    <p class='ocr_par' dir='ltr' id='par_1_11' title="bbox 352 3193 1854 3269">
     <span class='ocr_line' id='line_1_28' title="bbox 352 3193 1854 3269; baseline -0.001 -33"><span class='ocrx_word' id='word_1_185' title='bbox 352 3193 422 3249; x_wconf 83' lang='lat'>[¹1¹]</span> <span class='ocrx_word' id='word_1_186' title='bbox 456 3193 616 3236; x_wconf 86' lang='lat' dir='ltr'>Versus</span> <span class='ocrx_word' id='word_1_187' title='bbox 645 3195 720 3252; x_wconf 86' lang='lat' dir='ltr'>qui</span> <span class='ocrx_word' id='word_1_188' title='bbox 747 3196 792 3237; x_wconf 91' lang='lat' dir='ltr'>in</span> <span class='ocrx_word' id='word_1_189' title='bbox 823 3197 975 3241; x_wconf 88' lang='lat' dir='ltr'>Tzetz.</span> <span class='ocrx_word' id='word_1_190' title='bbox 1004 3198 1143 3269; x_wconf 85' lang='lat' dir='ltr'>Exeg.</span> <span class='ocrx_word' id='word_1_191' title='bbox 1173 3213 1214 3255; x_wconf 87' lang='lat' dir='ltr'>p.</span> <span class='ocrx_word' id='word_1_192' title='bbox 1243 3198 1313 3241; x_wconf 76' lang='lat'>28.</span> <span class='ocrx_word' id='word_1_193' title='bbox 1344 3198 1435 3240; x_wconf 86' lang='lat' dir='ltr'>sine</span> <span class='ocrx_word' id='word_1_194' title='bbox 1465 3201 1642 3240; x_wconf 82' lang='lat' dir='ltr'>auctore</span> <span class='ocrx_word' id='word_1_195' title='bbox 1673 3193 1854 3236; x_wconf 80' lang='lat' dir='ltr'>affertur</span> 
     </span>
    </p>
   </div>
   <div class='ocr_carea' id='block_1_12' title="bbox 237 3249 2006 3431">
    <p class='ocr_par' dir='ltr' id='par_1_12' title="bbox 237 3249 2006 3431">
     <span class='ocr_line' id='line_1_29' title="bbox 465 3249 1534 3315; baseline 0.005 -21"><span class='ocrx_word' id='word_1_196' title='bbox 465 3249 493 3306; x_wconf 81' lang='grc' dir='ltr'>ἢ</span> <span class='ocrx_word' id='word_1_197' title='bbox 525 3256 713 3297; x_wconf 54' lang='lat' dir='ltr'>spasmo?</span> <span class='ocrx_word' id='word_1_198' title='bbox 742 3252 1028 3310; x_wconf 58' lang='grc' dir='ltr'><em>ὃύςτλητος*</em></span> <span class='ocrx_word' id='word_1_199' title='bbox 1001 3274 1028 3308; x_wconf 87' lang='grc' dir='ltr'><strong><em>η</em></strong></span> <span class='ocrx_word' id='word_1_200' title='bbox 1051 3253 1183 3315; x_wconf 80' lang='grc' dir='ltr'><em>’Ἀρης</em></span> <span class='ocrx_word' id='word_1_201' title='bbox 1212 3254 1534 3314; x_wconf 73' lang='grc' dir='ltr'><em>ἔγρεκύὸοιιιος</em></span> 
     </span>
     <span class='ocr_line' id='line_1_30' title="bbox 237 3309 2006 3372; baseline 0.001 -22"><span class='ocrx_word' id='word_1_202' title='bbox 237 3314 442 3366; x_wconf 83' lang='lat' dir='ltr'>extatque</span> <span class='ocrx_word' id='word_1_203' title='bbox 471 3311 516 3353; x_wconf 87' lang='lat' dir='ltr'>in</span> <span class='ocrx_word' id='word_1_204' title='bbox 547 3311 727 3354; x_wconf 83' lang='lat' dir='ltr'>Maximi</span> <span class='ocrx_word' id='word_1_205' title='bbox 756 3328 797 3356; x_wconf 85' lang='lat' dir='ltr'>v.</span> <span class='ocrx_word' id='word_1_206' title='bbox 827 3314 926 3357; x_wconf 71' lang='lat'><strong>268.</strong></span> <span class='ocrx_word' id='word_1_207' title='bbox 956 3317 1139 3358; x_wconf 82' lang='lat' dir='ltr'>fortasse</span> <span class='ocrx_word' id='word_1_208' title='bbox 1170 3317 1334 3372; x_wconf 83' lang='lat' dir='ltr'>Orphei</span> <span class='ocrx_word' id='word_1_209' title='bbox 1365 3320 1456 3366; x_wconf 60' lang='grc' dir='ltr'>θείς</span> <span class='ocrx_word' id='word_1_210' title='bbox 1488 3326 1727 3370; x_wconf 85' lang='lat' dir='ltr'>quanquam</span> <span class='ocrx_word' id='word_1_211' title='bbox 1756 3309 2006 3368; x_wconf 79' lang='grc' dir='ltr'><em>Καταρχῶν</em></span> 
     </span>
     <span class='ocr_line' id='line_1_31' title="bbox 238 3367 1050 3431; baseline 0.01 -23"><span class='ocrx_word' id='word_1_212' title='bbox 238 3367 471 3424; x_wconf 77' lang='lat' dir='ltr'>scriptores</span> <span class='ocrx_word' id='word_1_213' title='bbox 502 3370 662 3427; x_wconf 84' lang='lat' dir='ltr'>poetici</span> <span class='ocrx_word' id='word_1_214' title='bbox 693 3372 866 3414; x_wconf 82' lang='lat' dir='ltr'>fuerunt</span> <span class='ocrx_word' id='word_1_215' title='bbox 895 3373 1050 3431; x_wconf 85' lang='lat' dir='ltr'>plures</span> 
     </span>
    </p>
   </div>
  </div>
 </body>
</html>
