2158 3848
205 172 331 233 234
732 184 968 230 121ssssss
1011 184 1441 230 SECUNDUS.

203 317 435 375 famam
479 318 720 396 sequuti
763 327 936 392 sunt,
991 317 1381 379 Phanotheae
1436 318 1540 380 vel
1591 318 1979 380 Phemonoae

201 416 440 478 inventi
481 415 661 494 hujus
704 417 1002 478 honorem
1048 418 1437 479 deferentem.
1525 417 1840 498 Orpheum
1875 437 1974 478 au-

203 525 434 576 ctorem
479 515 798 594 praedicat
839 518 1213 594 Damagetas
1268 521 1334 578 in
1392 519 1598 600 Epigr.
1645 517 1717 576 V.
1773 538 1834 598 p.
1881 517 1980 578 39.

201 613 402 675 Anall.
448 614 517 674 T.
563 616 620 674 2.

329 726 422 787 ’Ός
458 746 578 778 ποτε
615 727 699 777 καὶ
736 725 940 787 τελετὰς
974 727 1296 797 μυστηρίδας
1331 729 1502 797 εὕρετο
1539 726 1748 795 Βάκχου
1765 731 1829 797 [⁸]

407 811 493 862 καὶ
531 811 705 878 στίχον
738 806 892 885 ἡρῴῳ
929 809 1133 876 ζευκτὸν
1167 810 1329 876 ἔτευξε
1365 814 1502 866 ποδί.

201 921 263 971 et
305 911 541 971 Plotius
598 910 676 970 de
719 911 900 971 Metr.
961 933 1008 972 c.
1054 912 1126 971 V.
1187 933 1246 992 p.
1299 913 1480 973 1629.
1565 913 1632 974 Η
1645 935 1721 973 er
1736 934 1772 974 o
1786 917 1811 974 i
1824 935 1907 975 cu
1919 935 1981 975 m

198 1022 553 1085 metrum,
618 1011 824 1091 quod
881 1023 953 1072 et
995 1013 1464 1093 Delphicum
1520 1023 1595 1072 et
1650 1013 1983 1073 Theolo-

197 1114 447 1191 gicum
490 1123 1017 1193 nuncupatur3
1073 1113 1534 1192 Delphicum
1591 1113 1681 1173 ab
1738 1112 1852 1194 Ap
1871 1113 1984 1172 ol-

196 1214 357 1272 line
414 1212 836 1291 Delphico,
888 1215 1031 1294 qui
1080 1215 1380 1294 primus
1435 1213 1576 1272 hoc
1630 1223 1746 1274 est
1800 1231 1982 1273 usus

196 1321 474 1386 metro;
536 1310 1103 1390 Theologicum
1159 1313 1247 1373 ab
1279 1308 1289 1313 '
1312 1312 1623 1400 Orpheo
1690 1322 1763 1373 et
1820 1312 1940 1372 Mu
1959 1350 1982 1359 -

197 1431 410 1486 saeo,
489 1413 619 1492 qui
680 1410 1002 1472 deorum
1063 1411 1524 1473 sacerdotes
1589 1432 1808 1493 quum
1869 1431 1983 1472 es-

195 1521 395 1586 sent,
438 1512 718 1588 hymno
735 1531 764 1571 s
808 1513 947 1572 hoc
989 1522 1236 1572 metro
1282 1513 1751 1572 cecinerunt.
1829 1511 1983 1571 Phe-

194 1631 464 1673 monoen
477 1658 498 1686 ,
543 1629 730 1692 quam
772 1613 1048 1692 plerique
1076 1613 1503 1673 hexametrum
1532 1612 1850 1671 heroicum
1891 1613 1984 1670 in-

196 1715 443 1774 venisse
516 1713 904 1772 consentiunt
977 1715 1064 1791 [v.
1124 1711 1465 1774 Hermann.
1524 1712 1739 1772 Doctr.
1803 1711 1983 1771 Metr.

197 1814 395 1873 Elem.
439 1833 500 1893 p.
546 1810 719 1894 331]
764 1814 978 1892 paucis
1033 1815 1211 1873 annis
1272 1814 1385 1873 hos
1440 1823 1658 1892 poetas
1717 1821 1986 1872 anteces-

196 1916 350 1974 sisse
395 1912 663 1973 affirmat
704 1909 990 1973 Clemens
1035 1913 1262 1973 Strom.
1281 1931 1284 1933 ’
1306 1914 1353 1972 Ι.
1391 1895 1537 1973 323.
1581 1911 1783 1994 (383.)
1825 1914 1984 1994 μετὰ

199 2012 543 2096 Φημονόην
587 2016 784 2077 ἔτεσιν
826 2014 1089 2096 ὕστερον
1132 2019 1361 2078 εἴκοσιν
1396 2013 1562 2076 ὀκτώ
1585 2015 1645 2075 οἱ
1679 2012 1820 2096 περὶ
1838 2014 1983 2095 Ὀρ-

199 2116 319 2197 φέα
361 2115 466 2176 καὶ
498 2120 850 2181 ,Μουσαῖον
903 2114 1010 2177 καὶ
1050 2114 1256 2178 Λίνον
1309 2114 1423 2177 τὸν
1471 2113 1841 2196 Ἡρακλέους
1884 2111 1927 2174 ὃ
1928 2136 1982 2173 ι-

196 2213 529 2279 δάσκαλον.
616 2213 922 2274 Eusebius
966 2213 1063 2272 Pr.
1107 2213 1225 2275 Ev.
1268 2215 1348 2275 X.
1392 2214 1452 2274 4.
1495 2213 1641 2274 469.
1685 2212 1754 2272 Β.
1810 2218 1982 2294 πρῶ-

196 2341 308 2379 τον
351 2324 510 2401 γοῦν
552 2312 812 2379 πάντων
847 2315 1080 2399 Ὀρφέα
1092 2360 1113 2388 ,
1159 2316 1291 2380 εἶτα
1333 2314 1404 2380 δὲ
1446 2314 1652 2380 Λίνον
1663 2358 1681 2389 ,
1723 2313 1984 2375 κᾶπειτα

198 2420 538 2478 Μουσαῖον
593 2416 770 2498 ἀμφὶ
811 2416 892 2478 τὰ
955 2416 1202 2499 Τρωικὰ
1256 2417 1627 2502 γενομένους
1677 2412 1718 2494 ἢ
1776 2419 1982 2496 μικρῷ

200 2513 500 2598 πρόσθεν.
551 2524 556 2529 ’

368 2616 445 2674 ΙΙ.
527 2609 880 2674 Literarum
944 2615 1334 2676 inventorem
1402 2613 1594 2673 fuisse
1662 2612 1981 2693 Orpheum

200 2724 459 2775 testatur
500 2712 856 2774 Alcidamas
901 2712 1005 2773 Or.
1061 2732 1108 2773 c.
1153 2713 1384 2776 Palam.
1437 2732 1498 2793 p.
1541 2713 1585 2772 7
1589 2709 1645 2772 5.
1702 2711 1772 2771 T.
1816 2711 1980 2772 VIII.

201 2814 406 2876 Reisk.
467 2813 822 2899 Γράμματα
875 2821 1127 2897 πρῶτον
1173 2813 1436 2898 Ὀρφεὺς
1489 2809 1764 2900 ἐξήνεγκε
1807 2813 1982 2896 παρὰ

202 2922 492 2981 Μουσῶν
534 2914 790 2998 μαθών,
835 2914 920 2985 ὥς
961 2915 1143 2995 δηλοῖ
1178 2915 1249 2979 τὸ
1295 2913 1654 3000 ἐπίγραμμα
1685 2950 1770 2959 ,-
1820 2913 1976 2994 Τῇὸ,
2016 3001 2021 3006 ⁸
2077 2923 2082 2927 .
2138 2915 2139 2929 2

197 3018 428 3100 Ὀρφέα
475 3021 701 3100 Θρῇκες
745 3018 1014 3096 ἔθηκαν,
1068 3016 1138 3086 ὃς
1179 3051 1263 3062 --
1312 3016 1620 3099 Ἡρακλῆν
1675 3013 1977 3087 ἐδίδαξεν,

323 3171 386 3227 [²²]
419 3172 642 3214 Jacobsius
684 3171 740 3214 ad
781 3172 822 3214 h.
860 3171 889 3214 1.
929 3171 1276 3228 Damagetes
1318 3174 1518 3214 noster
1556 3169 1838 3225 mysteria
1878 3168 1974 3212 Or—

204 3230 382 3286 phica
422 3245 541 3273 cum
579 3230 887 3274 Bacchicis
930 3229 1259 3283 confundit,
1302 3244 1445 3287 quae
1473 3229 1602 3272 illis
1632 3227 1973 3272 recentiora

204 3289 412 3341 fuisse,
442 3289 701 3332 dubitari
730 3302 836 3333 non
865 3292 1073 3347 potest.
1130 3290 1250 3343 Imo,
1281 3304 1393 3348 quae
1422 3288 1616 3347 Orphica
1644 3291 1869 3339 vocantur,
1897 3299 1970 3328 ea-

208 3347 301 3392 dem
330 3348 544 3393 Bacchica
574 3348 731 3403 fuisse,
762 3362 832 3393 res
860 3347 1095 3398 certissima
1123 3352 1202 3393 est.
