2158 3848
233 199 360 261 480
762 212 998 257 mmm
1039 213 1469 260 SECUNDUS.

231 342 344 427 τήρ
360 344 532 426 [⁰¹¹⁰]·
591 345 780 408 εἰπών
832 341 1062 414 ταύτας
1104 345 1216 415 τὰς
1259 351 1420 428 τρεῖς
1466 343 1640 414 θείας
1682 352 1813 408 τῶν
1857 346 2000 407 ὀνο-

231 443 449 527 μάτων
492 443 789 526 δυνάμεις
845 444 998 525 μίαν
1052 446 1209 509 εἶναι
1250 444 1527 527 δύναμιν
1581 445 1686 507 καὶ
1741 446 1808 508 ἓν
1851 442 2005 525 κοά-

231 571 335 616 τος
376 554 489 608 τοῦ
534 543 734 625 μόνου
777 548 967 615 θεοῦ,
1023 545 1100 606 ὃν
1144 546 1346 626 οὐδεὶς
1389 546 1505 629 ὁρᾷ
1553 581 1635 592 -
1691 548 1754 615 ἐξ
1807 545 2006 606 αὐτοῦ

233 645 303 707 δὲ
363 653 470 722 τῆς
529 641 856 724 δυνάμεως
914 642 993 704 τὰ
1056 641 1263 706 πάντα
1321 650 1732 730 γεγενῆσθαι,
1812 644 2010 725 ἀρχὰς

231 742 601 824 ἀσωμάτους
643 742 749 803 καὶ
789 742 963 820 ἥλιον
1005 742 1110 804 καὶ
1155 741 1414 822 σελήνην
1456 746 1562 807 καὶ
1606 747 1806 826 ἄστρα
1845 741 2007 805 πάν-
2083 754 2086 758 ’

230 868 343 916 τα,
404 859 665 921 quorum
723 841 1022 922 reliquam
1082 850 1323 921 partem
1383 842 1508 902 alio
1566 843 2011 924 opportuniore

232 942 369 1001 loco
414 939 783 1022 producam3
828 959 990 1002 nunc
1033 939 1112 1000 de
1140 941 1407 1001 Phanete
1451 943 1665 1019 agitur.
1750 942 2011 1002 Lactan-

232 1043 354 1102 tius
397 1042 544 1101 Inst.
588 1041 635 1100 I.
679 1039 750 1101 5„
793 1061 854 1121 p.
899 1040 1000 1100 28.
1060 1040 1411 1122 Orpheus
1469 1041 1690 1102 deum
1742 1059 2010 1114 verum

232 1152 310 1200 et
349 1159 699 1219 magnum
725 1139 1152 1227 Πρωτόγονον
1194 1141 1548 1224 appellat
1589 1139 1792 1223 quod
1834 1150 2014 1201 ante

232 1243 488 1323 ipsum
531 1240 732 1300 nihil
778 1251 895 1300 est
937 1243 1276 1319 genitum
1320 1240 1454 1301 sed
1496 1241 1585 1302 ab
1627 1243 1805 1322 ipso
1847 1259 2014 1301 cun-

234 1351 358 1401 cta
418 1350 597 1399 sunt
662 1350 1052 1417 generata.
1149 1339 1434 1401 Eundem
1495 1342 1685 1401 etiam
1748 1339 2013 1420 Φάνητά

237 1441 621 1512 nominat,
682 1438 884 1519 quod
938 1459 1165 1520 quum
1221 1440 1720 1502 adhucnihil
1775 1449 2014 1512 esset,
2092 1520 2095 1524 ³

236 1541 531 1622 primus
577 1556 672 1598 ex
716 1539 1054 1599 infinito
1098 1541 1561 1621 apparuerit
1603 1549 1676 1599 et
1718 1541 2016 1600 extite-

230 1641 353 1700 rit.
443 1636 680 1718 Cujus
727 1640 1101 1717 originem
1146 1650 1382 1721 atque
1438 1649 1790 1699 naturam
1836 1639 2017 1719 quia

233 1740 643 1820 concipere
715 1759 859 1800 non
921 1751 1262 1819 poterat,
1352 1759 1444 1799 ex
1505 1759 1680 1802 aere
1753 1746 2017 1800 natum
2084 1751 2086 1765 “

232 1858 401 1900 esse
447 1839 671 1900 dicit:

375 1973 720 2044 Πρωτόγονος
760 1974 986 2027 Φαέθων
1022 1973 1321 2046 περιμήκεος
1358 1974 1568 2044 αῗθέρος
1601 1971 1713 2035 υἱός

236 2114 392 2177 quae
436 2098 643 2156 omnia
688 2115 773 2156 ex
830 2096 1048 2157 eodem
1095 2097 1487 2174 Theogoniae
1532 2115 1719 2176 opere
1763 2096 2017 2176 accepit,
2100 2148 2101 2153 ,

230 2215 352 2277 quo
398 2196 703 2280 Platonici
746 2206 1033 2270 utuntur,
1088 2217 1160 2258 ac
1202 2198 1463 2257 fortasse
1506 2215 1584 2255 ex
1628 2215 1702 2255 eo
1744 2197 1883 2278 ipso
1927 2196 2017 2255 lo-
2078 2245 2085 2249 ,
2150 2259 2151 2262 ¹

232 2314 323 2370 co,
368 2314 489 2377 quo
534 2297 829 2358 Proculus
873 2299 939 2357 in
985 2297 1143 2357 Tim.
1176 2299 1253 2371 II.
1303 2297 1441 2357 132.
1487 2297 1519 2360 ὃ
1551 2294 1770 2376 Φάνης
1815 2314 2048 2380 περι-,
2102 2318 2106 2340 ³

233 2396 552 2466 καλλέος
612 2399 938 2480 αἰθέρος
981 2398 1150 2468 υἱὸς
1191 2396 1565 2479 ,ὀνομάζεται
1607 2397 1712 2459 καὶ
1747 2396 2015 2480 Ἀβρὸς

237 2495 481 2578 Ἔρως,
509 2497 616 2558 καὶ
657 2494 977 2566 κάλλιστος

382 2625 659 2695 Θαύμαζον
694 2633 1021 2696 καθορῶντες
1058 2628 1110 2680 ἐν
1147 2628 1317 2698 αἰθέρι
1354 2629 1536 2698 φέγγος
1572 2627 1803 2681 ἄελπτον·

378 2719 518 2766 τοῖον
554 2712 852 2780 ἀπέστιλβεν
882 2712 1042 2783 χροὸς
1078 2710 1363 2765 ἀθανάτοιο
1407 2711 1662 2781 Φάνητος.

241 2834 506 2909 Quinam
581 2836 915 2896 Phanetem
986 2834 1280 2895 admirari
1356 2836 1703 2916 potuerint,
1791 2856 1830 2916 q
1845 2803 2018 2897 uum
2070 2816 2077 2832 ⁵

239 2935 491 2997 adhuc
531 2937 733 2996 nihil
777 2945 1012 3010 esset,
1073 2935 1214 2995 hinc
1256 2953 1380 2995 non
1424 2946 1712 3017 apparet,
1772 2935 1885 2996 sed
1927 2946 2016 2997 ta-

238 3053 382 3096 men
440 3037 699 3115 intelligi
757 3044 989 3117 potest3
1076 3034 1154 3095 de
1211 3035 1355 3096 Sole
1415 3034 1690 3113 ejusdem
1750 3036 2022 3121 nominis¹

238 3136 539 3216 participe
583 3155 661 3196 ne
705 3138 842 3217 quis
886 3137 1139 3215 cogitet,
1197 3134 1484 3216 prohibet
1537 3135 1779 3196 Proculi
1831 3139 2016 3198 inter-

238 3237 505 3315 pretatio
527 3228 539 3254 ³
567 3247 628 3296 et
686 3237 804 3297 hoc
862 3246 924 3296 et
983 3236 1106 3296 alio
1166 3236 1302 3296 loco
1363 3238 1436 3295 in
1484 3235 1694 3297 Theol.
1749 3237 1852 3297 111.
1912 3238 2013 3297 20.

360 3362 469 3419 [mm]
500 3362 660 3407 Suidas
691 3379 726 3407 s.
752 3360 943 3422 Ὀρφεύς
969 3377 1047 3421 pro
1078 3363 1159 3406 hoc
1188 3362 1363 3407 exhibet
1391 3361 1490 3415 ζωὴ.
