2176 3886
772 244 1346 288 ELEUSINIA.
1874 238 1952 299 17

170 394 409 438 marum
467 373 874 454 cognitionem
930 376 1007 436 ab
1063 375 1417 456 AegyptiiS,
1483 377 1713 452 PersiS‚
1783 381 1953 442 Indis

170 476 474 555 accepisse
527 483 591 534 et
642 478 1007 536 memoriam
1062 486 1451 557 acceptorum
1502 478 1786 555 religiose
1830 500 1954 542 ser—

166 592 349 637 vasse
402 583 640 655 putant.
742 574 867 634 Sed
923 574 1001 634 de
1054 576 1173 635 hoc
1216 576 1373 635 alius
1418 578 1535 636 erit
1578 576 1824 638 dicendi
1867 581 1956 639 lo-

166 694 288 735 cus,
374 674 590 735 Altera
643 694 788 755 pars
842 674 1156 735 interdicti
1209 678 1462 756 proprie
1505 675 1583 736 de
1626 679 1956 761 homicidis

163 774 430 848 valebat,
473 784 693 856 postea
726 785 933 836 autem
967 776 1152 836 latius
1187 786 1437 856 accepta
1474 787 1585 852 est,
1631 789 1712 861 ιιι
1739 799 1954 840 nemo

163 874 732 954 ingrederetur,
775 878 929 936 nisi
973 878 1101 956 qui
1144 894 1223 936 se
1265 878 1755 939 innocentem
1789 899 1962 956 nos-,

163 986 281 1036 set
333 975 651 1057 Lamprid.
709 977 919 1039 Sever.
976 997 1023 1036 c.
1080 975 1306 1036 XVIII.
1363 995 1485 1056 qua
1540 983 1956 1058 praeconis

162 1096 351 1139 voce
404 1078 639 1157 impii
695 1087 773 1136 et
826 1077 1213 1136 scelerati
1266 1078 1733 1137 initiatione
1790 1079 1956 1138 sub-

162 1176 686 1239 movebantur
742 1176 994 1236 Sueton.
1055 1174 1196 1236 Ner.
1254 1197 1302 1237 c.
1347 1177 1638 1238 XXXIV.
1726 1177 1958 1239 Verum

160 1278 239 1336 ne
293 1275 410 1336 hoc
466 1275 717 1356 quidem
769 1277 1233 1337 Eleusiniorum
1287 1281 1611 1358 proprium
1669 1278 1790 1338 dici
1844 1299 1961 1359 po-

161 1387 310 1451 test,
372 1396 560 1458 quum
617 1379 867 1437 omnis
911 1378 1312 1459 praefatio
1359 1398 1761 1439 sacrorum
1807 1398 1958 1454 eoS‚

163 1477 448 1558 quibus
503 1495 653 1537 non
708 1478 868 1538 sint
911 1497 1154 1558 purae
1197 1497 1499 1552 manuS‚
1555 1481 1805 1540 sacris
1852 1499 1960 1539 ar-

160 1587 332 1637 ceat
374 1577 512 1639 Liv.
556 1577 747 1637 XLV.
793 1576 850 1638 5.
895 1577 1086 1657 idque
1130 1578 1287 1638 adeo
1344 1580 1724 1659 templorum
1768 1583 1958 1642 vesti-

160 1667 322 1738 bulis
363 1680 729 1758 inscriptum
772 1678 981 1749 fuerit,
1024 1679 1111 1758 μὴ
1155 1681 1443 1761 παριέναι
1488 1684 1631 1741 εἵσω
1674 1687 1818 1743 τῶν
1850 1705 1959 1742 πε-

161 1778 642 1862 ριῤῥαντηρίων,
700 1779 859 1847 ὅςτις
924 1778 1011 1858 μὴ
1065 1777 1352 1859 καθαρός
1412 1781 1540 1839 ἐστι
1592 1779 1706 1847 τὰς
1743 1785 1958 1862 χεῖρας

158 1878 407 1937 Lucian.
454 1870 533 1935 de
581 1876 796 1936 Sacris.
842 1880 892 1956 §.
943 1873 1148 1956 13.[‘¹]
1212 1875 1337 1935 Sed
1380 1876 1644 1936 fortasse
1688 1879 1840 1938 haec
1883 1879 1953 1938 li-

159 1978 363 2037 bertas
447 1978 648 2037 tacitis
718 1960 1088 2057 quibusdam
1159 1977 1632 2057 exceptionibus
1703 1980 1960 2038 circum-

158 2080 387 2158 scripta
427 2077 565 2151 fuit,
610 2096 810 2157 neque
850 2078 967 2137 hoc
1010 2078 1216 2137 solum
1260 2079 1582 2161 sancitum,
1627 2064 1700 2137 ut
1745 2098 1783 2138 a
1827 2098 1955 2139 sce-

159 2179 284 2238 lere
349 2180 492 2260 puri
542 2176 655 2238 sed
709 2179 898 2237 etiam
953 2187 1024 2237 ut
1080 2180 1247 2240 cives
1303 2177 1496 2237 Attici
1553 2188 1786 2253 essent,
1849 2183 1954 2260 qui

158 2279 476 2338 Eleusinia
517 2279 792 2358 accipere
835 2278 1105 2339 vellent&
1148 2278 1220 2337 Id
1266 2277 1514 2358 quidem
1553 2276 1835 2338 Julianus
1865 2280 1958 2339 af-

159 2381 361 2438 firmat
417 2377 623 2440 verbis
677 2379 936 2438 minime
992 2378 1266 2438 obscuris
1325 2378 1428 2437 Or.
1484 2378 1617 2438 VII.
1682 2378 1827 2438 238.
1874 2381 1952 2442 σὺ

159 2480 219 2542 δ’
264 2480 430 2549 ὅπως
470 2479 623 2561 ἡμῖν
663 2478 750 2560 μὴ
793 2479 908 2542 τὸν
958 2480 1220 2568 Διογένη
1265 2478 1607 2563 προβαλών
1651 2479 1848 2563 ὥςπερ
1892 2506 1953 2543 τι

157 2565 610 2664 μορμολυκεῖον
654 2575 1021 2662 ἐκφοβήσῃς.
1097 2581 1189 2643 Οὐ
1234 2579 1358 2665 γὰρ
1404 2577 1687 2663 ἐμυήθη,
1734 2580 1950 2663 φησίν,

277 2778 343 2842 [d]
364 2779 615 2838 Egregium
643 2780 908 2839 epigramma
941 2779 1136 2837 [Λδεσπ.
1169 2781 1457 2825 CCXXXIII.
1488 2782 1550 2837 b.]

504 2851 668 2914 Ἁγνὸν
690 2852 782 2915 χρὴ
814 2857 940 2909 νηοῖο
970 2850 1178 2903 θυώδεος
1207 2855 1344 2899 ἔνδον
1374 2851 1507 2899 ἐόντα

624 2914 833 2973 ἔμμεναι·
864 2910 1023 2971 ἅγνείη
1054 2912 1095 2955 δ”
1127 2914 1223 2957 ἐστὶ
1253 2918 1447 2973 φρονεῖν
1478 2910 1596 2956 ὅσια.

159 2985 315 3044 templo
356 2986 598 3044 Epidaurio
649 2987 903 3044 inscriptum
943 2986 1038 3029 fuit.
1097 2986 1369 3043 Porphyrius
1409 2986 1462 3028 A.
1504 2984 1562 3027 N.
1594 2996 1630 3024 c.
1664 2978 1732 3023 15.
1776 2984 1868 3029 τοῖς
1897 2978 1951 3022 τὰ

160 3043 383 3088 Λεοντικὰ
426 3049 706 3105 μυουμένοις
744 3046 1114 3105 παραγγέλλουσι
1154 3043 1361 3104 καθαρὰς
1401 3045 1522 3100 ἔχειν
1564 3038 1643 3088 τὰς
1664 3043 1826 3099 χεῖρας
1856 3036 1949 3082 ἀπὸ

160 3100 327 3152 παντὸς
354 3105 558 3163 λυπηροῦ
587 3106 666 3148 καὶ
693 3106 942 3159 βλαπτικοῦ
973 3105 1050 3146 καὶ
1077 3105 1302 3163 μυσαροῦ.
1373 3101 1501 3152 Quod
1545 3104 1688 3142 autem
1720 3098 1949 3140 Casaubo-

162 3175 242 3202 nus
280 3162 336 3203 ad
366 3163 550 3219 Capitol.
596 3179 638 3221 p.
668 3163 741 3206 78.
772 3169 817 3206 et
846 3162 1018 3220 plurimi
1047 3162 1159 3205 hunc
1188 3161 1358 3217 sequuti
1398 3159 1644 3209 affirmant,
1690 3170 1948 3214 praeconem

160 3219 205 3261 in
244 3219 380 3262 sacris
407 3221 644 3267 Eleusiniis
684 3222 968 3279 proclamasse
994 3218 1147 3276 Ἐκὰς,
1191 3219 1295 3269 ἑκὰς
1327 3218 1439 3268 ὄςτις
1467 3213 1664 3275 ἀλιτρός,
1707 3230 1828 3257 nemo
1871 3229 1948 3256 ve-

161 3284 297 3320 terum
336 3283 550 3335 testatur,
591 3294 730 3337 neque
773 3282 881 3324 haec
919 3280 1103 3323 formula
1143 3277 1350 3336 praeconi
1379 3277 1525 3320 Attico
1557 3274 1772 3319 convenit.
1833 3273 1947 3315 Ter-

160 3337 330 3380 tulliani
370 3338 506 3381 verba
534 3340 660 3397 Apol.
690 3340 749 3383 ΙΙ.
779 3339 823 3383 7.
861 3353 1071 3396 semper
1100 3338 1309 3394 impiae
1339 3335 1722 3378 initiationes
1753 3337 1947 3374 arcent

162 3396 428 3452 profanos
460 3403 515 3440 et
546 3399 611 3441 ab
641 3397 890 3442 arbitris
920 3403 1148 3449 cavent,
1179 3395 1235 3439 ad
1267 3394 1474 3451 mysteria
1503 3393 1677 3451 privata
1705 3396 1915 3449 spectant.

1568 3468 1610 3526 2
