2158 3848
229 230 351 293 106
813 240 1051 285 LIBER
1092 239 1403 285 PRIMUS.

389 370 562 434 Haec
613 372 845 452 passim
897 374 1219 453 profitetur
1270 370 1650 432 ,lamblichus
1703 371 1769 430 in
1813 387 1999 447 nuga-

221 473 467 535 cissimo
510 470 591 532 de
631 473 944 548 mysteriis
987 473 1176 547 libr03
1220 474 1369 533 haec
1411 471 1769 531 summatim
1813 487 1999 549 expo-

221 577 314 635 nit
355 573 646 635 Proculus
700 572 767 629 in
808 571 988 634 Polit.
1032 591 1093 651 p.
1140 571 1283 632 379.
1337 572 1446 632 ubi
1490 571 1746 630 deorum
1790 570 2000 628 home·
2047 627 2050 629 ,

221 677 486 735 ricorum
560 670 1192 746 transfigurationibus
1258 671 1443 731 fidem
1509 687 1814 741 asserem,
1896 686 2000 729 eas

221 790 549 852 congruere
606 769 756 828 dicit
807 776 944 839 ταῖς
998 772 1328 852 ἱερατικαῒς
1383 770 1651 840 ἁπάσαις
1711 790 2000 854 πραγμα-

220 875 438 946 τείαις,
481 873 617 938 ταῖς
657 873 922 938 τελεταῖς
963 870 1069 931 καὶ
1109 876 1238 939 τοῖς
1279 870 1639 953 μυστηρίοις
1681 904 1764 918 -·
1810 869 2002 931 ἅπασι

218 973 341 1058 γὰρ
397 968 639 1038 τούτοις
703 969 763 1030 οἱ
813 967 957 1030 θεοὶ
1011 970 1239 1039 πολλὰς
1294 969 1411 1051 μὲν
1465 973 1707 1032 ἑαυτῶν
1760 967 2001 1050 προτεί-

216 1091 401 1136 νουσι
465 1063 739 1153 μορφάς,
778 1069 1000 1133 πολλὰ
1064 1069 1135 1133 δὲ
1202 1066 1485 1156 σχήματα
1542 1065 2002 1139 ἐξαλλάττοντες

217 1171 586 1256 φαίνονται,
643 1170 749 1234 καὶ
800 1169 941 1234 τότε
983 1168 1100 1252 μὲν
1144 1167 1475 1233 ἄτύπωτον
1517 1164 1733 1232 αὐτῶν
1774 1167 2002 1249 προβέ-

216 1274 480 1356 βληνται
523 1271 680 1356 φῶς,
721 1269 860 1334 τότε
903 1270 974 1335 δὲ
1017 1275 1102 1340 εἷς
1145 1268 1493 1353 ἀνθρώπου
1535 1267 1791 1352 μορφὴν
1826 1270 2002 1346 ἐσχη-

215 1372 630 1455 ματισμένον,
686 1369 824 1443 τότε
881 1371 952 1434 δὲ
1008 1376 1094 1441 εἷς
1137 1372 1387 1435 ἀλλοῖον
1428 1368 1628 1434 τύπον
1668 1374 2001 1451 προεληλυ-

216 1471 357 1544 θός.
414 1472 541 1535 Καὶ
593 1479 797 1536 ταῦτα
851 1471 958 1535 καὶ
997 1472 1037 1552 ἡ
1077 1469 1551 1556 θεοπαράδοτος
1592 1466 2002 1554 μυσταγωγία

215 1571 630 1656 παραδίδωσι·
673 1579 876 1635 ταῦτα
916 1570 1042 1659 γάρ
1086 1592 1283 1656 φησιν
1325 1568 1770 1655 ἒπιφωνήσασα

356 1729 478 1798 Πῦρ
514 1724 680 1779 {aanor
715 1730 961 1798 σκιρτητῇ
999 1724 1072 1778 ἐπ’
1111 1724 1260 1797 ἠέρος
1295 1723 1434 1793 ἴθμα
1470 1728 1712 1789 τιταῖνον,

353 1811 389 1882 ἢ
425 1813 510 1864 καὶ
545 1815 646 1884 πῦρ
686 1810 982 1878 ἇτῦπωτον,
1023 1807 1150 1864 ὅθεν
1189 1811 1358 1883 φωναὶ
1395 1809 1729 1881 προθέουσιν,

354 1895 390 1967 ’ἢ
426 1901 539 1968 φῶς
571 1894 829 1951 πλούσιον
851 1892 1147 1967 ἇμφιχῦδην
1183 1895 1407 1968 ῥοιζαῖον
1443 1893 1663 1963 ἕλιχθέν,

354 1981 489 2035 ἀλλὰ
523 1984 608 2035 καὶ
639 1983 801 2035 ἵππον
835 1983 959 2035 ἲδεῒν
993 1980 1170 2053 φωτὸς
1204 1981 1356 2035 πλέον
1391 1967 1756 2051 ἀστράπτοντα

353 2067 387 2136 ἢ
423 2069 508 2120 καὶ
544 2071 708 2122 παῖδα
741 2073 895 2132 θοοῖς
927 2064 1110 2130 νώτοις
1146 2063 1483 2136 ἔποχούμενον
1512 2066 1678 2117 ἵππου

353 2151 582 2224 ἕμπυρον
614 2151 649 2222 ἢ
676 2159 858 2228 χρυσῷ
893 2151 1279 2220 πεπυκασμένον
1313 2152 1347 2222 ἢ
1382 2149 1506 2205 πάλι
1540 2147 1733 2221 γυμνὸν

354 2236 388 2306 ἢ
421 2240 507 2291 καὶ
542 2236 814 2301 τοξεύοντα
850 2241 935 2293 καὶ
972 2236 1180 2307 ἔστηῶτ’
1221 2237 1302 2288 ἐπὶ
1337 2233 1593 2304 νώτοις-[ἵ]

214 2382 312 2426 veta
360 2383 568 2439 μιμεῖται
605 2379 687 2425 τὸν
725 2379 852 2440 παρὰ
892 2384 987 2431 τοῖς
1012 2383 1256 2453 θεουργοῒς
1292 2381 1370 2435 τῆς
1409 2380 1561 2438 ψυχῆς
1598 2370 1997 2436 ἇπαθοόνατισμόν.

213 2440 336 2483 Idem
363 2453 406 2496 p.
435 2437 536 2481 331.
563 2437 614 2482 τὸ
643 2442 860 2498 μέγιστον
889 2437 918 2491 ἡ
946 2440 1172 2487 τελεστικη
1203 2436 1505 2496 συμβάλλεται
1535 2434 1612 2481 διὰ
1639 2438 1719 2482 τοῦ
1746 2439 1878 2482 θείου
1906 2451 1999 2480 πυ-

246 2496 296 2547 ὸς
333 2495 616 2555 ἀφανίζουσα
654 2494 733 2544 τὰς
773 2495 825 2540 ἐκ
862 2495 1045 2552 γενετῆς
1083 2493 1293 2549 κηλῖδας,
1335 2492 1396 2544 ὠς
1422 2494 1473 2539 τὸ
1504 2493 1662 2554 λόγιον
1690 2491 1912 2552 διδάσκει,
1942 2495 1998 2537 cf.

216 2514 437 2613 {orphyn
476 2568 547 2612 ap.
587 2554 772 2609 August.
802 2553 899 2596 eiv.
928 2552 987 2594 X.
1016 2551 1060 2594 9.
1091 2566 1158 2608 sq.
1215 2553 1608 2612 Augustinusjpse
1636 2554 1692 2596 de
1722 2554 1886 2598 Trinit.
1914 2552 1999 2596 ΙΙΙ,

218 2631 256 2659 c.
297 2615 366 2657 10.
415 2612 702 2656 Diabolus
757 2612 971 2654 animas
1025 2609 1310 2666 deceptas
1347 2612 1803 2669 praecipitavit,
1842 2626 1999 2669 quum

217 2673 606 2732 polliceretur
659 2670 1064 2727 purgationem
1118 2668 1342 2711 animae
1380 2684 1474 2727 per
1510 2682 1607 2714 eas
1647 2684 1786 2727 quas
1822 2666 2000 2720 τελετάς

218 2730 545 2790 appellant.
617 2729 834 2773 Arnobius
871 2728 932 2771 ΙΙ.
973 2725 1044 2769 62.
1087 2727 1243 2783 Magi
1284 2728 1563 2785 spondent
1603 2729 1996 2772 commendati—

218 2790 345 2835 cias
387 2790 598 2832 habere
636 2801 837 2846 preces
880 2786 1085 2843 quibus
1113 2785 1413 2829 emollitae
1442 2788 1636 2830 nescio
1667 2801 1810 2844 quae
1838 2790 1998 2844 pote-

218 2852 401 2893 states
429 2849 558 2891 viae
586 2846 798 2890 faciles
826 2845 1149 2903 praebeant
1178 2844 1246 2887 ad
1275 2846 1506 2890 coelum.
1558 2846 1791 2889 Etruria
1821 2845 1998 2889 libris

219 2909 274 2951 in
304 2905 719 2952 Acheronticis
747 2904 1071 2963 pollicetur
1099 2906 1388 2947 certorum
1418 2904 1746 2948 animalium
1775 2904 1996 2960 sangui-

219 2980 286 3010 ne
323 2965 642 3010 numinibus
673 2963 864 3007 certis
901 2962 1037 3005 dato
1079 2960 1309 3005 divinas
1349 2965 1566 3007 animas
1602 2963 1742 3007 fieri
1783 2967 1841 3006 et
1869 2977 1897 3005 a
1923 2962 1997 3006 le-

219 3025 391 3082 gibus
430 3021 820 3068 mortalitatis
861 3020 1043 3064 educi.
1114 3020 1294 3064 Servius
1332 3022 1388 3065 ad
1427 3023 1536 3066 Aen.
1565 3023 1644 3066 IV.
1672 3018 1774 3064 694.
1814 3023 1997 3065 certis

221 3082 769 3127 consecrationibus
824 3080 1092 3124 solebant
1143 3079 1400 3123 homines
1443 3083 1648 3132 facere
1688 3084 1751 3123 ut
1791 3078 1997 3124 muniti

221 3145 415 3186 essent
455 3142 729 3185 adversus
767 3142 1036 3184 fortunae
1076 3139 1336 3197 impetus,
1384 3153 1484 3184 nec
1523 3144 1803 3199 poterant
1840 3140 1994 3193 mori,

222 3201 339 3245 nisi
368 3200 732 3244 exauctorati
762 3199 871 3243 illa
899 3197 1358 3242 consecratione.

340 3274 401 3332 [t]
435 3272 486 3316 In
527 3273 664 3330 primo
704 3287 833 3317 versu
868 3273 1074 3332 σκιρτητῇ
1114 3270 1267 3328 scripsi
1306 3285 1385 3329 pro
1426 3267 1677 3331 σκιρτηδόν,
1710 3284 1795 3328 quo
1824 3274 1993 3314 retento

222 3334 373 3377 ἴκελον
400 3331 507 3375 nihil
535 3333 666 3376 habet
693 3346 777 3389 quo
806 3332 1022 3376 referatur
1035 3362 1049 3384 ,
1078 3329 1161 3373 nisi
1190 3344 1340 3378 versus
1368 3332 1546 3375 omissus
1575 3336 1643 3374 est
1669 3330 1751 3373 tali
1777 3329 1870 3372 fere
1898 3344 1994 3371 sen—

224 3391 383 3436 tentia:
413 3386 605 3437 πολλάκι
634 3392 717 3448 (sc.
748 3391 950 3450 βλέψεις)
978 3385 1236 3451 τριγλώχινι
1262 3388 1372 3441 Διὸς
1400 3386 1643 3450 φλογόεντι
1671 3390 1872 3449 βελέμνῳ
1902 3390 1992 3445 πῦρ
