2158 3848
235 217 360 278 722
767 222 999 268 LIBER
1044 217 1478 264 SECUNDUS.

238 360 358 420 bile
421 365 514 417 est
565 371 603 414 a
645 372 954 434 quoquam
1002 354 1247 434 Orpheo
1292 352 1667 432 adscriptum
1715 371 1904 427 esse,
1937 354 2010 411 il-

236 461 418 533 Ιιιηι,ι
455 474 636 537 quem
680 455 886 515 Latini
928 456 1231 532 legerunt,
1285 455 1424 533 ipsa
1466 454 1870 532 peregrinitas
1913 471 2010 513 su-

237 560 510 640 spicione
567 556 813 626 eximit,
866 555 1029 612 hunc
1081 552 1407 627 dialectus;
1474 571 1616 611 nam
1679 551 2013 632 Orpheum,
2082 572 2085 575 ψ
2143 546 2158 587 ‘z

240 661 293 718 si
367 655 513 735 quid
583 653 668 712 de⁴
728 653 1001 712 numeris
1071 653 1347 732 scripsit,
1433 651 1640 711 dorice
1699 653 2014 731 scripsisse

241 753 510 817 ostendit
552 771 776 812 nomen
810 753 1150 833 κλᾳδοῦχος
1165 749 1260 832 [5],
1282 752 1512 809 sottum
1538 750 1694 810 illud
1717 753 1783 810 in
1808 750 2017 811 schola

240 855 640 932 Pythagorica
684 862 751 912 ut
792 853 1083 932 pleraque
1124 869 1522 911 numerorum
1554 851 1858 911 vocabula
1887 855 2016 912 Δα-

240 954 465 1037 μάτηρ,
511 951 976 1037 Κορυφαγενής,
1015 950 1365 1037 Ἀγεμόνεια
1410 958 1519 1009 etc.
1577 949 1819 1010 Tertius
1863 951 2018 1009 liber

239 1057 355 1118 hoc
415 1054 610 1131 elogio
677 1053 1002 1129 insignitus
1061 1051 1138 1110 de
1192 1052 1485 1111 numeris
1519 1051 1638 1109 fuit
1695 1058 1757 1108 et
1811 1048 2019 1108 dorico

243 1172 522 1214 sermone
582 1153 961 1231 conscriptus
1015 1150 1127 1211 sed·
1181 1153 1498 1232 prosaico,
1557 1151 1731 1228 cujus
1771 1150 2020 1208 initium

242 1254 428 1312 refert
461 1250 836 1310 Jamblichus
882 1250 952 1309 V.
996 1250 1060 1309 P.
1108 1271 1155 1309 c.
1200 1252 1301 1310 96.
1347 1271 1408 1330 p.
1435 1250 1577 1309 306.
1623 1248 1803 1336 λόγος
1823 1249 1927 1311 ὅδε
1945 1249 2021 1327 [⁰]

244 1352 382 1433 περὶ
435 1354 606 1411 θεῶν
653 1349 1018 1431 Πυθαγόρα
1061 1359 1154 1411 τῶ
1204 1348 1609 1430 Μνασάρχω,
1652 1350 1765 1412 τὸν
1809 1349 2020 1430 ἐξέμα-

245 1506 365 1548 Edit.
397 1504 536 1546 Grab.
569 1517 605 1543 c.
635 1501 717 1543 ΙΙΙ.
751 1501 846 1544 159.
876 1502 992 1544 Huic
1021 1515 1228 1558 perquam
1258 1502 1393 1544 simile
1421 1503 1508 1544 fuit
1537 1516 1735 1556 carmen,
1765 1502 1877 1546 unde
1907 1517 2020 1546 com-

246 1565 390 1621 plures
418 1574 567 1605 versus
598 1559 779 1615 protulit
807 1559 1016 1616 Didymus
1045 1561 1090 1601 in
1120 1560 1245 1602 libris
1276 1561 1329 1602 de
1361 1561 1595 1613 Trinitate,

493 1616 740 1666 Ἀθάνατος
769 1618 819 1661 δὲ
848 1617 978 1672 θεὸς,
1012 1614 1329 1677 παναγήραος,
1363 1618 1697 1676 ἀστυφέλικτος,
1740 1628 1743 1631 “
1792 1636 1804 1662 4

500 1671 688 1738 ι’ίῤῥητος
718 1680 927 1735 κρυφίοις
955 1674 1044 1720 ὑπὸ
1077 1673 1259 1726 δήνεσιν
1289 1676 1628 1734 αὖτογένεθλος,

499 1740 661 1780 τίκτων
691 1732 823 1783 αὐτὸς
853 1733 1014 1779 ἑαυτὸν
1045 1734 1117 1778 ἀεὶ
1146 1738 1268 1790 νέος,
1302 1731 1357 1779 οὔ
1385 1750 1428 1778 τι.
1457 1733 1652 1790 ποιητός.

500 1791 631 1842 αὐτὸς
659 1791 869 1847 ἀληθείης
896 1796 1077 1851 γενέτης
1106 1792 1276 1851 σοφὸς,
1309 1792 1442 1844 αὐτὸς
1472 1791 1655 1849 ἀληθής.

248 1852 301 1895 L.
333 1852 416 1895 111.
444 1852 487 1894 ’2.
517 1850 617 1894 322.
649 1851 767 1894 Idem
799 1866 835 1894 c.
869 1851 937 1894 18.
966 1851 1064 1895 886.

494 1906 739 1958 Ἀθάνατος
768 1909 818 1953 δὲ
846 1908 954 1960 θεὸς
981 1913 1347 1967 πανυπέρτατος,
1378 1912 1529 1971 αἰθέρι
1559 1913 1714 1965 ναίων,

393 2025 415 2069 I
459 1963 719 2071 3Ξιιῖιὲἑρθιτος,
751 1967 1094 2025 ἀστυφέλικτος,
1127 1967 1297 2023 ἀΐδιος,
1330 1970 1428 2013 αἰὲν
1459 1967 1615 2027 ὅμοιος

250 2032 296 2068 et
324 2040 361 2068 c.
418 2056 428 2066 .
549 2057 560 2067 .
969 2048 975 2053 ·

509 2083 576 2127 Οὐ
604 2082 693 2155 γὰρ
725 2083 798 2126 ἀπ’
833 2083 996 2133 ὠδῖνος
1025 2083 1132 2134 θεὸς
1162 2079 1408 2144 ἄμβροτος,
1442 2083 1541 2130 οὐδ’
1577 2082 1667 2128 ἀπὸ
1699 2079 1881 2128 κόλπων

502 2141 666 2196 νηδυος
695 2142 746 2186 ἐκ
775 2144 926 2199 λοχίης
955 2139 1074 2200 φάος
1102 2142 1317 2203 ἔδρακεν,
1350 2141 1464 2186 ἀλλὰ
1493 2139 1616 2187 νόοιο

504 2197 680 2261 ἆῤῥήτῳ
710 2198 1008 2259 στροφάλιγγι
1043 2198 1345 2260 κυκλούμενος
1373 2198 1691 2258 αὐτολόχευτος

360 2308 362 2310 ,
503 2263 675 2316 γίνεται
704 2259 752 2309 ἔξ
783 2260 884 2303 ἔθει
920 2258 1054 2309 αὐτὸς
1083 2257 1171 2304 ἐών
1198 2262 1380 2318 γενέτης
1406 2274 1455 2303 τε
1484 2262 1561 2303 καὶ
1590 2255 1697 2308 υἱός.

252 2319 296 2356 et
334 2313 459 2370 plura
500 2317 742 2373 hujusmodi
779 2319 936 2375 partim
976 2318 1162 2362 heroicis
1202 2319 1390 2362 numeris
1426 2320 1582 2375 partim
1612 2316 1817 2374 elegiacis
1844 2315 2023 2367 inclusa,

253 2385 429 2427 quorum
461 2381 612 2418 auctor
641 2377 882 2419 nominatur
910 2377 1052 2420 nullus
1081 2376 1156 2419 sed
1184 2379 1228 2421 οἱ
1257 2379 1340 2427 ἔξω
1356 2412 1367 2433 ,
1401 2379 1445 2421 οἱ
1462 2375 1694 2431 Ἕλληνες,
1735 2376 1782 2419 οἱ
1807 2377 1897 2418 τῶν
1920 2372 2024 2417 Ἐλ-

255 2426 402 2482 λήνων
441 2430 656 2490 λογάδες,
700 2436 774 2492 qui
802 2437 1029 2479 verborum
1060 2441 1106 2478 et
1134 2436 1440 2480 sententiarum
1468 2434 1807 2481 conformatione
1834 2433 2026 2490 proxime

254 2487 461 2531 accedunt
516 2492 571 2532 ad
611 2493 926 2536 similitudinem
973 2495 1239 2538 oraculorum
1279 2495 1556 2548 ficticiorum,
1598 2495 1752 2551 quibus
1791 2492 2024 2549 scriptores

255 2544 491 2589 Christiani
520 2563 619 2591 suas
649 2550 702 2592 de
723 2552 812 2593 deo
842 2553 1061 2609 opiniones
1092 2555 1382 2610 comprobant.

371 2630 432 2689 [b]
465 2634 763 2690 Metrodorus,
807 2640 879 2694 qui
920 2639 1141 2694 Orpheum
1182 2641 1328 2683 dorica
1369 2640 1555 2682 dialecto
1585 2653 1706 2682 usum
1735 2637 1840 2680 dicit
1867 2635 2022 2679 Jambl.

256 2688 496 2735 CCXLIII.
537 2693 635 2737 476.
677 2695 825 2738 dubito
868 2710 924 2738 an
965 2697 1129 2754 Orphei
1175 2712 1346 2739 carmen
1375 2698 1564 2739 doricum
1593 2695 1772 2751 legerit3
1802 2709 1900 2738 nam
1926 2699 2022 2737 tota

255 2748 348 2802 ejus
388 2749 622 2808 disputatio
664 2754 718 2796 de
756 2754 882 2810 huJus
921 2753 1097 2797 dialecti
1136 2754 1395 2811 antiquitate
1433 2754 1663 2797 temeraria
1692 2757 1770 2796 est.
1803 2754 1855 2796 ef.
1889 2752 2022 2795 Paus-

255 2806 312 2848 11.
350 2806 421 2850 37.
478 2811 621 2855 Hodie
661 2812 766 2855 nihil
805 2813 1014 2870 ejusmodi
1052 2817 1215 2865 restat3
1257 2828 1354 2856 nam
1395 2814 1509 2869 quod
1547 2812 1787 2856 Heerenius
1815 2826 1965 2856 versus
1995 2824 2023 2854 a

255 2863 446 2910 Stobaeo
483 2875 677 2912 servatos
695 2877 699 2882 ’
717 2871 753 2913 1.
784 2886 825 2928 p.
855 2870 925 2914 68.
969 2871 1033 2913 Or
1065 2871 1135 2913 hei
1175 2887 1270 2915 esse
1309 2875 1461 2929 putat,
1491 2872 1667 2929 probari
1697 2868 1857 2928 nequit.
1888 2871 2020 2912 War-

255 2923 426 2968 bui-toni
465 2930 712 2983 conjectura
752 2929 833 2972 De
873 2929 1003 2986 Leg.
1034 2886 1179 2972 quos.
1221 2931 1300 2973 ΙΙΙ.
1339 2931 1391 2976 P.
1420 2930 1478 2973 11.
1512 2930 1607 2973 171.
1650 2930 1946 2986 Argonautica
1976 2933 2023 2973 ot

253 2980 445 3051 Hymnos
474 2999 501 3027 a
530 2987 718 3029 librariis
748 3003 773 3030 e
802 2988 950 3031 dorica
978 2988 1162 3031 dialecto
1191 2989 1236 3031 in
1267 3003 1522 3032 communem
1551 2989 1763 3032 translata
1790 3003 1911 3041 esse,
1942 2990 2020 3032 ho-

254 3052 355 3081 m1m
384 3043 655 3087 mediocriter
685 3046 810 3089 docto
840 3061 894 3089 ne
923 3046 1070 3089 furtim
1101 3046 1269 3103 quidem
1299 3049 1506 3104 obrepere
1535 3052 1690 3104 potest.

371 3127 434 3184 [θ]
474 3126 629 3188 Λόγος
666 3132 814 3176 addidi
843 3148 869 3176 a
898 3134 1186 3191 praecedente
1214 3136 1338 3192 λέγει
1367 3136 1618 3179 absumtum.
1661 3135 1782 3178 Nota
1810 3138 1911 3177 sunt
1939 3149 2016 3177 ex·
2046 3140 2048 3143 ’

256 3183 377 3252 ordia
387 3201 409 3257 τ’
462 3184 709 3248 Ἡροδότου
733 3188 1072 3253 Ἁλικαρνασέος
1097 3194 1293 3253 ἱστορίης
1321 3190 1530 3244 ἀπόδεξις
1556 3187 1652 3248 ἥδε.
1683 3193 1761 3236 Ion
1787 3193 1832 3236 in
1859 3193 2022 3249 Triag-

251 3255 356 3285 mist
399 3244 530 3313 31on
570 3246 651 3302 ἣδε
690 3265 773 3307 μοι
811 3253 894 3295 τοῦ
922 3247 1087 3309 λόγου,
1120 3256 1165 3294 et
1193 3252 1271 3295 alii
1299 3253 1558 3311 complurest
1595 3249 1717 3295 Τάδε
1746 3255 2014 3310 συνέγραψα

237 3304 545 3374 Ξωρῡαπρης
583 3304 607 3350 ὁ
643 3305 873 3368 Ἀρμένιος
915 3309 1110 3352 Clemens
1140 3310 1298 3354 Strom.
1340 3313 1391 3353 V.
1422 3311 1521 3354 771.
1571 3308 1688 3355 Τόδε
1729 3313 2017 3369 συνέγραψεν

255 3361 444 3409 Οκελλος
472 3377 497 3403 ο
530 3365 765 3416 Λευκανός
795 3391 850 3399 -
886 3371 1076 3427 Τίμαιος
1104 3366 1128 3414 ὃ
1159 3367 1340 3428 Λοκρὸς
1368 3365 1475 3414 τάδε
1503 3370 1597 3427 ἔφα
1620 3396 1677 3403 -
1701 3372 2015 3426 Στρυαγγαῖος

2155 1356 2158 1363 .
2155 1322 2158 1329 ,
2155 1286 2158 1296 -
2150 1261 2158 1272 Δ
2155 1175 2158 1191 ..
2155 1158 2158 1162 .
2144 1070 2158 1146 jaon
2143 860 2158 1063 Mdv-fi>
2142 798 2158 846 ,νὴ
2152 773 2158 784 .,

2147 1494 2158 1534 l

2135 1550 2158 1582 ⁴.

2124 3054 2158 3135 ²5⁵¹*

2124 3137 2143 3237 1}

2132 3233 2141 3271 l
