2158 3848
228 187 354 249 558
770 201 1007 246 mna-R
1049 201 1479 249 SECUNDUS.

229 333 394 397 ὃίιον
435 332 760 416 βασιλείαν
802 332 959 415 μετὰ
1000 341 1132 397 τῶν
1177 337 1384 398 ἄλλων
1416 333 1700 400 Τιτάνων
1728 337 1845 417 τὴν
1867 343 2015 400 Διο-

225 433 532 514 νυσιακὴν
603 433 875 515 μερίζων
934 433 1370 520 δημιουργίαν.
1458 433 1744 496 Eundem
1802 454 2016 496 nume-

224 553 363 594 rum
410 533 647 592 obtinet
689 532 996 591 Firmicus
1043 532 1122 591 de
1163 534 1298 594 Err.
1338 536 1517 596 Gent.
1560 557 1624 617 p.
1651 536 1813 596 423.
1859 537 2010 596 Gro-

223 654 369 694 nov.
414 635 500 715 (p.
545 631 674 711 26.)
737 629 1057 690 Crudeli
1111 643 1363 694 morte
1419 655 1724 697 caesum
1770 639 2016 696 autin

225 735 387 793 olla
488 731 939 810 decoquunt
1037 741 1173 790 aut
1275 744 1571 814 septem
1676 735 2016 798 verubus

222 830 562 890 membra
631 831 980 891 lacerata
1039 830 1455 909 subfigunt.
1559 833 1778 896 Cetera
1839 836 2016 896 addit

225 929 509 991 Clemens
555 931 594 990 l.
628 935 698 991 ὀ.
753 934 812 995 οἱ
862 938 1117 1002 Τιτᾶνες
1162 931 1623 1005 διασπάσαντες
1681 936 1878 1000 αὐτὸν
1922 938 2015 999 λέ-

219 1029 386 1115 βητά
430 1055 574 1095 τινα
615 1031 865 1115 τρίποδι
911 1035 1226 1102 ἐπιθέντες
1268 1034 1375 1096 καὶ
1403 1041 1517 1097 τοῦ
1548 1033 1863 1100 Διονύσου
1909 1039 2017 1118 ἐμ-

222 1130 560 1215 βάλλοντες
612 1131 693 1195 τᾶ
738 1133 887 1213 μέλη
932 1132 1279 1217 καθήψουν
1332 1132 1639 1219 πρότερον
1663 1159 1667 1165 ’
1694 1135 1825 1198 εἶτα
1870 1138 2015 1219 ὀβε-

219 1231 451 1302 λίσκοις
495 1232 953 1317 περιπείραντες
1212 1234 1214 1237 ’

478 1376 545 1384 --
622 1377 686 1384 -—
760 1342 1024 1415 ὑπείρεχον
1053 1342 1388 1415 εΗφαίστοιο.

202 1447 378 1516 -Ζεύς
422 1444 490 1508 δὲ
536 1446 801 1528 ὕστερον
846 1446 1174 1529 ἐπιφανεὶςγ
1206 1455 1492 1530 κεραυνῷ
1546 1450 1693 1518 τοὺς
1744 1455 2013 1520 Τιτᾶνας

222 1547 521 1622 αἰκίζεται
562 1546 669 1609 καὶ
712 1547 791 1609 τοὶ
835 1547 984 1629 μέλη
1029 1554 1143 1608 τοῦ
1189 1545 1505 1630 Διονύσου
1552 1555 1642 1630 τῷ
1679 1547 2013 1613 Ἀπόλλωνι

218 1646 799 1733 παρακατατίθεται
826 1645 1236 1729 καταθάψαι·
1284 1647 1316 1709 ὃ
1362 1646 1431 1709 δὲ
1477 1652 1561 1716 εἷς
1603 1646 1719 1710 τὸν
1745 1654 2010 1732 Παρνα-

217 1749 332 1812 σὸν
375 1747 800 1811 κατατίθεται.
888 1747 1128 1806 νει-3ης
1173 1747 1317 1806 huic
1371 1748 1711 1807 narrationi
1766 1750 2014 1829 interje-

219 1859 383 1923 ctus,
449 1850 570 1907 nisi
624 1849 746 1907 loci
791 1847 1113 1907 Homerici
1169 1848 1471 1906 memoria
1522 1848 1875 1909 intercurrit
1887 1846 2011 1931 [bb]‚

216 1948 497 2028 ejusdem
547 1947 781 2028 Orphei
827 1967 961 2007 esse
1005 1946 1289 2020 videtur,
1353 1965 1566 2027 aquo
1609 1949 1822 2028 priora
1876 1968 2012 2008 mu-

214 2058 425 2109 tuatus
471 2059 566 2107 est
611 2045 926 2123 Clemens;
971 2037 1320 2128 quanquam
1364 2046 1822 2108 Alexandrinos
1860 2068 2010 2129 quo-

214 2170 333 2229 que
404 2159 623 2229 poetas
696 2148 853 2207 hanc
920 2147 1198 2207 fabulam
1265 2166 1582 2207 enarrasse
1647 2151 2008 2230 reperimUS.

213 2250 416 2311 Schol.
474 2249 621 2327 Lyc.
686 2249 830 2309 208.
892 2252 1143 2331 ἐτιμᾶτο
1199 2247 1269 2311 δὲ
1326 2249 1432 2310 καὶ
1488 2249 1521 2311 ὃ
1581 2246 1886 2325 Διόνυσος
1942 2254 2009 2314 ἐν

211 2357 477 2434 Δελφοῖς
523 2351 643 2414 σὺν
680 2347 1015 2413 Ἀπόλλωνι
1060 2350 1276 2419 οὕτως.
1346 2351 1423 2413 Οἱ
1455 2356 1709 2419 Τιτᾶνες
1750 2350 1830 2412 τᾶ
1856 2355 2006 2413 Διο-

210 2450 445 2524 νύσου,
493 2452 532 2512 ἂ
579 2449 958 2531 ἐσπάραξαν,
997 2448 1334 2513 Ἀπόλλωνι
1377 2451 1725 2532 παρέθεντο
1770 2447 2005 2532 ἐμβάλ-

212 2560 420 2621 λοντες
475 2555 560 2619 εἷς
614 2551 870 2632 λέβητα·
936 2550 968 2612 ὅ
1029 2549 1098 2612 δὲ
1155 2550 1326 2632 παρὰ
1387 2558 1478 2631 τῷ
1522 2549 1773 2632 τρίποδι
1813 2551 2003 2630 παρέᾤ

210 2656 397 2725 θετο,
444 2650 526 2720 ὥς
572 2671 724 2732 φησι
748 2649 1159 2729 Καλλίμαχος.
1216 2650 1343 2712 Καὶ
1376 2649 1715 2731 Εὐφορίων
1761 2649 1918 2734 λέγει

214 2745 223 2753 ι
336 2762 453 2830 ’Ὲμ
485 2763 608 2833 πυρὶ
646 2761 854 2829 Βακχέα
891 2763 1002 2814 δῖον
1035 2758 1161 2832 ὑπὲρ
1200 2758 1390 2832 φιάλης
1426 2758 1671 2828 ἐβάλοντο
1693 2762 1753 2828 [⁰]

331 2935 424 2992 [bb]
457 2935 508 2978 Il.
539 2935 600 2977 II.
630 2933 727 2976 426.
770 2929 1011 2992 σπλάγχνα
1054 2931 1095 2975 δ’
1128 2928 1194 2990 ἄρ’
1230 2931 1531 2991 ἀμπείραντες
1559 2929 1802 2990 ὑπείρεχον
1826 2929 2001 2991 ιΙπῐφαί-

209 3007 351 3039 στοιο.

330 3073 393 3129 [⁰]
426 3072 503 3115 Sic
535 3086 614 3129 pro
645 3072 816 3130 ἔμπυρι
845 3067 1032 3128 Βάκχον
1063 3069 1171 3113 δῖαν
1200 3067 1316 3130 ὑπὲρ
1348 3066 1518 3129 φιάλην
1547 3068 1770 3112 emendavi
1807 3068 1854 3111 in
1883 3068 1999 3112 Diss.
2024 3105 2027 3108 ,

211 3131 266 3174 de
307 3131 441 3174 Mort-
470 3131 522 3173 Β.
553 3131 698 3187 ibique
728 3131 857 3173 etiam
888 3129 1097 3186 duplicem
1129 3128 1338 3172 Creuzeri
1378 3129 1666 3184 conjecturam
1697 3141 1998 3170 commemora-

208 3190 278 3233 vi:
310 3189 558 3248 Εὐφορίων
588 3191 711 3263 λέγε).
739 3190 790 3234 ἓν
818 3194 911 3239 τοῖς
938 3189 1044 3245 περὶ
1072 3191 1275 3245 βακχίων
1314 3188 1385 3231 vel
1412 3183 1741 3247 Ἑμπυριβήτην
1769 3183 1992 3230 Διόνυσοι

211 3246 326 3309 ὑπὲρ
369 3245 539 3306 φιάλην
569 3248 809 3302 ἓβαλοντο,
841 3253 1067 3303 utramque
1097 3261 1151 3289 ea
1180 3247 1306 3289 laude
1336 3247 1615 3301 condignam,
1647 3259 1774 3302 quam
1803 3244 1996 3300 impertit
2084 3267 2086 3272 ·

209 3307 454 3350 Meinekius
494 3306 551 3349 ad
588 3307 783 3364 Euphor.
823 3321 865 3364 p.
899 3304 996 3348 186.
1040 3305 1108 3348 Ab
1148 3305 1427 3363 Euphorione
1457 3305 1590 3348 multa
1620 3308 1857 3347 mutuatum
1900 3316 1995 3344 esse

211 3366 410 3409 Nonnum
451 3366 598 3409 eodem
640 3367 735 3409 loco
779 3364 949 3409 ostendi
991 3365 1157 3408 duobus
1197 3364 1543 3407 luculentissimis
1583 3361 1814 3420 exemplis,
1855 3374 1940 3403 uno
1971 3375 1996 3401 e
2087 3381 2091 3383 s
