2158 3848
223 204 349 265 666
759 219 997 263 muna
1040 214 1470 265 SECUNDUS,

219 349 501 431 linquit,
534 345 976 407 Glaucotheam
1043 348 1261 426 urgens
1275 390 1293 422 ,
1362 351 1476 430 τὴν
1527 354 1672 423 τοὺς
1724 352 1993 426 θιάσους

220 447 653 534 συνάγουσαν)
687 445 943 529 ’ἐφ’-οἷς
985 448 1161 530 ἑτέρα
1203 450 1503 528 τέθνηκεν
1543 452 1759 534 ἱέρεια.Ι
1833 452 1992 514 Nam

217 551 313 632 399³-
381 549 481 619 οἷς
538 557 670 605 tum
740 545 1050 622 proxime·
1079 546 1158 604 ad
1217 546 1465 620 θιάσοις
1516 551 1729 612 referri
1744 559 1818 627 ·,ἓ’.
1861 565 1993 614 tum

216 652 402 709 etiam
433 664 561 727 -pro
603 642 943 704 indefinito-
967 645 1141 707 ‹5⁶²4ss
1176 649 1369 727 accipi
1403 660 1629 729 potest,
1673 652 1837 734 quod
1871 672 1992 733 quo

216 751 419 810 minus
487 744 805 803 definitum
823 771 848 815 ‚>
910 744 1027 803 hoc
1080 745 1481 807 invidiosius·
1510 761 1619 810 est.
1717 753 1995 813 Priorem

214 849 515 908 rationem
561 852 861 929 sequutus
898 854 992 904 est
1033 864 1282 921 graecus
1321 848 1642 929 interpres,
1687 854 1856 931 cnjus
1879 870 1993 912 no-

213 944 943 1025 tam*·transscripsimUS‚
1002 954 1064 1003 et
1105 945 1399 1006 Libanius
1443 950 1508 1007 in
1551 948 1732 1029 Repu.
1777 951 1994 1011 Aesch.

213 1049 282 1108 T.
307 1048 410 1108 IV.
437 1067 498 1128 p.
522 1045 665 1107 973.
711 1046 973 1105 oratoris
1018 1049 1387 1106 sententiam
1430 1048 1526 1108 his
1569 1049 1778 1110 verbis
1823 1069 1996 1111 enar-

212 1167 384 1209 rans:
451 1147 747 1227 Αἰσχίνης
817 1151 1086 1228 ἐμιμεῖτο
1155 1149 1272 1226 τὴν
1338 1151 1564 1212 ἑαυτοῦ
1620 1151 1856 1233 μητέρα
1909 1176 1994 1200 ..-

212 1257 536 1314 κοινωνῶν
587 1256 884 1320 τελετῶν,
936 1236 1032 1328 ἔφ’
1072 1247 1188 1316 ἀἷς
1242 1247 1360 1326 ἤδη
1403 1236 1600 1328 ’δίκην
1666 1250 1993 1334 εἰλήφεσαν

212 1350 382 1432 παρὰ
425 1356 556 1410 τῶν
597 1345 981 1418 τελούντων,
1025 1365 1175 1425 quas
1218 1346 1386 1408 idem
1430 1351 1505 1411 ού
1548 1354 1993 1432 νενομισμένας

208 1446 453 1518 τελετάς
494 1448 780 1506 nominat
820 1447 886 1503 in
931 1454 1170 1530 Συγκρ.
1213 1434 1273 1526 Ρ.
1324 1447 1503 1507 1000.
1558 1449 1838 1510 Alteram
1880 1470 1994 1512 ve-

209 1569 281 1610 ro
326 1548 697 1609 scholiastes
742 1546 1134 1623 Augustanus
1179 1546 1218 1604 l.
1265 1567 1312 1605 c.
1370 1550 1461 1629 ἐφ’
1510 1549 1599 1619 οἷς
1644 1551 1994 1634 φαρμάκοις

210 1650 316 1714 καὶ
383 1652 539 1728 ἄλλην
600 1648 784 1729 ἱέρεια
851 1647 1112 1725 τέθνηκε
1157 1684 1239 1690 -
1285 1649 1440 1732 λέγει
1501 1649 1570 1711 δὲ
1624 1651 1739 1730 τὴν
1794 1651 1994 1716 Νίνον

210 1752 572 1838 λεγομένην·
642 1745 1021 1833 κατηγόρησε
1090 1747 1160 1808 δὲ
1214 1746 1443 1827 ταύτης
1501 1757 1851 1832 Μενεκλῆς,
1909 1753 1994 1823 ὥς

210 1853 440 1935 φίλτρα
482 1846 773 1927 ποιούσης
814 1855 943 1917 τοῖς
986 1850 1161 1917 νέοις.
1221 1848 1280 1906 Is
1324 1849 1509 1925 igitur
1553 1853 1644 1932 ἐφ’
1688 1851 1780 1921 οἷς
1824 1870 1993 1912 acce..

207 1953 306 2033 pit
370 1969 486 2031 pro
556 1949 646 2011 δι’
721 1949 795 2020 ἅ,
872 1956 942 2005 ut
998 1956 1205 2006 autem
1263 1950 1630 2009 nominatim
1689 1950 1991 2035 φάρμακα

209 2052 560 2133 suppleret,
617 2048 877 2108 adduxit
934 2066 1073 2107 eum
1131 2049 1467 2108 consimilis
1524 2069 1706 2110 causa
1758 2053 1826 2111 in
1886 2052 1989 2111 Or.

211 2173 259 2212 c.
302 2151 570 2228 Aristog.
615 2151 662 2208 I.
706 2149 851 2209 793.
897 2151 987 2231 ἐφ’
1034 2150 1123 2218 οἷς
1167 2148 1340 2229 ὑμεῖς
1383 2150 1499 2228 τὴν
1540 2151 1780 2234 μιαρὰν
1817 2158 1991 2215 -Θεω-

211 2253 359 2338 ρι’δα
403 2248 476 2333 [¹¹]
536 2251 651 2330 τὴν
709 2249 1077 2332 φαρμακίδα
1132 2249 1523 2313 ἀπεκτείνατε
1536 2296 1557 2323 ,
1624 2258 1825 2313 ταῦτα
1881 2261 1990 2315 λοιὲ

210 2353 349 2435 βῶν
408 2353 488 2415 τὰ
533 2349 836 2434 φάρμακα
879 2351 986 2413 καὶ
1025 2349 1138 2419 τὰς
1177 2351 1426 2432 ’ἐπῳδὰς
1467 2346 1844 2437 μαγγανεύει
1885 2351 1991 2414 καὶ

211 2452 522 2536 φενακίζει
564 2452 669 2513 καὶ
710 2452 856 2520 τοὺς
900 2446 1261 2529 ἐπιλήπτους
1305 2451 1498 2532 φησὶν
1543 2456 1784 2515 ἰᾶσθαι.
1831 2451 1988 2515 'Sed

210 2652 403 2693 σθεῖσαν
441 2644 620 2703 ἀπῆγον
650 2646 712 2694 εἷς
739 2641 955 2688 θάνατον.
999 2644 1171 2686 Crimen
1199 2644 1414 2701 γυναικὸς
1443 2645 1734 2704 φαρμακίδος
1763 2647 1819 2688 ab
1848 2646 1986 2689 Areo-

210 2721 326 2765 pago
365 2706 591 2748 ‹lamnatae
632 2704 798 2746 Aelian.
839 2704 897 2745 H.
927 2703 1008 2745 An.
1038 2703 1092 2744 V.
1126 2703 1192 2744 18.
1223 2716 1306 2744 non
1337 2703 1540 2759 simplicis
1569 2703 1767 2747 veneficii
1796 2703 1903 2757 fuit,
1935 2709 1984 2747 ut

209 2773 358 2809 cetera
387 2763 584 2820 exempla
612 2763 867 2819 profanatae
895 2760 1116 2816 religionis
1146 2765 1191 2802 et
1219 2760 1437 2817 sacrilegii
1466 2762 1702 2804 ostendunt.
1763 2757 1846 2804 His
1875 2777 1985 2818 quae

212 2824 312 2868 olim
361 2823 547 2866 disserui
586 2821 632 2864 in
673 2821 832 2864 Comm.
864 2820 918 2862 de
948 2820 1011 2862 M.
1040 2820 1093 2862 B.
1125 2823 1170 2862 et
1201 2818 1335 2875 Myst.
1365 2821 1476 2877 priv.
1522 2821 1633 2863 adde
1662 2835 1773 2863 nunc
1803 2821 1986 2863 Meier

210 2883 318 2926 und
369 2882 694 2925 Schiimann
742 2877 996 2924 Attiscla.
1046 2876 1292 2920 Process
1342 2893 1384 2936 Ρ.
1425 2878 1524 2922 312.
1584 2879 1825 2923 Platner
1866 2878 1986 2923 Der

209 2941 463 2984 Procen
494 2939 613 2987 und
641 2938 732 2982 die
760 2937 998 2995 Klagen
1029 2937 1086 2979 Τ.
1114 2937 1174 2979 Π.
1210 2936 1303 2979 141.

329 3025 393 3085 [11]
438 3027 576 3071 codd.
625 3026 886 3085 Θεοδωρίδα
925 3025 1130 3068 exhibent
1168 3027 1216 3066 ut
1255 3028 1300 3067 et
1344 3024 1571 3082 Θεωρίδας
1611 3029 1656 3068 et
1700 3024 1984 3085 Θεοδωρίδας

208 3087 542 3132 confunduntur.
586 3101 628 3128 v.
658 3085 803 3129 Reisk.
833 3085 976 3128 Notit.
1006 3085 1148 3126 Poett.
1178 3084 1349 3126 Anthol.
1379 3099 1422 3141 p.
1452 3083 1552 3126 215.
1583 3083 1773 3127 Meinek.
1805 3084 1861 3127 ad
1889 3084 1982 3126 Eu-
2047 3115 2049 3118 v

212 3142 335 3203 phot.
387 3160 429 3202 p.
482 3145 552 3187 28.
606 3144 794 3187 Theoris
846 3143 1051 3200 Sicyonia
1095 3143 1321 3199 Sophoclis
1362 3148 1518 3200 poetae
1559 3143 1697 3185 amica
1740 3144 1981 3187 nominatur

213 3205 370 3247 Athen.
410 3203 538 3246 XIII.
583 3202 684 3249 592.
727 3203 779 3246 Β.
821 3203 941 3245 Suid.
979 3218 1013 3244 s.
1048 3199 1240 3259 Ἰοφῶν,
1280 3207 1324 3244 et
1368 3203 1492 3244 Auct.
1534 3201 1624 3247 Vit.
1665 3202 1799 3259 Soph.
1829 3217 1871 3259 p.
1901 3201 1979 3244 XI.

212 3263 402 3306 Brunck.
440 3261 715 3317 Hesychius:
766 3265 934 3322 Θεωρίς
975 3257 1131 3319 κύριον
1172 3256 1319 3319 ὄνομα
1350 3262 1426 3304 καὶ
1453 3257 1483 3312 ἡ
1511 3263 1740 3304 Σικυωνία
1769 3258 1819 3304 τὸ
1881 3263 1980 3308 ένος

213 3320 941 3424 ἐρωμέᾬὲζῖξίόοΠΣὲφοκλέους.
1013 3320 1178 3363 Nomen
1213 3316 1410 3379 Θεωριάς
1439 3324 1505 3362 est
1532 3319 1575 3362 in
1607 3320 1817 3364 Mul-ator.
1848 3276 1978 3362 ζ’ῑιεε.

212 3382 342 3424 Inscr.
552 3381 591 3421 V
642 3413 650 3421 .
713 3411 721 3421 .
