<?xml version="1.0" encoding="UTF-8"?>
<!DOCTYPE html PUBLIC "-//W3C//DTD XHTML 1.0 Transitional//EN"
    "http://www.w3.org/TR/xhtml1/DTD/xhtml1-transitional.dtd">
<html xmlns="http://www.w3.org/1999/xhtml" xml:lang="en" lang="en">
 <head>
  <title>
</title>
<meta http-equiv="Content-Type" content="text/html;charset=utf-8" />
  <meta name='ocr-system' content='tesseract 3.04.00' />
  <meta name='ocr-capabilities' content='ocr_page ocr_carea ocr_par ocr_line ocrx_word'/>
</head>
<body>
  <div class='ocr_page' id='page_1' title='image "./aglaophamussived01lobeuoft_0568.png"; bbox 0 0 2158 3848; ppageno 0'>
   <div class='ocr_carea' id='block_1_1' title="bbox 165 175 1415 238">
    <p class='ocr_par' dir='ltr' id='par_1_1' title="bbox 165 175 1415 238">
     <span class='ocr_line' id='line_1_1' title="bbox 165 175 1415 238; baseline -0.004 0"><span class='ocrx_word' id='word_1_1' title='bbox 165 175 292 238; x_wconf 85' lang='lat'><em>552</em></span> <span class='ocrx_word' id='word_1_2' title='bbox 703 188 943 236; x_wconf 69' lang='lat' dir='ltr'>Lmen</span> <span class='ocrx_word' id='word_1_3' title='bbox 985 188 1415 236; x_wconf 73' lang='lat' dir='ltr'>SECUNDUS.</span> 
     </span>
    </p>
   </div>
   <div class='ocr_carea' id='block_1_2' title="bbox 161 319 1954 483">
    <p class='ocr_par' dir='ltr' id='par_1_2' title="bbox 161 319 1954 483">
     <span class='ocr_line' id='line_1_2' title="bbox 161 319 1954 402; baseline -0.001 -22"><span class='ocrx_word' id='word_1_4' title='bbox 161 329 307 381; x_wconf 90' lang='lat' dir='ltr'>runt</span> <span class='ocrx_word' id='word_1_5' title='bbox 350 322 455 402; x_wconf 92' lang='lat' dir='ltr'><em>qui</em></span> <span class='ocrx_word' id='word_1_6' title='bbox 514 329 759 402; x_wconf 88' lang='lat' dir='ltr'>tempus</span> <span class='ocrx_word' id='word_1_7' title='bbox 804 338 1072 382; x_wconf 86' lang='lat' dir='ltr'>vacuum</span> <span class='ocrx_word' id='word_1_8' title='bbox 1117 319 1331 394; x_wconf 85' lang='lat' dir='ltr'>fallere</span> <span class='ocrx_word' id='word_1_9' title='bbox 1375 328 1674 401; x_wconf 89' lang='lat' dir='ltr'>quaerunt</span> <span class='ocrx_word' id='word_1_10' title='bbox 1690 363 1708 392; x_wconf 89' lang='lat'>‚</span> <span class='ocrx_word' id='word_1_11' title='bbox 1765 328 1954 380; x_wconf 89' lang='lat' dir='ltr'>tesse-</span> 
     </span>
     <span class='ocr_line' id='line_1_3' title="bbox 161 419 1104 483; baseline -0.003 -2"><span class='ocrx_word' id='word_1_12' title='bbox 161 423 248 482; x_wconf 90' lang='lat' dir='ltr'><em>ris</em></span> <span class='ocrx_word' id='word_1_13' title='bbox 293 430 500 483; x_wconf 88' lang='lat' dir='ltr'>autem</span> <span class='ocrx_word' id='word_1_14' title='bbox 543 419 757 481; x_wconf 87' lang='lat' dir='ltr'>ludere</span> <span class='ocrx_word' id='word_1_15' title='bbox 807 422 1104 480; x_wconf 89' lang='lat' dir='ltr'>nesciunt.</span> 
     </span>
    </p>
   </div>
   <div class='ocr_carea' id='block_1_3' title="bbox 940 615 1181 697">
    <p class='ocr_par' dir='ltr' id='par_1_3' title="bbox 940 615 1181 697">
     <span class='ocr_line' id='line_1_4' title="bbox 940 615 1181 697; baseline 0 -22"><span class='ocrx_word' id='word_1_16' title='bbox 940 615 994 697; x_wconf 57' lang='grc' dir='ltr'><em>ξ.</em></span> <span class='ocrx_word' id='word_1_17' title='bbox 1080 616 1181 676; x_wconf 86' lang='lat'><em>28.</em></span> 
     </span>
    </p>
   </div>
   <div class='ocr_carea' id='block_1_4' title="bbox 125 783 1963 3410">
    <p class='ocr_par' dir='ltr' id='par_1_4' title="bbox 166 783 1956 1070">
     <span class='ocr_line' id='line_1_5' title="bbox 332 783 1956 870; baseline 0 -22"><span class='ocrx_word' id='word_1_18' title='bbox 332 789 568 848; x_wconf 88' lang='lat' dir='ltr'>Vitiata</span> <span class='ocrx_word' id='word_1_19' title='bbox 611 806 650 847; x_wconf 93' lang='lat' dir='ltr'>a</span> <span class='ocrx_word' id='word_1_20' title='bbox 692 797 870 870; x_wconf 90' lang='lat' dir='ltr'>patre</span> <span class='ocrx_word' id='word_1_21' title='bbox 890 786 1262 866; x_wconf 84' lang='lat' dir='ltr'>Proserpina</span> <span class='ocrx_word' id='word_1_22' title='bbox 1287 783 1582 863; x_wconf 85' lang='lat' dir='ltr'>Zagreum</span> <span class='ocrx_word' id='word_1_23' title='bbox 1628 789 1820 848; x_wconf 82' lang='lat' dir='ltr'>enixa</span> <span class='ocrx_word' id='word_1_24' title='bbox 1862 797 1956 847; x_wconf 90' lang='lat' dir='ltr'><em>est</em></span> 
     </span>
     <span class='ocr_line' id='line_1_6' title="bbox 166 886 1956 969; baseline -0.002 -21"><span class='ocrx_word' id='word_1_25' title='bbox 166 889 435 948; x_wconf 89' lang='lat' dir='ltr'>filiorum</span> <span class='ocrx_word' id='word_1_26' title='bbox 479 886 657 950; x_wconf 90' lang='lat' dir='ltr'>Jovis</span> <span class='ocrx_word' id='word_1_27' title='bbox 701 887 1332 969; x_wconf 89' lang='lat' dir='ltr'>praestantissimum,</span> <span class='ocrx_word' id='word_1_28' title='bbox 1388 905 1695 966; x_wconf 85' lang='lat' dir='ltr'>regnoque</span> <span class='ocrx_word' id='word_1_29' title='bbox 1737 886 1956 947; x_wconf 90' lang='lat' dir='ltr'>mundi</span> 
     </span>
     <span class='ocr_line' id='line_1_7' title="bbox 169 988 567 1070; baseline 0.005 -23"><span class='ocrx_word' id='word_1_30' title='bbox 169 988 567 1070; x_wconf 88' lang='lat' dir='ltr'>destinatum.</span> 
     </span>
    </p>

    <p class='ocr_par' dir='ltr' id='par_1_5' title="bbox 303 1106 1720 1184">
     <span class='ocr_line' id='line_1_8' title="bbox 303 1106 1720 1184; baseline -0.001 -20"><span class='ocrx_word' id='word_1_31' title='bbox 303 1112 515 1184; x_wconf 55' lang='grc' dir='ltr'><em>,Ζαγρέα</em></span> <span class='ocrx_word' id='word_1_32' title='bbox 549 1111 813 1183; x_wconf 75' lang='grc' dir='ltr'><em>γειναμένη</em></span> <span class='ocrx_word' id='word_1_33' title='bbox 847 1106 1019 1181; x_wconf 86' lang='grc' dir='ltr'><em>κερόεν</em></span> <span class='ocrx_word' id='word_1_34' title='bbox 1052 1107 1274 1180; x_wconf 78' lang='grc' dir='ltr'><em>βρέφος,</em></span> <span class='ocrx_word' id='word_1_35' title='bbox 1314 1107 1372 1172; x_wconf 77' lang='grc' dir='ltr'><em>ὃς</em></span> <span class='ocrx_word' id='word_1_36' title='bbox 1403 1106 1535 1172; x_wconf 80' lang='grc' dir='ltr'><em>Διὸς</em></span> <span class='ocrx_word' id='word_1_37' title='bbox 1568 1108 1720 1181; x_wconf 69' lang='grc' dir='ltr'><em>ἕδρης</em></span> 
     </span>
    </p>

    <p class='ocr_par' dir='ltr' id='par_1_6' title="bbox 125 1192 1960 1876">
     <span class='ocr_line' id='line_1_9' title="bbox 303 1192 1590 1266; baseline -0.002 -17"><span class='ocrx_word' id='word_1_38' title='bbox 303 1202 495 1265; x_wconf 78' lang='grc' dir='ltr'><em>μοῦνος</em></span> <span class='ocrx_word' id='word_1_39' title='bbox 529 1198 835 1266; x_wconf 74' lang='grc' dir='ltr'><em>ἐπουρανιής</em></span> <span class='ocrx_word' id='word_1_40' title='bbox 867 1192 1184 1264; x_wconf 75' lang='grc' dir='ltr'><strong><em>ἐπεβήσατο,</em></strong></span> <span class='ocrx_word' id='word_1_41' title='bbox 1214 1195 1355 1265; x_wconf 83' lang='grc' dir='ltr'><em>χειρί</em></span> <span class='ocrx_word' id='word_1_42' title='bbox 1381 1215 1433 1248; x_wconf 91' lang='grc' dir='ltr'><em>τε</em></span> <span class='ocrx_word' id='word_1_43' title='bbox 1464 1198 1590 1266; x_wconf 84' lang='grc' dir='ltr'><em>βαιῇ</em></span> 
     </span>
     <span class='ocr_line' id='line_1_10' title="bbox 132 1281 1663 1362; baseline -0.002 -26"><span class='ocrx_word' id='word_1_44' title='bbox 132 1359 133 1362; x_wconf 8' lang='lat'>¹</span> <span class='ocrx_word' id='word_1_45' title='bbox 305 1281 594 1354; x_wconf 79' lang='grc' dir='ltr'><em>ἀστεροπὴν</em></span> <span class='ocrx_word' id='word_1_46' title='bbox 629 1282 824 1348; x_wconf 73' lang='grc' dir='ltr'><em>ἐλέλιξε.</em></span> <span class='ocrx_word' id='word_1_47' title='bbox 1657 1356 1663 1362; x_wconf 80' lang='lat'><strong>.</strong></span> 
     </span>
     <span class='ocr_line' id='line_1_11' title="bbox 125 1389 1957 1474; baseline -0.003 -18"><span class='ocrx_word' id='word_1_48' title='bbox 125 1395 422 1467; x_wconf 16' lang='lat' dir='ltr'>*Nonnus</span> <span class='ocrx_word' id='word_1_49' title='bbox 489 1397 580 1455; x_wconf 92' lang='lat' dir='ltr'><em>ait</em></span> <span class='ocrx_word' id='word_1_50' title='bbox 637 1394 740 1454; x_wconf 88' lang='lat' dir='ltr'><em>VI.</em></span> <span class='ocrx_word' id='word_1_51' title='bbox 800 1394 945 1456; x_wconf 86' lang='lat'><strong>264.</strong></span> <span class='ocrx_word' id='word_1_52' title='bbox 1006 1410 1218 1474; x_wconf 82' lang='lat' dir='ltr'><strong>presse</strong></span> <span class='ocrx_word' id='word_1_53' title='bbox 1278 1410 1539 1472; x_wconf 90' lang='lat' dir='ltr'>sequens</span> <span class='ocrx_word' id='word_1_54' title='bbox 1598 1389 1818 1452; x_wconf 89' lang='lat' dir='ltr'>ductus</span> <span class='ocrx_word' id='word_1_55' title='bbox 1879 1390 1957 1451; x_wconf 88' lang='lat' dir='ltr'><em>ab</em></span> 
     </span>
     <span class='ocr_line' id='line_1_12' title="bbox 171 1491 1959 1576; baseline -0.003 -21"><span class='ocrx_word' id='word_1_56' title='bbox 171 1495 422 1575; x_wconf 91' lang='lat' dir='ltr'>Orpheo</span> <span class='ocrx_word' id='word_1_57' title='bbox 466 1497 897 1576; x_wconf 86' lang='lat' dir='ltr'>praescriptos.</span> <span class='ocrx_word' id='word_1_58' title='bbox 984 1493 1198 1572; x_wconf 84' lang='lat' dir='ltr'>Neque</span> <span class='ocrx_word' id='word_1_59' title='bbox 1252 1491 1371 1551; x_wconf 87' lang='lat' dir='ltr'><em>hoe</em></span> <span class='ocrx_word' id='word_1_60' title='bbox 1423 1493 1663 1570; x_wconf 82' lang='lat' dir='ltr'>insigne</span> <span class='ocrx_word' id='word_1_61' title='bbox 1717 1492 1959 1571; x_wconf 91' lang='lat' dir='ltr'>paterni</span> 
     </span>
     <span class='ocr_line' id='line_1_13' title="bbox 166 1590 1960 1671; baseline -0.003 -15"><span class='ocrx_word' id='word_1_62' title='bbox 166 1596 403 1658; x_wconf 87' lang='lat' dir='ltr'>favoris</span> <span class='ocrx_word' id='word_1_63' title='bbox 449 1595 887 1656; x_wconf 85' lang='lat' dir='ltr'><strong>documentum</strong></span> <span class='ocrx_word' id='word_1_64' title='bbox 930 1593 1235 1653; x_wconf 86' lang='lat' dir='ltr'>indictum</span> <span class='ocrx_word' id='word_1_65' title='bbox 1278 1591 1718 1671; x_wconf 84' lang='lat' dir='ltr'>praetermittit</span> <span class='ocrx_word' id='word_1_66' title='bbox 1748 1590 1960 1651; x_wconf 80' lang='lat' dir='ltr'>Seme-</span> 
     </span>
     <span class='ocr_line' id='line_1_14' title="bbox 165 1692 1960 1774; baseline -0.003 -19"><span class='ocrx_word' id='word_1_67' title='bbox 165 1697 265 1756; x_wconf 90' lang='lat' dir='ltr'><em>lae</em></span> <span class='ocrx_word' id='word_1_68' title='bbox 308 1698 504 1773; x_wconf 85' lang='lat' dir='ltr'>filius,</span> <span class='ocrx_word' id='word_1_69' title='bbox 563 1695 712 1758; x_wconf 84' lang='lat' dir='ltr'>Jovi</span> <span class='ocrx_word' id='word_1_70' title='bbox 754 1698 1125 1768; x_wconf 89' lang='lat' dir='ltr'>immensos,</span> <span class='ocrx_word' id='word_1_71' title='bbox 1186 1693 1407 1774; x_wconf 90' lang='lat' dir='ltr'>quibus</span> <span class='ocrx_word' id='word_1_72' title='bbox 1450 1692 1708 1752; x_wconf 88' lang='lat' dir='ltr'>fratrem</span> <span class='ocrx_word' id='word_1_73' title='bbox 1752 1710 1960 1752; x_wconf 86' lang='lat' dir='ltr'><strong>cumu-</strong></span> 
     </span>
     <span class='ocr_line' id='line_1_15' title="bbox 165 1792 1645 1876; baseline -0.002 -21"><span class='ocrx_word' id='word_1_74' title='bbox 165 1798 385 1873; x_wconf 84' lang='lat' dir='ltr'>lasset,</span> <span class='ocrx_word' id='word_1_75' title='bbox 427 1799 694 1858; x_wconf 89' lang='lat' dir='ltr'>honores</span> <span class='ocrx_word' id='word_1_76' title='bbox 738 1797 913 1857; x_wconf 87' lang='lat' dir='ltr'>velut</span> <span class='ocrx_word' id='word_1_77' title='bbox 955 1795 1333 1876; x_wconf 87' lang='lat' dir='ltr'>exprobrans</span> <span class='ocrx_word' id='word_1_78' title='bbox 1378 1792 1456 1854; x_wconf 89' lang='lat' dir='ltr'><em>X.</em></span> <span class='ocrx_word' id='word_1_79' title='bbox 1500 1792 1645 1854; x_wconf 86' lang='lat'><strong>297.</strong></span> 
     </span>
    </p>

    <p class='ocr_par' dir='ltr' id='par_1_7' title="bbox 304 1913 1570 1993">
     <span class='ocr_line' id='line_1_16' title="bbox 304 1913 1570 1993; baseline -0.005 -20"><span class='ocrx_word' id='word_1_80' title='bbox 304 1918 562 1993; x_wconf 77' lang='grc' dir='ltr'><em>Νηπιάχῳ</em></span> <span class='ocrx_word' id='word_1_81' title='bbox 592 1919 688 1988; x_wconf 76' lang='grc' dir='ltr'><em>μὲν</em></span> <span class='ocrx_word' id='word_1_82' title='bbox 719 1918 877 1972; x_wconf 64' lang='grc' dir='ltr'><em>ἔειπεν</em></span> <span class='ocrx_word' id='word_1_83' title='bbox 910 1918 1006 1988; x_wconf 70' lang='grc' dir='ltr'><em>ε’μὴ</em></span> <span class='ocrx_word' id='word_1_84' title='bbox 1042 1917 1239 1990; x_wconf 84' lang='grc' dir='ltr'><em>τροφὸς</em></span> <span class='ocrx_word' id='word_1_85' title='bbox 1270 1916 1412 1978; x_wconf 81' lang='grc' dir='ltr'><em>εῗςέτι</em></span> <span class='ocrx_word' id='word_1_86' title='bbox 1438 1913 1570 1985; x_wconf 88' lang='grc' dir='ltr'><em>Ῥειή</em></span> 
     </span>
    </p>

    <p class='ocr_par' dir='ltr' id='par_1_8' title="bbox 308 2000 1666 2077">
     <span class='ocr_line' id='line_1_17' title="bbox 308 2000 1666 2077; baseline -0.003 -20"><span class='ocrx_word' id='word_1_87' title='bbox 308 2002 380 2068; x_wconf 81' lang='grc' dir='ltr'><em>ὥς</em></span> <span class='ocrx_word' id='word_1_88' title='bbox 412 2004 666 2077; x_wconf 83' lang='grc' dir='ltr'><em>στεροπὴν</em></span> <span class='ocrx_word' id='word_1_89' title='bbox 698 2008 899 2076; x_wconf 80' lang='grc' dir='ltr'><em>Ζαγρῆι</em></span> <span class='ocrx_word' id='word_1_90' title='bbox 932 2002 1101 2075; x_wconf 84' lang='grc' dir='ltr'><em>πόρες,</em></span> <span class='ocrx_word' id='word_1_91' title='bbox 1140 2003 1372 2075; x_wconf 76' lang='grc' dir='ltr'><em>προτέρῳ</em></span> <span class='ocrx_word' id='word_1_92' title='bbox 1405 2000 1666 2075; x_wconf 76' lang='grc' dir='ltr'><em>Διονύσῳ,</em></span> 
     </span>
    </p>

    <p class='ocr_par' dir='ltr' id='par_1_9' title="bbox 306 2085 1712 2162">
     <span class='ocr_line' id='line_1_18' title="bbox 306 2085 1712 2162; baseline -0.003 -19"><span class='ocrx_word' id='word_1_93' title='bbox 306 2092 391 2143; x_wconf 83' lang='grc' dir='ltr'><em>καὶ</em></span> <span class='ocrx_word' id='word_1_94' title='bbox 425 2094 648 2162; x_wconf 77' lang='grc' dir='ltr'><em>βροντῆς</em></span> <span class='ocrx_word' id='word_1_95' title='bbox 682 2087 947 2158; x_wconf 81' lang='grc' dir='ltr'><em>κελάδημα</em></span> <span class='ocrx_word' id='word_1_96' title='bbox 982 2091 1067 2142; x_wconf 80' lang='grc' dir='ltr'><em>καὶ</em></span> <span class='ocrx_word' id='word_1_97' title='bbox 1102 2088 1273 2160; x_wconf 75' lang='grc' dir='ltr'><em>ἠερίου</em></span> <span class='ocrx_word' id='word_1_98' title='bbox 1303 2085 1456 2155; x_wconf 73' lang='grc' dir='ltr'><em>χύσιν</em></span> <span class='ocrx_word' id='word_1_99' title='bbox 1492 2085 1712 2158; x_wconf 70' lang='grc' dir='ltr'><em>ὄμβρου,</em></span> 
     </span>
    </p>

    <p class='ocr_par' dir='ltr' id='par_1_10' title="bbox 163 2169 1963 2952">
     <span class='ocr_line' id='line_1_19' title="bbox 307 2169 1702 2245; baseline -0.002 -16"><span class='ocrx_word' id='word_1_100' title='bbox 307 2178 392 2229; x_wconf 85' lang='grc' dir='ltr'><em>καὶ</em></span> <span class='ocrx_word' id='word_1_101' title='bbox 426 2176 542 2228; x_wconf 88' lang='grc' dir='ltr'><em>πέλε</em></span> <span class='ocrx_word' id='word_1_102' title='bbox 578 2171 812 2245; x_wconf 77' lang='grc' dir='ltr'><em>δεύτερος</em></span> <span class='ocrx_word' id='word_1_103' title='bbox 845 2172 1000 2237; x_wconf 69' lang='grc' dir='ltr'><em>ἄλλος</em></span> <span class='ocrx_word' id='word_1_104' title='bbox 1031 2174 1102 2227; x_wconf 70' lang='grc' dir='ltr'><em>ἔτι</em></span> <span class='ocrx_word' id='word_1_105' title='bbox 1132 2175 1329 2245; x_wconf 78' lang='grc' dir='ltr'><em>βρέφος</em></span> <span class='ocrx_word' id='word_1_106' title='bbox 1358 2169 1523 2235; x_wconf 64' lang='grc' dir='ltr'><em>ὑέτιος</em></span> <span class='ocrx_word' id='word_1_107' title='bbox 1554 2170 1702 2239; x_wconf 77' lang='grc' dir='ltr'><em>Ζεύς.</em></span> 
     </span>
     <span class='ocr_line' id='line_1_20' title="bbox 175 2284 1961 2366; baseline -0.003 -17"><span class='ocrx_word' id='word_1_108' title='bbox 175 2299 237 2348; x_wconf 94' lang='lat' dir='ltr'><em>et</em></span> <span class='ocrx_word' id='word_1_109' title='bbox 279 2288 509 2349; x_wconf 90' lang='lat' dir='ltr'>similia</span> <span class='ocrx_word' id='word_1_110' title='bbox 551 2287 622 2348; x_wconf 90' lang='lat' dir='ltr'><em>L.</em></span> <span class='ocrx_word' id='word_1_111' title='bbox 665 2285 963 2347; x_wconf 91' lang='lat' dir='ltr'><strong>XXXIX.</strong></span> <span class='ocrx_word' id='word_1_112' title='bbox 1006 2287 1110 2346; x_wconf 86' lang='lat'><em>72.</em></span> <span class='ocrx_word' id='word_1_113' title='bbox 1156 2304 1315 2366; x_wconf 91' lang='lat' dir='ltr'>quae</span> <span class='ocrx_word' id='word_1_114' title='bbox 1359 2294 1576 2345; x_wconf 89' lang='lat' dir='ltr'>cuncta</span> <span class='ocrx_word' id='word_1_115' title='bbox 1619 2303 1703 2345; x_wconf 84' lang='lat' dir='ltr'><em>ex</em></span> <span class='ocrx_word' id='word_1_116' title='bbox 1729 2284 1961 2366; x_wconf 82' lang='lat' dir='ltr'>Orphei</span> 
     </span>
     <span class='ocr_line' id='line_1_21' title="bbox 173 2384 1963 2468; baseline -0.001 -20"><span class='ocrx_word' id='word_1_117' title='bbox 173 2389 530 2467; x_wconf 87' lang='lat' dir='ltr'>Theogonia</span> <span class='ocrx_word' id='word_1_118' title='bbox 587 2387 870 2448; x_wconf 89' lang='lat' dir='ltr'>derivata</span> <span class='ocrx_word' id='word_1_119' title='bbox 925 2404 1059 2447; x_wconf 91' lang='lat' dir='ltr'>esse</span> <span class='ocrx_word' id='word_1_120' title='bbox 1116 2395 1379 2466; x_wconf 87' lang='lat' dir='ltr'>arguunt</span> <span class='ocrx_word' id='word_1_121' title='bbox 1421 2384 1613 2447; x_wconf 90' lang='lat' dir='ltr'>verba</span> <span class='ocrx_word' id='word_1_122' title='bbox 1655 2395 1880 2468; x_wconf 91' lang='lat' dir='ltr'>poetae</span> <span class='ocrx_word' id='word_1_123' title='bbox 1924 2405 1963 2446; x_wconf 93' lang='lat' dir='ltr'>a</span> 
     </span>
     <span class='ocr_line' id='line_1_22' title="bbox 171 2483 1959 2567; baseline -0.003 -19"><span class='ocrx_word' id='word_1_124' title='bbox 171 2489 448 2548; x_wconf 91' lang='lat' dir='ltr'>Platonis</span> <span class='ocrx_word' id='word_1_125' title='bbox 491 2485 930 2567; x_wconf 90' lang='lat' dir='ltr'>interpretibus</span> <span class='ocrx_word' id='word_1_126' title='bbox 976 2489 1281 2567; x_wconf 89' lang='lat' dir='ltr'>apposita.</span> <span class='ocrx_word' id='word_1_127' title='bbox 1368 2486 1660 2546; x_wconf 89' lang='lat' dir='ltr'>Proculus</span> <span class='ocrx_word' id='word_1_128' title='bbox 1704 2488 1770 2545; x_wconf 91' lang='lat' dir='ltr'><em>in</em></span> <span class='ocrx_word' id='word_1_129' title='bbox 1797 2483 1959 2546; x_wconf 87' lang='lat' dir='ltr'>Crat.</span> 
     </span>
     <span class='ocr_line' id='line_1_23' title="bbox 163 2584 1947 2669; baseline 0 -21"><span class='ocrx_word' id='word_1_130' title='bbox 163 2609 233 2669; x_wconf 63' lang='lat' dir='ltr'><em>&gt;p.</em></span> <span class='ocrx_word' id='word_1_131' title='bbox 278 2585 379 2648; x_wconf 84' lang='lat'><em>59.</em></span> <span class='ocrx_word' id='word_1_132' title='bbox 436 2586 515 2647; x_wconf 89' lang='lat' dir='ltr'><em>de</em></span> <span class='ocrx_word' id='word_1_133' title='bbox 556 2587 843 2664; x_wconf 89' lang='lat' dir='ltr'>Dionyso</span> <span class='ocrx_word' id='word_1_134' title='bbox 900 2587 1188 2665; x_wconf 88' lang='lat' dir='ltr'>loquens:</span> <span class='ocrx_word' id='word_1_135' title='bbox 1247 2587 1280 2648; x_wconf 83' lang='grc' dir='ltr'><em>ὃ</em></span> <span class='ocrx_word' id='word_1_136' title='bbox 1326 2586 1528 2668; x_wconf 85' lang='grc' dir='ltr'><em>πατὴρ</em></span> <span class='ocrx_word' id='word_1_137' title='bbox 1573 2584 1772 2669; x_wconf 84' lang='grc' dir='ltr'><em>ἱδρύει</em></span> <span class='ocrx_word' id='word_1_138' title='bbox 1831 2588 1947 2648; x_wconf 81' lang='grc' dir='ltr'><em>αὕ-</em></span> 
     </span>
     <span class='ocr_line' id='line_1_24' title="bbox 172 2683 1960 2773; baseline -0.002 -21"><span class='ocrx_word' id='word_1_139' title='bbox 172 2690 286 2754; x_wconf 89' lang='grc' dir='ltr'><em>τὸν</em></span> <span class='ocrx_word' id='word_1_140' title='bbox 333 2686 414 2753; x_wconf 52' lang='grc' dir='ltr'><em>’ἐν</em></span> <span class='ocrx_word' id='word_1_141' title='bbox 454 2696 546 2773; x_wconf 82' lang='grc' dir='ltr'><em>τῷ</em></span> <span class='ocrx_word' id='word_1_142' title='bbox 587 2685 884 2771; x_wconf 82' lang='grc' dir='ltr'><em>βασιλείῳ</em></span> <span class='ocrx_word' id='word_1_143' title='bbox 924 2683 1148 2768; x_wconf 75' lang='grc' dir='ltr'><em>θρόνῳ</em></span> <span class='ocrx_word' id='word_1_144' title='bbox 1190 2685 1296 2747; x_wconf 81' lang='grc' dir='ltr'><em>καὶ</em></span> <span class='ocrx_word' id='word_1_145' title='bbox 1339 2685 1652 2770; x_wconf 77' lang='grc' dir='ltr'><em>ἐγχειρίζει</em></span> <span class='ocrx_word' id='word_1_146' title='bbox 1692 2685 1764 2747; x_wconf 82' lang='grc' dir='ltr'><em>τὸ</em></span> <span class='ocrx_word' id='word_1_147' title='bbox 1812 2693 1960 2765; x_wconf 83' lang='grc' dir='ltr'><em>σκῆ-</em></span> 
     </span>
     <span class='ocr_line' id='line_1_25' title="bbox 172 2783 1958 2872; baseline -0.002 -20"><span class='ocrx_word' id='word_1_148' title='bbox 172 2813 371 2872; x_wconf 87' lang='grc' dir='ltr'><em>πτρον</em></span> <span class='ocrx_word' id='word_1_149' title='bbox 413 2788 519 2852; x_wconf 79' lang='grc' dir='ltr'><em>καὶ</em></span> <span class='ocrx_word' id='word_1_150' title='bbox 558 2787 819 2870; x_wconf 81' lang='grc' dir='ltr'><em>βασιλέα</em></span> <span class='ocrx_word' id='word_1_151' title='bbox 870 2791 1034 2850; x_wconf 84' lang='grc' dir='ltr'><em>ποιεῖ</em></span> <span class='ocrx_word' id='word_1_152' title='bbox 1086 2793 1218 2849; x_wconf 81' lang='grc' dir='ltr'><em>τῶν</em></span> <span class='ocrx_word' id='word_1_153' title='bbox 1266 2783 1612 2870; x_wconf 76' lang='grc' dir='ltr'><em>ε’γκοσμίων</em></span> <span class='ocrx_word' id='word_1_154' title='bbox 1657 2783 1958 2850; x_wconf 75' lang='grc' dir='ltr'><em>ἁπάντων</em></span> 
     </span>
     <span class='ocr_line' id='line_1_26' title="bbox 174 2893 350 2952; baseline 0.006 -1"><span class='ocrx_word' id='word_1_155' title='bbox 174 2893 350 2952; x_wconf 77' lang='grc' dir='ltr'><em>θεῶν</em></span> 
     </span>
    </p>

    <p class='ocr_par' dir='ltr' id='par_1_11' title="bbox 176 3007 1954 3410">
     <span class='ocr_line' id='line_1_27' title="bbox 316 3007 1626 3078; baseline -0.006 -12"><span class='ocrx_word' id='word_1_156' title='bbox 316 3016 483 3067; x_wconf 74' lang='grc' dir='ltr'><em>Κλῢτε</em></span> <span class='ocrx_word' id='word_1_157' title='bbox 516 3012 661 3076; x_wconf 77' lang='grc' dir='ltr'><em>θεοὶ,</em></span> <span class='ocrx_word' id='word_1_158' title='bbox 698 3007 837 3063; x_wconf 75' lang='grc' dir='ltr'><em>τόνδ’</em></span> <span class='ocrx_word' id='word_1_159' title='bbox 868 3008 1026 3077; x_wconf 63' lang='grc' dir='ltr'><em>’ὔμμιν</em></span> <span class='ocrx_word' id='word_1_160' title='bbox 1060 3007 1157 3078; x_wconf 72' lang='grc' dir='ltr'><em>ἐγὼ</em></span> <span class='ocrx_word' id='word_1_161' title='bbox 1186 3013 1412 3077; x_wconf 79' lang='grc' dir='ltr'><em>βασιλῆα</em></span> <span class='ocrx_word' id='word_1_162' title='bbox 1442 3009 1626 3076; x_wconf 72' lang='grc' dir='ltr'><em>τίθημι</em></span> 
     </span>
     <span class='ocr_line' id='line_1_28' title="bbox 178 3109 1954 3214; baseline -0.007 -24"><span class='ocrx_word' id='word_1_163' title='bbox 178 3129 333 3214; x_wconf 76' lang='grc' dir='ltr'><em>λέγει</em></span> <span class='ocrx_word' id='word_1_164' title='bbox 377 3126 531 3210; x_wconf 82' lang='grc' dir='ltr'><em>πρὸς</em></span> <span class='ocrx_word' id='word_1_165' title='bbox 571 3124 718 3194; x_wconf 79' lang='grc' dir='ltr'><em>τοὺς</em></span> <span class='ocrx_word' id='word_1_166' title='bbox 760 3123 937 3192; x_wconf 80' lang='grc' dir='ltr'><em>νέους</em></span> <span class='ocrx_word' id='word_1_167' title='bbox 978 3120 1169 3191; x_wconf 74' lang='grc' dir='ltr'><em>θεοὺς</em></span> <span class='ocrx_word' id='word_1_168' title='bbox 1212 3121 1245 3184; x_wconf 81' lang='grc' dir='ltr'><em>ὃ</em></span> <span class='ocrx_word' id='word_1_169' title='bbox 1292 3119 1467 3191; x_wconf 84' lang='grc' dir='ltr'><em>Ζεύς.</em></span> <span class='ocrx_word' id='word_1_170' title='bbox 1512 3118 1684 3179; x_wconf 87' lang='lat' dir='ltr'>Idem</span> <span class='ocrx_word' id='word_1_171' title='bbox 1710 3109 1782 3178; x_wconf 88' lang='lat' dir='ltr'><em>V.</em></span> <span class='ocrx_word' id='word_1_172' title='bbox 1811 3117 1954 3179; x_wconf 86' lang='grc'><strong>334.</strong></span> 
     </span>
     <span class='ocr_line' id='line_1_29' title="bbox 176 3219 1953 3309; baseline -0.005 -18"><span class='ocrx_word' id='word_1_173' title='bbox 176 3230 209 3291; x_wconf 80' lang='grc' dir='ltr'><em>ὃ</em></span> <span class='ocrx_word' id='word_1_174' title='bbox 239 3227 397 3297; x_wconf 80' lang='grc' dir='ltr'><em>Ζεὺς</em></span> <span class='ocrx_word' id='word_1_175' title='bbox 435 3226 694 3308; x_wconf 83' lang='grc' dir='ltr'><em>βασιλέα</em></span> <span class='ocrx_word' id='word_1_176' title='bbox 734 3223 991 3309; x_wconf 63' lang='grc' dir='ltr'><em>τζθησιν</em></span> <span class='ocrx_word' id='word_1_177' title='bbox 1035 3222 1232 3286; x_wconf 78' lang='grc' dir='ltr'><em>αὐτὸν</em></span> <span class='ocrx_word' id='word_1_178' title='bbox 1277 3219 1577 3285; x_wconf 75' lang='grc' dir='ltr'><em>ἁπάντων</em></span> <span class='ocrx_word' id='word_1_179' title='bbox 1606 3227 1736 3283; x_wconf 80' lang='grc' dir='ltr'><em>τῶν</em></span> <span class='ocrx_word' id='word_1_180' title='bbox 1780 3222 1953 3304; x_wconf 78' lang='grc' dir='ltr'><em>ἐγκο-</em></span> 
     </span>
     <span class='ocr_line' id='line_1_30' title="bbox 178 3317 1786 3410; baseline -0.006 -19"><span class='ocrx_word' id='word_1_181' title='bbox 178 3327 381 3410; x_wconf 84' lang='grc' dir='ltr'><em>σμίων</em></span> <span class='ocrx_word' id='word_1_182' title='bbox 424 3330 598 3390; x_wconf 74' lang='grc' dir='ltr'><em>θεῶν</em></span> <span class='ocrx_word' id='word_1_183' title='bbox 640 3325 746 3388; x_wconf 77' lang='grc' dir='ltr'><em>καὶ</em></span> <span class='ocrx_word' id='word_1_184' title='bbox 786 3321 1136 3408; x_wconf 82' lang='grc' dir='ltr'><em>πρωτίστας</em></span> <span class='ocrx_word' id='word_1_185' title='bbox 1181 3324 1353 3407; x_wconf 80' lang='grc' dir='ltr'><em>αὐτῷ</em></span> <span class='ocrx_word' id='word_1_186' title='bbox 1395 3321 1560 3404; x_wconf 80' lang='grc' dir='ltr'><em>νέμει</em></span> <span class='ocrx_word' id='word_1_187' title='bbox 1603 3317 1786 3403; x_wconf 80' lang='grc' dir='ltr'><em>τιμάς</em></span> 
     </span>
    </p>
   </div>
   <div class='ocr_carea' id='block_1_5' title="bbox 2108 6 2118 75">
    <p class='ocr_par' dir='ltr' id='par_1_12' title="bbox 2108 6 2118 75">
     <span class='ocr_line' id='line_1_31' title="bbox 2108 6 2118 75; baseline 0 -23"><span class='ocrx_word' id='word_1_188' title='bbox 2108 6 2118 75; x_wconf 48' lang='grc' dir='ltr'><em>ἴ1</em></span> 
     </span>
    </p>
   </div>
   <div class='ocr_carea' id='block_1_6' title="bbox 2100 84 2107 138">
    <p class='ocr_par' dir='ltr' id='par_1_13' title="bbox 2100 84 2107 138">
     <span class='ocr_line' id='line_1_32' title="bbox 2100 84 2107 138; baseline 0 -43"><span class='ocrx_word' id='word_1_189' title='bbox 2100 84 2107 138; x_wconf 41' lang='lat'><em>4.</em></span> 
     </span>
    </p>
   </div>
   <div class='ocr_carea' id='block_1_7' title="bbox 2148 565 2158 752">
    <p class='ocr_par' dir='ltr' id='par_1_14' title="bbox 2148 565 2158 752">
     <span class='ocr_line' id='line_1_33' title="bbox 2148 565 2158 752; baseline 0 0"><span class='ocrx_word' id='word_1_190' title='bbox 2148 565 2158 752; x_wconf 66' lang='grc' dir='ltr'>ἓ</span> 
     </span>
    </p>
   </div>
  </div>
 </body>
</html>
