<?xml version="1.0" encoding="UTF-8"?>
<!DOCTYPE html PUBLIC "-//W3C//DTD XHTML 1.0 Transitional//EN"
    "http://www.w3.org/TR/xhtml1/DTD/xhtml1-transitional.dtd">
<html xmlns="http://www.w3.org/1999/xhtml" xml:lang="en" lang="en">
 <head>
  <title>
</title>
<meta http-equiv="Content-Type" content="text/html;charset=utf-8" />
  <meta name='ocr-system' content='tesseract 3.04.00' />
  <meta name='ocr-capabilities' content='ocr_page ocr_carea ocr_par ocr_line ocrx_word'/>
</head>
<body>
  <div class='ocr_page' id='page_1' title='image "./aglaophamussived01lobeuoft_0146.png"; bbox 0 0 2158 3848; ppageno 0'>
   <div class='ocr_carea' id='block_1_1' title="bbox 235 174 1405 238">
    <p class='ocr_par' dir='ltr' id='par_1_1' title="bbox 235 174 1405 238">
     <span class='ocr_line' id='line_1_1' title="bbox 235 174 1405 238; baseline -0.011 0"><span class='ocrx_word' id='word_1_1' title='bbox 235 174 356 238; x_wconf 76' lang='lat'>130</span> <span class='ocrx_word' id='word_1_2' title='bbox 821 184 1057 228; x_wconf 79' lang='lat' dir='ltr'>LIBER</span> <span class='ocrx_word' id='word_1_3' title='bbox 1101 183 1405 230; x_wconf 79' lang='lat' dir='ltr'><strong>PRIMUS.</strong></span> 
     </span>
    </p>
   </div>
   <div class='ocr_carea' id='block_1_2' title="bbox 221 309 2037 1686">
    <p class='ocr_par' dir='ltr' id='par_1_2' title="bbox 221 309 2037 1192">
     <span class='ocr_line' id='line_1_2' title="bbox 234 309 2013 402; baseline -0.005 -21"><span class='ocrx_word' id='word_1_4' title='bbox 234 316 591 402; x_wconf 77' lang='grc' dir='ltr'><em>μυστηρίων</em></span> <span class='ocrx_word' id='word_1_5' title='bbox 662 324 768 397; x_wconf 82' lang='grc' dir='ltr'><strong><em>τῆς</em></strong></span> <span class='ocrx_word' id='word_1_6' title='bbox 837 316 1140 387; x_wconf 83' lang='grc' dir='ltr'><strong><em>πολιτείας</em></strong></span> <span class='ocrx_word' id='word_1_7' title='bbox 1194 313 1496 376; x_wconf 84' lang='lat' dir='ltr'>Plutarch.</span> <span class='ocrx_word' id='word_1_8' title='bbox 1554 311 1624 371; x_wconf 90' lang='lat' dir='ltr'>V.</span> <span class='ocrx_word' id='word_1_9' title='bbox 1681 309 1879 373; x_wconf 82' lang='lat' dir='ltr'>Flam.</span> <span class='ocrx_word' id='word_1_10' title='bbox 1940 315 2013 373; x_wconf 90' lang='grc' dir='ltr'><strong>Π.</strong></span> 
     </span>
     <span class='ocr_line' id='line_1_3' title="bbox 235 412 2016 502; baseline -0.003 -23"><span class='ocrx_word' id='word_1_11' title='bbox 235 419 377 479; x_wconf 83' lang='grc'><strong>469.</strong></span> <span class='ocrx_word' id='word_1_12' title='bbox 424 415 491 477; x_wconf 88' lang='grc' dir='ltr'>Τ.</span> <span class='ocrx_word' id='word_1_13' title='bbox 524 416 688 496; x_wconf 77' lang='lat'><strong>11.[¹²]</strong></span> <span class='ocrx_word' id='word_1_14' title='bbox 742 418 832 479; x_wconf 79' lang='grc' dir='ltr'>Τὰ</span> <span class='ocrx_word' id='word_1_15' title='bbox 873 425 980 497; x_wconf 79' lang='grc' dir='ltr'><strong><em>τῆς</em></strong></span> <span class='ocrx_word' id='word_1_16' title='bbox 1026 416 1430 502; x_wconf 74' lang='grc' dir='ltr'><em>ἀστρολογίας</em></span> <span class='ocrx_word' id='word_1_17' title='bbox 1474 412 1789 496; x_wconf 76' lang='grc' dir='ltr'><strong><em>ἐκφαίνειν</em></strong></span> <span class='ocrx_word' id='word_1_18' title='bbox 1832 414 2016 498; x_wconf 80' lang='grc' dir='ltr'><strong><em>ὄργια</em></strong></span> 
     </span>
     <span class='ocr_line' id='line_1_4' title="bbox 236 511 2018 595; baseline -0.006 -16"><span class='ocrx_word' id='word_1_19' title='bbox 236 519 415 579; x_wconf 85' lang='lat' dir='ltr'>Anna</span> <span class='ocrx_word' id='word_1_20' title='bbox 469 515 680 577; x_wconf 75' lang='lat' dir='ltr'>Conin.</span> <span class='ocrx_word' id='word_1_21' title='bbox 737 515 804 574; x_wconf 90' lang='lat' dir='ltr'>L.</span> <span class='ocrx_word' id='word_1_22' title='bbox 860 514 962 574; x_wconf 85' lang='lat' dir='ltr'><strong>vl.</strong></span> <span class='ocrx_word' id='word_1_23' title='bbox 1007 535 1067 595; x_wconf 89' lang='lat' dir='ltr'>p.</span> <span class='ocrx_word' id='word_1_24' title='bbox 1117 516 1255 575; x_wconf 84' lang='lat'><strong>164.</strong></span> <span class='ocrx_word' id='word_1_25' title='bbox 1357 514 1520 588; x_wconf 79' lang='lat' dir='ltr'>Quin</span> <span class='ocrx_word' id='word_1_26' title='bbox 1561 511 1902 590; x_wconf 79' lang='lat' dir='ltr'>Diogenes,</span> <span class='ocrx_word' id='word_1_27' title='bbox 1947 521 2018 570; x_wconf 88' lang='lat' dir='ltr'>ut</span> 
     </span>
     <span class='ocr_line' id='line_1_5' title="bbox 236 608 2016 693; baseline -0.005 -15"><span class='ocrx_word' id='word_1_28' title='bbox 236 618 593 678; x_wconf 83' lang='lat' dir='ltr'><strong>Plutarchus</strong></span> <span class='ocrx_word' id='word_1_29' title='bbox 650 615 836 674; x_wconf 85' lang='lat' dir='ltr'><strong>refert</strong></span> <span class='ocrx_word' id='word_1_30' title='bbox 894 614 971 673; x_wconf 94' lang='lat' dir='ltr'>de</span> <span class='ocrx_word' id='word_1_31' title='bbox 1030 615 1361 693; x_wconf 86' lang='lat' dir='ltr'>Tranquill.</span> <span class='ocrx_word' id='word_1_32' title='bbox 1418 614 1588 674; x_wconf 77' lang='lat' dir='ltr'>XIX.</span> <span class='ocrx_word' id='word_1_33' title='bbox 1649 613 1749 673; x_wconf 85' lang='lat'>34.</span> <span class='ocrx_word' id='word_1_34' title='bbox 1813 609 1882 670; x_wconf 89' lang='grc' dir='ltr'>Τ.</span> <span class='ocrx_word' id='word_1_35' title='bbox 1938 608 2016 671; x_wconf 88' lang='lat' dir='ltr'>X.</span> 
     </span>
     <span class='ocr_line' id='line_1_6' title="bbox 221 697 2019 795; baseline -0.004 -17"><span class='ocrx_word' id='word_1_36' title='bbox 221 697 429 778; x_wconf 34' lang='lat' dir='ltr'>&#39;totam</span> <span class='ocrx_word' id='word_1_37' title='bbox 488 718 684 776; x_wconf 82' lang='lat' dir='ltr'>vitam</span> <span class='ocrx_word' id='word_1_38' title='bbox 738 714 1150 773; x_wconf 81' lang='lat' dir='ltr'>initiationem</span> <span class='ocrx_word' id='word_1_39' title='bbox 1205 728 1339 772; x_wconf 88' lang='lat' dir='ltr'>esse</span> <span class='ocrx_word' id='word_1_40' title='bbox 1394 713 1552 773; x_wconf 84' lang='lat' dir='ltr'>dixit</span> <span class='ocrx_word' id='word_1_41' title='bbox 1609 710 1864 795; x_wconf 80' lang='grc' dir='ltr'>(μύησιν</span> <span class='ocrx_word' id='word_1_42' title='bbox 1915 711 2019 773; x_wconf 81' lang='grc' dir='ltr'>καὶ</span> 
     </span>
     <span class='ocr_line' id='line_1_7' title="bbox 234 796 2037 898; baseline -0.005 -18"><span class='ocrx_word' id='word_1_43' title='bbox 234 816 477 893; x_wconf 83' lang='grc' dir='ltr'><strong><em>τελετὴν</em></strong></span> <span class='ocrx_word' id='word_1_44' title='bbox 518 811 927 892; x_wconf 77' lang='grc' dir='ltr'>τελειοτάτην)</span> <span class='ocrx_word' id='word_1_45' title='bbox 974 821 1035 870; x_wconf 84' lang='lat' dir='ltr'>et</span> <span class='ocrx_word' id='word_1_46' title='bbox 1069 811 1369 871; x_wconf 88' lang='lat' dir='ltr'>mundum</span> <span class='ocrx_word' id='word_1_47' title='bbox 1404 815 1609 892; x_wconf 85' lang='lat' dir='ltr'>ipsum</span> <span class='ocrx_word' id='word_1_48' title='bbox 1634 813 1802 894; x_wconf 81' lang='grc' dir='ltr'><strong><em>ἱερὸν</em></strong></span> <span class='ocrx_word' id='word_1_49' title='bbox 1828 796 2037 898; x_wconf 49' lang='lat' dir='ltr'>doymi?</span> 
     </span>
     <span class='ocr_line' id='line_1_8' title="bbox 233 911 2020 992; baseline -0.007 -13"><span class='ocrx_word' id='word_1_50' title='bbox 233 939 454 987; x_wconf 77' lang='grc' dir='ltr'><strong><em>τατον,</em></strong></span> <span class='ocrx_word' id='word_1_51' title='bbox 521 913 587 971; x_wconf 90' lang='lat' dir='ltr'>in</span> <span class='ocrx_word' id='word_1_52' title='bbox 652 911 819 992; x_wconf 91' lang='lat' dir='ltr'>quod</span> <span class='ocrx_word' id='word_1_53' title='bbox 884 913 1189 990; x_wconf 86' lang='lat' dir='ltr'>ingressos</span> <span class='ocrx_word' id='word_1_54' title='bbox 1254 929 1381 971; x_wconf 90' lang='lat' dir='ltr'>non</span> <span class='ocrx_word' id='word_1_55' title='bbox 1447 913 1888 984; x_wconf 81' lang='lat' dir='ltr'>statuariorum</span> <span class='ocrx_word' id='word_1_56' title='bbox 1939 911 2020 968; x_wconf 85' lang='lat' dir='ltr'>si-</span> 
     </span>
     <span class='ocr_line' id='line_1_9' title="bbox 233 1007 2022 1093; baseline -0.003 -20"><span class='ocrx_word' id='word_1_57' title='bbox 233 1015 379 1093; x_wconf 83' lang='lat' dir='ltr'>gilla</span> <span class='ocrx_word' id='word_1_58' title='bbox 440 1019 720 1092; x_wconf 85' lang='lat' dir='ltr'>spectare</span> <span class='ocrx_word' id='word_1_59' title='bbox 787 1007 898 1071; x_wconf 89' lang='lat' dir='ltr'>sed</span> <span class='ocrx_word' id='word_1_60' title='bbox 955 1011 1205 1072; x_wconf 84' lang='lat' dir='ltr'>divinae</span> <span class='ocrx_word' id='word_1_61' title='bbox 1259 1013 1482 1071; x_wconf 90' lang='lat' dir='ltr'>mentis</span> <span class='ocrx_word' id='word_1_62' title='bbox 1538 1027 1758 1091; x_wconf 85' lang='lat' dir='ltr'>opera,</span> <span class='ocrx_word' id='word_1_63' title='bbox 1816 1026 2022 1069; x_wconf 86' lang='lat' dir='ltr'>rerum</span> 
     </span>
     <span class='ocr_line' id='line_1_10' title="bbox 236 1096 1199 1192; baseline -0.004 -18"><span class='ocrx_word' id='word_1_64' title='bbox 236 1096 712 1190; x_wconf 74' lang='lat' dir='ltr'>intelligibilium</span> <span class='ocrx_word' id='word_1_65' title='bbox 755 1112 1085 1172; x_wconf 82' lang='lat' dir='ltr'>simulacra</span> <span class='ocrx_word' id='word_1_66' title='bbox 1106 1112 1199 1192; x_wconf 83' lang='lat'><strong>[0].</strong></span> 
     </span>
    </p>

    <p class='ocr_par' dir='ltr' id='par_1_3' title="bbox 236 1207 2023 1686">
     <span class='ocr_line' id='line_1_11' title="bbox 405 1207 2021 1272; baseline -0.004 0"><span class='ocrx_word' id='word_1_67' title='bbox 405 1211 538 1272; x_wconf 85' lang='lat' dir='ltr'>Has</span> <span class='ocrx_word' id='word_1_68' title='bbox 585 1229 797 1270; x_wconf 90' lang='lat' dir='ltr'>omnes</span> <span class='ocrx_word' id='word_1_69' title='bbox 844 1210 1279 1271; x_wconf 84' lang='lat' dir='ltr'>similitudines</span> <span class='ocrx_word' id='word_1_70' title='bbox 1323 1213 1378 1270; x_wconf 88' lang='lat' dir='ltr'>si</span> <span class='ocrx_word' id='word_1_71' title='bbox 1422 1210 1502 1270; x_wconf 85' lang='lat' dir='ltr'>ad</span> <span class='ocrx_word' id='word_1_72' title='bbox 1547 1207 1842 1270; x_wconf 82' lang='lat' dir='ltr'>amussim</span> <span class='ocrx_word' id='word_1_73' title='bbox 1888 1209 2021 1267; x_wconf 84' lang='lat' dir='ltr'>exi—</span> 
     </span>
     <span class='ocr_line' id='line_1_12' title="bbox 237 1308 2020 1392; baseline -0.004 -20"><span class='ocrx_word' id='word_1_74' title='bbox 237 1332 376 1392; x_wconf 80' lang='lat' dir='ltr'>gere</span> <span class='ocrx_word' id='word_1_75' title='bbox 431 1321 523 1384; x_wconf 87' lang='lat' dir='ltr'>et,</span> <span class='ocrx_word' id='word_1_76' title='bbox 582 1308 884 1391; x_wconf 89' lang='lat' dir='ltr'>quidquid</span> <span class='ocrx_word' id='word_1_77' title='bbox 940 1310 1019 1370; x_wconf 94' lang='lat' dir='ltr'>de</span> <span class='ocrx_word' id='word_1_78' title='bbox 1074 1328 1198 1370; x_wconf 82' lang='lat' dir='ltr'>una</span> <span class='ocrx_word' id='word_1_79' title='bbox 1253 1311 1460 1390; x_wconf 84' lang='lat' dir='ltr'>aliqua</span> <span class='ocrx_word' id='word_1_80' title='bbox 1514 1329 1611 1383; x_wconf 89' lang='lat' dir='ltr'>re,</span> <span class='ocrx_word' id='word_1_81' title='bbox 1669 1326 1826 1389; x_wconf 86' lang='lat' dir='ltr'>quae</span> <span class='ocrx_word' id='word_1_82' title='bbox 1883 1324 2020 1366; x_wconf 89' lang='lat' dir='ltr'>cum</span> 
     </span>
     <span class='ocr_line' id='line_1_13' title="bbox 236 1404 2023 1492; baseline -0.006 -19"><span class='ocrx_word' id='word_1_83' title='bbox 236 1413 548 1490; x_wconf 84' lang='lat' dir='ltr'>mysteriis</span> <span class='ocrx_word' id='word_1_84' title='bbox 594 1421 1016 1490; x_wconf 83' lang='lat' dir='ltr'>comparatur,</span> <span class='ocrx_word' id='word_1_85' title='bbox 1060 1409 1404 1492; x_wconf 85' lang='lat' dir='ltr'>praedicari</span> <span class='ocrx_word' id='word_1_86' title='bbox 1447 1419 1684 1491; x_wconf 86' lang='lat' dir='ltr'>potest,</span> <span class='ocrx_word' id='word_1_87' title='bbox 1730 1408 1895 1467; x_wconf 89' lang='lat' dir='ltr'>illico</span> <span class='ocrx_word' id='word_1_88' title='bbox 1941 1404 2023 1464; x_wconf 87' lang='lat' dir='ltr'>ad</span> 
     </span>
     <span class='ocr_line' id='line_1_14' title="bbox 237 1504 2023 1591; baseline -0.004 -20"><span class='ocrx_word' id='word_1_89' title='bbox 237 1531 313 1571; x_wconf 84' lang='lat' dir='ltr'>ea</span> <span class='ocrx_word' id='word_1_90' title='bbox 355 1515 495 1591; x_wconf 85' lang='lat' dir='ltr'>ipsa</span> <span class='ocrx_word' id='word_1_91' title='bbox 538 1510 869 1569; x_wconf 87' lang='lat' dir='ltr'>transferre</span> <span class='ocrx_word' id='word_1_92' title='bbox 911 1511 1205 1584; x_wconf 80' lang='lat' dir='ltr'>velimUS‚</span> <span class='ocrx_word' id='word_1_93' title='bbox 1250 1510 1332 1570; x_wconf 85' lang='lat' dir='ltr'>ad</span> <span class='ocrx_word' id='word_1_94' title='bbox 1373 1518 1755 1589; x_wconf 87' lang='lat' dir='ltr'>postremum</span> <span class='ocrx_word' id='word_1_95' title='bbox 1800 1526 1873 1565; x_wconf 88' lang='lat' dir='ltr'>eo</span> <span class='ocrx_word' id='word_1_96' title='bbox 1919 1504 2023 1564; x_wconf 89' lang='lat' dir='ltr'>de-</span> 
     </span>
     <span class='ocr_line' id='line_1_15' title="bbox 236 1602 2023 1686; baseline -0.005 -14"><span class='ocrx_word' id='word_1_97' title='bbox 236 1613 585 1682; x_wconf 85' lang='lat' dir='ltr'>veniemus,</span> <span class='ocrx_word' id='word_1_98' title='bbox 641 1619 711 1667; x_wconf 88' lang='lat' dir='ltr'>ut</span> <span class='ocrx_word' id='word_1_99' title='bbox 764 1602 1023 1669; x_wconf 85' lang='lat' dir='ltr'>initiatis</span> <span class='ocrx_word' id='word_1_100' title='bbox 1077 1628 1203 1669; x_wconf 89' lang='lat' dir='ltr'>non</span> <span class='ocrx_word' id='word_1_101' title='bbox 1257 1609 1629 1686; x_wconf 86' lang='lat' dir='ltr'>Theologiae</span> <span class='ocrx_word' id='word_1_102' title='bbox 1683 1607 1886 1667; x_wconf 89' lang='lat' dir='ltr'>solum</span> <span class='ocrx_word' id='word_1_103' title='bbox 1928 1624 2023 1664; x_wconf 87' lang='lat' dir='ltr'>ra-</span> 
     </span>
    </p>
   </div>
   <div class='ocr_carea' id='block_1_3' title="bbox 143 1705 2025 1790">
    <p class='ocr_par' dir='ltr' id='par_1_4' title="bbox 143 1705 2025 1790">
     <span class='ocr_line' id='line_1_16' title="bbox 143 1705 2025 1790; baseline -0.004 -20"><span class='ocrx_word' id='word_1_104' title='bbox 143 1750 146 1751; x_wconf 25' lang='lat' dir='ltr'><em>r</em></span> <span class='ocrx_word' id='word_1_105' title='bbox 238 1713 502 1782; x_wconf 89' lang='lat' dir='ltr'>tionem,</span> <span class='ocrx_word' id='word_1_106' title='bbox 570 1708 681 1768; x_wconf 89' lang='lat' dir='ltr'>sed</span> <span class='ocrx_word' id='word_1_107' title='bbox 750 1711 927 1789; x_wconf 86' lang='lat' dir='ltr'>quasi</span> <span class='ocrx_word' id='word_1_108' title='bbox 981 1708 1290 1790; x_wconf 86' lang='lat' dir='ltr'>quandam</span> <span class='ocrx_word' id='word_1_109' title='bbox 1346 1707 1580 1769; x_wconf 79' lang='lat' dir='ltr'>artium·</span> <span class='ocrx_word' id='word_1_110' title='bbox 1627 1718 1689 1767; x_wconf 88' lang='lat' dir='ltr'>et</span> <span class='ocrx_word' id='word_1_111' title='bbox 1743 1705 2025 1766; x_wconf 82' lang='lat' dir='ltr'>scientia·</span> 
     </span>
    </p>
   </div>
   <div class='ocr_carea' id='block_1_4' title="bbox 235 1808 2024 1988">
    <p class='ocr_par' dir='ltr' id='par_1_5' title="bbox 235 1808 2024 1988">
     <span class='ocr_line' id='line_1_17' title="bbox 235 1808 2024 1890; baseline -0.003 -21"><span class='ocrx_word' id='word_1_112' title='bbox 235 1828 378 1869; x_wconf 90' lang='lat' dir='ltr'>rum</span> <span class='ocrx_word' id='word_1_113' title='bbox 433 1809 1026 1889; x_wconf 83' lang='lat' dir='ltr'>Encyclopaediam‚</span> <span class='ocrx_word' id='word_1_114' title='bbox 1081 1820 1153 1869; x_wconf 89' lang='lat' dir='ltr'>ut</span> <span class='ocrx_word' id='word_1_115' title='bbox 1206 1828 1370 1869; x_wconf 91' lang='lat' dir='ltr'>nunc</span> <span class='ocrx_word' id='word_1_116' title='bbox 1410 1809 1585 1890; x_wconf 83' lang='lat' dir='ltr'>loqui</span> <span class='ocrx_word' id='word_1_117' title='bbox 1626 1808 1858 1880; x_wconf 89' lang='lat' dir='ltr'>solent,</span> <span class='ocrx_word' id='word_1_118' title='bbox 1901 1816 2024 1864; x_wconf 84' lang='lat' dir='ltr'>tra-</span> 
     </span>
     <span class='ocr_line' id='line_1_18' title="bbox 239 1906 2024 1988; baseline -0.003 -19"><span class='ocrx_word' id='word_1_119' title='bbox 239 1909 436 1969; x_wconf 85' lang='lat' dir='ltr'>ditam</span> <span class='ocrx_word' id='word_1_120' title='bbox 502 1927 636 1968; x_wconf 89' lang='lat' dir='ltr'>esse</span> <span class='ocrx_word' id='word_1_121' title='bbox 705 1910 1119 1968; x_wconf 85' lang='lat' dir='ltr'>confiteamur.</span> <span class='ocrx_word' id='word_1_122' title='bbox 1234 1908 1457 1968; x_wconf 87' lang='lat' dir='ltr'>Totam</span> <span class='ocrx_word' id='word_1_123' title='bbox 1523 1918 1686 1970; x_wconf 83' lang='lat' dir='ltr'>cette</span> <span class='ocrx_word' id='word_1_124' title='bbox 1751 1906 2024 1988; x_wconf 89' lang='lat' dir='ltr'>philoso-</span> 
     </span>
    </p>
   </div>
   <div class='ocr_carea' id='block_1_5' title="bbox 242 2032 2125 2163">
    <p class='ocr_par' dir='ltr' id='par_1_6' title="bbox 242 2032 2125 2163">
     <span class='ocr_line' id='line_1_19' title="bbox 242 2032 2106 2107; baseline -0.003 -14"><span class='ocrx_word' id='word_1_125' title='bbox 242 2065 336 2094; x_wconf 86' lang='lat' dir='ltr'>rum</span> <span class='ocrx_word' id='word_1_126' title='bbox 366 2063 534 2105; x_wconf 86' lang='lat' dir='ltr'>quoque</span> <span class='ocrx_word' id='word_1_127' title='bbox 566 2047 770 2090; x_wconf 86' lang='lat' dir='ltr'>familiam</span> <span class='ocrx_word' id='word_1_128' title='bbox 800 2047 1001 2091; x_wconf 84' lang='lat' dir='ltr'>habuisse</span> <span class='ocrx_word' id='word_1_129' title='bbox 1033 2047 1243 2103; x_wconf 83' lang='lat' dir='ltr'>quaedam</span> <span class='ocrx_word' id='word_1_130' title='bbox 1274 2044 1506 2107; x_wconf 79' lang='grc' dir='ltr'><strong><em>ἀπόρῤητα</em></strong></span> <span class='ocrx_word' id='word_1_131' title='bbox 1536 2032 1593 2089; x_wconf 50' lang='grc' dir='ltr'>εἰ</span> <span class='ocrx_word' id='word_1_132' title='bbox 1609 2046 1847 2089; x_wconf 83' lang='lat' dir='ltr'>doctrinam</span> <span class='ocrx_word' id='word_1_133' title='bbox 1877 2050 2023 2089; x_wconf 86' lang='lat' dir='ltr'>esote-</span> <span class='ocrx_word' id='word_1_134' title='bbox 2103 2084 2106 2086; x_wconf 73' lang='grc'>,</span> 
     </span>
     <span class='ocr_line' id='line_1_20' title="bbox 242 2105 2125 2163; baseline -0.003 -12"><span class='ocrx_word' id='word_1_135' title='bbox 242 2110 390 2163; x_wconf 76' lang='lat' dir='ltr'>riom,</span> <span class='ocrx_word' id='word_1_136' title='bbox 428 2122 472 2150; x_wconf 83' lang='lat' dir='ltr'>v.</span> <span class='ocrx_word' id='word_1_137' title='bbox 503 2106 728 2163; x_wconf 79' lang='lat' dir='ltr'>Sprengel.</span> <span class='ocrx_word' id='word_1_138' title='bbox 772 2106 888 2149; x_wconf 81' lang='lat' dir='ltr'>Hist.</span> <span class='ocrx_word' id='word_1_139' title='bbox 927 2105 1088 2150; x_wconf 85' lang='lat' dir='ltr'>Medic.</span> <span class='ocrx_word' id='word_1_140' title='bbox 1131 2106 1190 2149; x_wconf 88' lang='grc' dir='ltr'>Τ.</span> <span class='ocrx_word' id='word_1_141' title='bbox 1220 2106 1256 2148; x_wconf 89' lang='grc' dir='ltr'><strong>Ι.</strong></span> <span class='ocrx_word' id='word_1_142' title='bbox 1287 2121 1330 2162; x_wconf 90' lang='lat' dir='ltr'>p.</span> <span class='ocrx_word' id='word_1_143' title='bbox 1357 2105 1458 2148; x_wconf 79' lang='lat'><strong>216.</strong></span> <span class='ocrx_word' id='word_1_144' title='bbox 1487 2105 1573 2148; x_wconf 90' lang='lat' dir='ltr'>Ed.</span> <span class='ocrx_word' id='word_1_145' title='bbox 1603 2105 1725 2162; x_wconf 86' lang='lat' dir='ltr'>prim.</span> <span class='ocrx_word' id='word_1_146' title='bbox 1755 2105 1870 2162; x_wconf 89' lang='lat' dir='ltr'>quod</span> <span class='ocrx_word' id='word_1_147' title='bbox 1898 2105 2025 2162; x_wconf 85' lang='lat' dir='ltr'>plane</span> <span class='ocrx_word' id='word_1_148' title='bbox 2118 2115 2125 2123; x_wconf 82' lang='grc'><em>·</em></span> 
     </span>
    </p>
   </div>
   <div class='ocr_carea' id='block_1_6' title="bbox 242 2163 2024 2442">
    <p class='ocr_par' dir='ltr' id='par_1_7' title="bbox 242 2163 1857 2220">
     <span class='ocr_line' id='line_1_21' title="bbox 242 2163 1857 2220; baseline -0.001 -12"><span class='ocrx_word' id='word_1_149' title='bbox 242 2167 396 2210; x_wconf 81' lang='lat' dir='ltr'>falsum</span> <span class='ocrx_word' id='word_1_150' title='bbox 425 2171 518 2216; x_wconf 81' lang='lat' dir='ltr'>est3</span> <span class='ocrx_word' id='word_1_151' title='bbox 548 2164 857 2207; x_wconf 85' lang='lat' dir='ltr'>medicamenta</span> <span class='ocrx_word' id='word_1_152' title='bbox 886 2164 1139 2220; x_wconf 88' lang='lat' dir='ltr'>quibusdam</span> <span class='ocrx_word' id='word_1_153' title='bbox 1168 2178 1328 2206; x_wconf 87' lang='lat' dir='ltr'>arcana</span> <span class='ocrx_word' id='word_1_154' title='bbox 1358 2165 1490 2206; x_wconf 87' lang='lat' dir='ltr'>fuisse</span> <span class='ocrx_word' id='word_1_155' title='bbox 1518 2177 1640 2206; x_wconf 89' lang='lat' dir='ltr'>nemo</span> <span class='ocrx_word' id='word_1_156' title='bbox 1671 2163 1857 2206; x_wconf 85' lang='lat' dir='ltr'>dubitat.</span> 
     </span>
    </p>

    <p class='ocr_par' dir='ltr' id='par_1_8' title="bbox 243 2219 2024 2442">
     <span class='ocr_line' id='line_1_22' title="bbox 363 2219 2024 2281; baseline -0.001 -16"><span class='ocrx_word' id='word_1_157' title='bbox 363 2222 426 2280; x_wconf 83' lang='lat'>[¹¹]</span> <span class='ocrx_word' id='word_1_158' title='bbox 460 2222 587 2265; x_wconf 89' lang='lat' dir='ltr'>Philo</span> <span class='ocrx_word' id='word_1_159' title='bbox 616 2222 725 2278; x_wconf 89' lang='lat' dir='ltr'>Leg.</span> <span class='ocrx_word' id='word_1_160' title='bbox 758 2222 814 2264; x_wconf 90' lang='lat' dir='ltr'>ad</span> <span class='ocrx_word' id='word_1_161' title='bbox 845 2223 940 2278; x_wconf 84' lang='lat' dir='ltr'>Caj.</span> <span class='ocrx_word' id='word_1_162' title='bbox 973 2237 1014 2279; x_wconf 87' lang='lat' dir='ltr'>p.</span> <span class='ocrx_word' id='word_1_163' title='bbox 1045 2222 1171 2264; x_wconf 89' lang='lat'><strong>1000.</strong></span> <span class='ocrx_word' id='word_1_164' title='bbox 1202 2222 1254 2264; x_wconf 86' lang='grc' dir='ltr'><strong>Α.</strong></span> <span class='ocrx_word' id='word_1_165' title='bbox 1294 2223 1495 2281; x_wconf 76' lang='grc' dir='ltr'><strong><em>τολμῶσι</em></strong></span> <span class='ocrx_word' id='word_1_166' title='bbox 1525 2220 1564 2264; x_wconf 78' lang='grc' dir='ltr'>δ’</span> <span class='ocrx_word' id='word_1_167' title='bbox 1596 2219 1670 2264; x_wconf 74' lang='grc' dir='ltr'>ὑπ’</span> <span class='ocrx_word' id='word_1_168' title='bbox 1705 2221 2024 2278; x_wconf 81' lang='grc' dir='ltr'><strong><em>ἀναισχυντίας</em></strong></span> 
     </span>
     <span class='ocr_line' id='line_1_23' title="bbox 243 2276 2021 2343; baseline -0.002 -17"><span class='ocrx_word' id='word_1_169' title='bbox 243 2285 536 2343; x_wconf 72' lang='grc' dir='ltr'><strong><em>ἴεροφαντεῑν</em></strong></span> <span class='ocrx_word' id='word_1_170' title='bbox 566 2283 642 2323; x_wconf 83' lang='grc' dir='ltr'>καὶ</span> <span class='ocrx_word' id='word_1_171' title='bbox 670 2282 814 2323; x_wconf 79' lang='grc' dir='ltr'><strong><em>τελεῖν</em></strong></span> <span class='ocrx_word' id='word_1_172' title='bbox 842 2280 896 2323; x_wconf 85' lang='grc' dir='ltr'><strong><em>τὰ</em></strong></span> <span class='ocrx_word' id='word_1_173' title='bbox 926 2278 1191 2339; x_wconf 79' lang='grc' dir='ltr'><strong><em>ἡγεμονικά,</em></strong></span> <span class='ocrx_word' id='word_1_174' title='bbox 1222 2277 1353 2339; x_wconf 85' lang='grc' dir='ltr'><strong><em>μόλις</em></strong></span> <span class='ocrx_word' id='word_1_175' title='bbox 1381 2282 1432 2325; x_wconf 73' lang='grc' dir='ltr'><strong><em>ἐν</em></strong></span> <span class='ocrx_word' id='word_1_176' title='bbox 1458 2276 1648 2339; x_wconf 81' lang='grc' dir='ltr'><strong><em>μύσταις</em></strong></span> <span class='ocrx_word' id='word_1_177' title='bbox 1669 2278 2021 2340; x_wconf 77' lang='grc' dir='ltr'><strong><em>ἀναγραφέντες.</em></strong></span> 
     </span>
     <span class='ocr_line' id='line_1_24' title="bbox 243 2334 2022 2396; baseline -0.001 -13"><span class='ocrx_word' id='word_1_178' title='bbox 243 2342 401 2396; x_wconf 88' lang='lat' dir='ltr'>Synes.</span> <span class='ocrx_word' id='word_1_179' title='bbox 444 2338 497 2381; x_wconf 89' lang='lat' dir='ltr'>de</span> <span class='ocrx_word' id='word_1_180' title='bbox 539 2339 715 2381; x_wconf 84' lang='lat' dir='ltr'>Provid.</span> <span class='ocrx_word' id='word_1_181' title='bbox 745 2338 781 2380; x_wconf 91' lang='grc' dir='ltr'><strong>Ι.</strong></span> <span class='ocrx_word' id='word_1_182' title='bbox 813 2338 882 2380; x_wconf 89' lang='grc'><strong>96.</strong></span> <span class='ocrx_word' id='word_1_183' title='bbox 912 2340 964 2382; x_wconf 88' lang='lat' dir='ltr'><strong>A.</strong></span> <span class='ocrx_word' id='word_1_184' title='bbox 996 2337 1152 2393; x_wconf 69' lang='grc' dir='ltr'><strong><em>ἐπειδὴ</em></strong></span> <span class='ocrx_word' id='word_1_185' title='bbox 1178 2338 1261 2393; x_wconf 80' lang='grc' dir='ltr'>τὴν</span> <span class='ocrx_word' id='word_1_186' title='bbox 1287 2340 1519 2394; x_wconf 86' lang='grc' dir='ltr'><strong><em>βασίλειον</em></strong></span> <span class='ocrx_word' id='word_1_187' title='bbox 1547 2334 1725 2390; x_wconf 79' lang='grc' dir='ltr'><strong><em>τελετὴν</em></strong></span> <span class='ocrx_word' id='word_1_188' title='bbox 1752 2340 2022 2384; x_wconf 72' lang='grc' dir='ltr'><strong><em>ἔτετελέωτο·</em></strong></span> 
     </span>
     <span class='ocr_line' id='line_1_25' title="bbox 243 2396 2023 2442; baseline -0.001 -1"><span class='ocrx_word' id='word_1_189' title='bbox 243 2401 300 2441; x_wconf 89' lang='lat' dir='ltr'>cf.</span> <span class='ocrx_word' id='word_1_190' title='bbox 330 2397 599 2441; x_wconf 86' lang='lat' dir='ltr'>Wernsdorf.</span> <span class='ocrx_word' id='word_1_191' title='bbox 639 2397 694 2438; x_wconf 89' lang='lat' dir='ltr'>ad</span> <span class='ocrx_word' id='word_1_192' title='bbox 735 2397 898 2439; x_wconf 87' lang='lat' dir='ltr'>Himer.</span> <span class='ocrx_word' id='word_1_193' title='bbox 938 2397 1035 2440; x_wconf 81' lang='lat' dir='ltr'>Ecl.</span> <span class='ocrx_word' id='word_1_194' title='bbox 1076 2398 1133 2442; x_wconf 88' lang='lat' dir='ltr'><strong>X.</strong></span> <span class='ocrx_word' id='word_1_195' title='bbox 1178 2397 1275 2440; x_wconf 89' lang='lat'><strong>177.</strong></span> <span class='ocrx_word' id='word_1_196' title='bbox 1314 2397 1589 2440; x_wconf 69' lang='lat' dir='ltr'>justitiae</span> <span class='ocrx_word' id='word_1_197' title='bbox 1629 2397 1900 2440; x_wconf 76' lang='lat' dir='ltr'>sacerdo·</span> <span class='ocrx_word' id='word_1_198' title='bbox 1940 2396 2023 2440; x_wconf 88' lang='lat' dir='ltr'>Ul-</span> 
     </span>
    </p>
   </div>
   <div class='ocr_carea' id='block_1_7' title="bbox 242 2453 2105 2688">
    <p class='ocr_par' dir='ltr' id='par_1_9' title="bbox 242 2453 2105 2688">
     <span class='ocr_line' id='line_1_26' title="bbox 245 2453 2101 2514; baseline -0.001 -16"><span class='ocrx_word' id='word_1_199' title='bbox 245 2457 374 2514; x_wconf 75' lang='lat' dir='ltr'>pian..</span> <span class='ocrx_word' id='word_1_200' title='bbox 390 2455 444 2496; x_wconf 85' lang='lat' dir='ltr'><strong>L.</strong></span> <span class='ocrx_word' id='word_1_201' title='bbox 473 2455 509 2497; x_wconf 93' lang='lat'><strong>1.</strong></span> <span class='ocrx_word' id='word_1_202' title='bbox 541 2454 594 2496; x_wconf 87' lang='lat' dir='ltr'>de</span> <span class='ocrx_word' id='word_1_203' title='bbox 623 2455 767 2497; x_wconf 84' lang='lat' dir='ltr'>Instit.</span> <span class='ocrx_word' id='word_1_204' title='bbox 798 2455 912 2510; x_wconf 93' lang='lat' dir='ltr'>quod</span> <span class='ocrx_word' id='word_1_205' title='bbox 941 2455 1089 2498; x_wconf 83' lang='lat' dir='ltr'>dubito</span> <span class='ocrx_word' id='word_1_206' title='bbox 1121 2469 1176 2498; x_wconf 86' lang='lat' dir='ltr'>an</span> <span class='ocrx_word' id='word_1_207' title='bbox 1205 2459 1325 2497; x_wconf 86' lang='lat' dir='ltr'>recte</span> <span class='ocrx_word' id='word_1_208' title='bbox 1355 2455 1570 2498; x_wconf 84' lang='lat' dir='ltr'>Merillius</span> <span class='ocrx_word' id='word_1_209' title='bbox 1600 2453 1786 2499; x_wconf 85' lang='lat' dir='ltr'>Observ.</span> <span class='ocrx_word' id='word_1_210' title='bbox 1816 2456 1854 2498; x_wconf 92' lang='grc' dir='ltr'><strong>Ι.</strong></span> <span class='ocrx_word' id='word_1_211' title='bbox 1885 2454 1952 2497; x_wconf 92' lang='grc'><strong>11.</strong></span> <span class='ocrx_word' id='word_1_212' title='bbox 1998 2469 2037 2502; x_wconf 70' lang='grc' dir='ltr'>θ,</span> <span class='ocrx_word' id='word_1_213' title='bbox 2099 2475 2101 2478; x_wconf 95' lang='grc'><strong><em>·</em></strong></span> 
     </span>
     <span class='ocr_line' id='line_1_27' title="bbox 245 2509 2022 2568; baseline 0 -11"><span class='ocrx_word' id='word_1_214' title='bbox 245 2515 489 2557; x_wconf 88' lang='lat' dir='ltr'>Stoicorum</span> <span class='ocrx_word' id='word_1_215' title='bbox 530 2512 720 2554; x_wconf 83' lang='lat' dir='ltr'>fontibus</span> <span class='ocrx_word' id='word_1_216' title='bbox 748 2517 944 2568; x_wconf 81' lang='lat' dir='ltr'>repetat;</span> <span class='ocrx_word' id='word_1_217' title='bbox 989 2517 1058 2555; x_wconf 83' lang='lat' dir='ltr'>est</span> <span class='ocrx_word' id='word_1_218' title='bbox 1087 2516 1205 2555; x_wconf 87' lang='lat' dir='ltr'>certe</span> <span class='ocrx_word' id='word_1_219' title='bbox 1234 2514 1442 2555; x_wconf 88' lang='lat' dir='ltr'>communi</span> <span class='ocrx_word' id='word_1_220' title='bbox 1471 2528 1552 2556; x_wconf 84' lang='lat' dir='ltr'>usu</span> <span class='ocrx_word' id='word_1_221' title='bbox 1578 2515 1754 2567; x_wconf 80' lang='lat' dir='ltr'>tritum3</span> <span class='ocrx_word' id='word_1_222' title='bbox 1785 2509 2022 2558; x_wconf 77' lang='grc' dir='ltr'><strong><em>δικαιοσύ-</em></strong></span> 
     </span>
     <span class='ocr_line' id='line_1_28' title="bbox 245 2567 2105 2631; baseline -0.001 -15"><span class='ocrx_word' id='word_1_223' title='bbox 245 2588 323 2628; x_wconf 77' lang='grc' dir='ltr'><strong><em>νης</em></strong></span> <span class='ocrx_word' id='word_1_224' title='bbox 361 2574 400 2615; x_wconf 81' lang='grc' dir='ltr'><strong><em>ἱε</em></strong></span> <span class='ocrx_word' id='word_1_225' title='bbox 433 2567 506 2619; x_wconf 88' lang='grc' dir='ltr'><strong><em>εύς</em></strong></span> <span class='ocrx_word' id='word_1_226' title='bbox 545 2569 719 2626; x_wconf 63' lang='lat' dir='ltr'>Liban.</span> <span class='ocrx_word' id='word_1_227' title='bbox 740 2569 862 2612; x_wconf 92' lang='lat' dir='ltr'>Decl.</span> <span class='ocrx_word' id='word_1_228' title='bbox 906 2571 962 2612; x_wconf 92' lang='lat' dir='ltr'><strong>T.</strong></span> <span class='ocrx_word' id='word_1_229' title='bbox 993 2571 1029 2612; x_wconf 92' lang='lat' dir='ltr'>I.</span> <span class='ocrx_word' id='word_1_230' title='bbox 1070 2569 1171 2612; x_wconf 84' lang='lat'><strong>459.</strong></span> <span class='ocrx_word' id='word_1_231' title='bbox 1198 2567 1350 2630; x_wconf 62' lang='grc' dir='ltr'><strong><em>«λήρων</em></strong></span> <span class='ocrx_word' id='word_1_232' title='bbox 1377 2569 1522 2631; x_wconf 78' lang='grc' dir='ltr'><strong><em>ἱερεύς</em></strong></span> <span class='ocrx_word' id='word_1_233' title='bbox 1559 2572 1740 2630; x_wconf 80' lang='lat' dir='ltr'>Dionys.</span> <span class='ocrx_word' id='word_1_234' title='bbox 1780 2572 1835 2615; x_wconf 90' lang='lat' dir='ltr'>de</span> <span class='ocrx_word' id='word_1_235' title='bbox 1872 2573 2022 2629; x_wconf 88' lang='lat' dir='ltr'>Comp.</span> <span class='ocrx_word' id='word_1_236' title='bbox 2088 2570 2105 2625; x_wconf 52' lang='grc' dir='ltr'>’ᾗ</span> 
     </span>
     <span class='ocr_line' id='line_1_29' title="bbox 242 2626 2023 2688; baseline -0.001 -15"><span class='ocrx_word' id='word_1_237' title='bbox 242 2631 376 2674; x_wconf 86' lang='lat' dir='ltr'>Verb.</span> <span class='ocrx_word' id='word_1_238' title='bbox 441 2629 494 2672; x_wconf 89' lang='lat' dir='ltr'><strong>V.</strong></span> <span class='ocrx_word' id='word_1_239' title='bbox 534 2642 577 2684; x_wconf 89' lang='lat' dir='ltr'><strong>p.</strong></span> <span class='ocrx_word' id='word_1_240' title='bbox 617 2626 688 2670; x_wconf 75' lang='lat'><strong>28.</strong></span> <span class='ocrx_word' id='word_1_241' title='bbox 729 2628 786 2670; x_wconf 92' lang='grc' dir='ltr'>Τ.</span> <span class='ocrx_word' id='word_1_242' title='bbox 823 2628 876 2669; x_wconf 91' lang='lat' dir='ltr'><strong>V.</strong></span> <span class='ocrx_word' id='word_1_243' title='bbox 918 2627 972 2671; x_wconf 81' lang='grc' dir='ltr'><strong><em>τὰ</em></strong></span> <span class='ocrx_word' id='word_1_244' title='bbox 1014 2626 1160 2686; x_wconf 85' lang='grc' dir='ltr'><strong><em>σεμνὰ</em></strong></span> <span class='ocrx_word' id='word_1_245' title='bbox 1194 2628 1388 2686; x_wconf 78' lang='grc' dir='ltr'><strong><em>Θέμιδος</em></strong></span> <span class='ocrx_word' id='word_1_246' title='bbox 1424 2626 1662 2687; x_wconf 79' lang='grc' dir='ltr'><strong>μυστήρια.</strong></span> <span class='ocrx_word' id='word_1_247' title='bbox 1734 2630 2023 2688; x_wconf 72' lang='lat' dir='ltr'>Imperatores</span> 
     </span>
    </p>
   </div>
   <div class='ocr_carea' id='block_1_8' title="bbox 241 2686 1839 2745">
    <p class='ocr_par' dir='ltr' id='par_1_10' title="bbox 241 2686 1839 2745">
     <span class='ocr_line' id='line_1_30' title="bbox 241 2686 1839 2745; baseline -0.001 -13"><span class='ocrx_word' id='word_1_248' title='bbox 241 2689 439 2745; x_wconf 82' lang='lat' dir='ltr'>justitiae</span> <span class='ocrx_word' id='word_1_249' title='bbox 477 2686 724 2730; x_wconf 79' lang='lat' dir='ltr'>sacerdotes</span> <span class='ocrx_word' id='word_1_250' title='bbox 751 2691 882 2729; x_wconf 87' lang='lat' dir='ltr'>vocat</span> <span class='ocrx_word' id='word_1_251' title='bbox 918 2686 1199 2741; x_wconf 86' lang='lat' dir='ltr'>Symmachus</span> <span class='ocrx_word' id='word_1_252' title='bbox 1227 2687 1274 2728; x_wconf 90' lang='lat' dir='ltr'>in</span> <span class='ocrx_word' id='word_1_253' title='bbox 1302 2687 1445 2744; x_wconf 83' lang='lat' dir='ltr'>Epist.</span> <span class='ocrx_word' id='word_1_254' title='bbox 1476 2689 1673 2730; x_wconf 88' lang='lat' dir='ltr'>Ambros.</span> <span class='ocrx_word' id='word_1_255' title='bbox 1701 2687 1839 2730; x_wconf 88' lang='lat' dir='ltr'>XXX.</span> 
     </span>
    </p>
   </div>
   <div class='ocr_carea' id='block_1_9' title="bbox 366 2744 2103 2816">
    <p class='ocr_par' dir='ltr' id='par_1_11' title="bbox 366 2744 2103 2816">
     <span class='ocr_line' id='line_1_31' title="bbox 366 2744 2103 2816; baseline 0.001 -29"><span class='ocrx_word' id='word_1_256' title='bbox 366 2747 427 2804; x_wconf 92' lang='lat'>[⁰]</span> <span class='ocrx_word' id='word_1_257' title='bbox 460 2744 818 2803; x_wconf 84' lang='lat' dir='ltr'>Corruptissimus</span> <span class='ocrx_word' id='word_1_258' title='bbox 847 2748 915 2786; x_wconf 89' lang='lat' dir='ltr'>est</span> <span class='ocrx_word' id='word_1_259' title='bbox 943 2744 1167 2787; x_wconf 79' lang='lat' dir='ltr'>Cleanthis</span> <span class='ocrx_word' id='word_1_260' title='bbox 1193 2745 1313 2787; x_wconf 87' lang='lat' dir='ltr'>locus</span> <span class='ocrx_word' id='word_1_261' title='bbox 1341 2746 1456 2802; x_wconf 87' lang='lat' dir='ltr'>apud</span> <span class='ocrx_word' id='word_1_262' title='bbox 1484 2746 1646 2816; x_wconf 68' lang='lat' dir='ltr'>Epiph.</span> <span class='ocrx_word' id='word_1_263' title='bbox 1675 2745 1773 2789; x_wconf 85' lang='lat' dir='ltr'>adv.</span> <span class='ocrx_word' id='word_1_264' title='bbox 1802 2746 1937 2788; x_wconf 86' lang='lat' dir='ltr'>Haer.</span> <span class='ocrx_word' id='word_1_265' title='bbox 1966 2745 2020 2788; x_wconf 87' lang='lat' dir='ltr'>L.</span> <span class='ocrx_word' id='word_1_266' title='bbox 2094 2770 2103 2798; x_wconf 53' lang='lat'><strong>¹.</strong></span> 
     </span>
    </p>
   </div>
   <div class='ocr_carea' id='block_1_10' title="bbox 243 2799 2100 3271">
    <p class='ocr_par' dir='ltr' id='par_1_12' title="bbox 243 2799 2100 3271">
     <span class='ocr_line' id='line_1_32' title="bbox 244 2799 2100 2873; baseline -0.001 -24"><span class='ocrx_word' id='word_1_267' title='bbox 244 2806 329 2852; x_wconf 91' lang='lat'><strong>111.</strong></span> <span class='ocrx_word' id='word_1_268' title='bbox 361 2805 420 2848; x_wconf 84' lang='lat' dir='ltr'><strong>T.</strong></span> <span class='ocrx_word' id='word_1_269' title='bbox 449 2803 508 2846; x_wconf 89' lang='grc' dir='ltr'><strong>ΙΙ.</strong></span> <span class='ocrx_word' id='word_1_270' title='bbox 539 2818 580 2873; x_wconf 84' lang='lat' dir='ltr'>p.</span> <span class='ocrx_word' id='word_1_271' title='bbox 611 2802 738 2845; x_wconf 87' lang='lat'><strong>1090.</strong></span> <span class='ocrx_word' id='word_1_272' title='bbox 768 2801 819 2844; x_wconf 86' lang='lat' dir='ltr'>C.</span> <span class='ocrx_word' id='word_1_273' title='bbox 848 2801 1001 2845; x_wconf 83' lang='lat' dir='ltr'>Petav.</span> <span class='ocrx_word' id='word_1_274' title='bbox 1030 2800 1134 2852; x_wconf 86' lang='grc' dir='ltr'><strong><em>τοὺς</em></strong></span> <span class='ocrx_word' id='word_1_275' title='bbox 1159 2801 1295 2852; x_wconf 78' lang='grc' dir='ltr'><strong><em>θεοὺς</em></strong></span> <span class='ocrx_word' id='word_1_276' title='bbox 1321 2802 1518 2862; x_wconf 83' lang='grc' dir='ltr'><strong><em>μυστικὰ</em></strong></span> <span class='ocrx_word' id='word_1_277' title='bbox 1547 2808 1754 2864; x_wconf 86' lang='grc' dir='ltr'><strong><em>σχηματα</em></strong></span> <span class='ocrx_word' id='word_1_278' title='bbox 1775 2804 1930 2863; x_wconf 80' lang='grc' dir='ltr'><strong><em>ἔλεγεν</em></strong></span> <span class='ocrx_word' id='word_1_279' title='bbox 1951 2799 2019 2848; x_wconf 82' lang='grc' dir='ltr'><strong><em>εἷ·-</em></strong></span> <span class='ocrx_word' id='word_1_280' title='bbox 2092 2799 2100 2822; x_wconf 54' lang='lat'><em>³</em></span> 
     </span>
     <span class='ocr_line' id='line_1_33' title="bbox 244 2858 2019 2921; baseline -0.001 -13"><span class='ocrx_word' id='word_1_281' title='bbox 244 2879 321 2909; x_wconf 85' lang='grc' dir='ltr'><strong><em>ναι</em></strong></span> <span class='ocrx_word' id='word_1_282' title='bbox 364 2864 440 2907; x_wconf 81' lang='grc' dir='ltr'>καὶ</span> <span class='ocrx_word' id='word_1_283' title='bbox 479 2863 654 2917; x_wconf 84' lang='grc' dir='ltr'><strong><em>κλησεις</em></strong></span> <span class='ocrx_word' id='word_1_284' title='bbox 680 2858 803 2921; x_wconf 79' lang='grc' dir='ltr'><strong><em>ἱερὰς</em></strong></span> <span class='ocrx_word' id='word_1_285' title='bbox 831 2863 908 2904; x_wconf 84' lang='grc' dir='ltr'>καὶ</span> <span class='ocrx_word' id='word_1_286' title='bbox 937 2859 1165 2917; x_wconf 76' lang='grc' dir='ltr'><strong><em>δᾳδοῦχον</em></strong></span> <span class='ocrx_word' id='word_1_287' title='bbox 1194 2862 1398 2919; x_wconf 75' lang='grc' dir='ltr'><strong><em>ἔφασκεν</em></strong></span> <span class='ocrx_word' id='word_1_288' title='bbox 1426 2859 1541 2907; x_wconf 83' lang='grc' dir='ltr'><strong><em>εἶναι</em></strong></span> <span class='ocrx_word' id='word_1_289' title='bbox 1568 2861 1648 2906; x_wconf 89' lang='grc' dir='ltr'>τὸν</span> <span class='ocrx_word' id='word_1_290' title='bbox 1676 2859 1805 2916; x_wconf 80' lang='grc' dir='ltr'><strong><em>ἥλιον</em></strong></span> <span class='ocrx_word' id='word_1_291' title='bbox 1834 2865 1912 2906; x_wconf 85' lang='grc' dir='ltr'>καὶ</span> <span class='ocrx_word' id='word_1_292' title='bbox 1939 2861 2019 2907; x_wconf 85' lang='grc' dir='ltr'>τὸν</span> 
     </span>
     <span class='ocr_line' id='line_1_34' title="bbox 245 2916 2018 2980; baseline -0.001 -14"><span class='ocrx_word' id='word_1_293' title='bbox 245 2919 418 2980; x_wconf 86' lang='grc' dir='ltr'><strong><em>κόσμον</em></strong></span> <span class='ocrx_word' id='word_1_294' title='bbox 458 2916 630 2980; x_wconf 83' lang='grc' dir='ltr'><strong><em>μύστας</em></strong></span> <span class='ocrx_word' id='word_1_295' title='bbox 673 2923 749 2974; x_wconf 80' lang='grc' dir='ltr'>καὶ</span> <span class='ocrx_word' id='word_1_296' title='bbox 789 2917 891 2968; x_wconf 89' lang='grc' dir='ltr'><strong><em>τοὺς</em></strong></span> <span class='ocrx_word' id='word_1_297' title='bbox 930 2916 1174 2975; x_wconf 82' lang='grc' dir='ltr'><strong><em>κατούχους</em></strong></span> <span class='ocrx_word' id='word_1_298' title='bbox 1214 2919 1324 2975; x_wconf 85' lang='lat' dir='ltr'>(sic)</span> <span class='ocrx_word' id='word_1_299' title='bbox 1363 2923 1453 2964; x_wconf 82' lang='grc' dir='ltr'>τῶν</span> <span class='ocrx_word' id='word_1_300' title='bbox 1491 2925 1632 2964; x_wconf 79' lang='grc' dir='ltr'><strong><em>θείων</em></strong></span> <span class='ocrx_word' id='word_1_301' title='bbox 1661 2922 1847 2964; x_wconf 77' lang='grc' dir='ltr'><strong><em>τελετῶν</em></strong></span> <span class='ocrx_word' id='word_1_302' title='bbox 1876 2922 2018 2980; x_wconf 78' lang='grc' dir='ltr'><strong><em>ἔλεγε·</em></strong></span> 
     </span>
     <span class='ocr_line' id='line_1_35' title="bbox 245 2977 2017 3038; baseline 0 -15"><span class='ocrx_word' id='word_1_303' title='bbox 245 2995 424 3036; x_wconf 84' lang='lat' dir='ltr'>quorum</span> <span class='ocrx_word' id='word_1_304' title='bbox 472 2983 689 3038; x_wconf 84' lang='lat' dir='ltr'>postrema</span> <span class='ocrx_word' id='word_1_305' title='bbox 726 2977 936 3034; x_wconf 84' lang='lat' dir='ltr'>Diogenis</span> <span class='ocrx_word' id='word_1_306' title='bbox 986 2977 1159 3020; x_wconf 86' lang='lat' dir='ltr'>ductum</span> <span class='ocrx_word' id='word_1_307' title='bbox 1198 2992 1379 3035; x_wconf 84' lang='lat' dir='ltr'>sequens</span> <span class='ocrx_word' id='word_1_308' title='bbox 1416 2979 1481 3022; x_wconf 88' lang='lat' dir='ltr'>ita</span> <span class='ocrx_word' id='word_1_309' title='bbox 1520 2979 1784 3035; x_wconf 88' lang='lat' dir='ltr'>refingebam</span> <span class='ocrx_word' id='word_1_310' title='bbox 1823 2983 1901 3023; x_wconf 86' lang='grc' dir='ltr'>καὶ</span> <span class='ocrx_word' id='word_1_311' title='bbox 1937 2977 2017 3024; x_wconf 86' lang='grc' dir='ltr'>τὸν</span> 
     </span>
     <span class='ocr_line' id='line_1_36' title="bbox 245 3033 2088 3099; baseline 0 -17"><span class='ocrx_word' id='word_1_312' title='bbox 245 3035 419 3097; x_wconf 77' lang='grc' dir='ltr'><strong><em>κόσμον</em></strong></span> <span class='ocrx_word' id='word_1_313' title='bbox 447 3034 725 3097; x_wconf 81' lang='grc' dir='ltr'><strong><em>τελεστήριον</em></strong></span> <span class='ocrx_word' id='word_1_314' title='bbox 754 3038 832 3078; x_wconf 81' lang='grc' dir='ltr'>καὶ</span> <span class='ocrx_word' id='word_1_315' title='bbox 859 3033 962 3085; x_wconf 85' lang='grc' dir='ltr'><strong><em>τοὺς</em></strong></span> <span class='ocrx_word' id='word_1_316' title='bbox 990 3033 1206 3093; x_wconf 85' lang='grc' dir='ltr'><strong><em>κατόχους</em></strong></span> <span class='ocrx_word' id='word_1_317' title='bbox 1234 3039 1324 3081; x_wconf 82' lang='grc' dir='ltr'>τῶν</span> <span class='ocrx_word' id='word_1_318' title='bbox 1353 3041 1496 3082; x_wconf 77' lang='grc' dir='ltr'><strong><em>θείων</em></strong></span> <span class='ocrx_word' id='word_1_319' title='bbox 1522 3034 1708 3099; x_wconf 85' lang='grc' dir='ltr'><strong><em>μύστας.</em></strong></span> <span class='ocrx_word' id='word_1_320' title='bbox 1739 3034 1930 3093; x_wconf 82' lang='grc' dir='ltr'><strong><em>Κλήσεις</em></strong></span> <span class='ocrx_word' id='word_1_321' title='bbox 1947 3040 2018 3082; x_wconf 70' lang='lat'>16-</span> <span class='ocrx_word' id='word_1_322' title='bbox 2080 3039 2088 3059; x_wconf 69' lang='lat'><em>⁴</em></span> 
     </span>
     <span class='ocr_line' id='line_1_37' title="bbox 246 3092 2015 3155; baseline 0.001 -17"><span class='ocrx_word' id='word_1_323' title='bbox 246 3100 326 3155; x_wconf 90' lang='grc' dir='ltr'>ραί</span> <span class='ocrx_word' id='word_1_324' title='bbox 351 3111 462 3153; x_wconf 84' lang='lat' dir='ltr'>quae</span> <span class='ocrx_word' id='word_1_325' title='bbox 491 3096 577 3138; x_wconf 88' lang='lat' dir='ltr'>sint</span> <span class='ocrx_word' id='word_1_326' title='bbox 604 3095 732 3152; x_wconf 91' lang='lat' dir='ltr'>paulo</span> <span class='ocrx_word' id='word_1_327' title='bbox 762 3099 863 3137; x_wconf 85' lang='lat' dir='ltr'>ante</span> <span class='ocrx_word' id='word_1_328' title='bbox 890 3093 1195 3151; x_wconf 80' lang='lat' dir='ltr'>explicuimus;</span> <span class='ocrx_word' id='word_1_329' title='bbox 1227 3092 1437 3154; x_wconf 82' lang='grc' dir='ltr'><strong><em>σχήματα</em></strong></span> <span class='ocrx_word' id='word_1_330' title='bbox 1458 3094 1668 3155; x_wconf 80' lang='grc' dir='ltr'><strong><em>μυστικά,</em></strong></span> <span class='ocrx_word' id='word_1_331' title='bbox 1701 3111 1879 3153; x_wconf 88' lang='lat' dir='ltr'>quorum</span> <span class='ocrx_word' id='word_1_332' title='bbox 1898 3111 2015 3140; x_wconf 89' lang='lat' dir='ltr'>men-</span> 
     </span>
     <span class='ocr_line' id='line_1_38' title="bbox 244 3153 2016 3211; baseline 0.001 -14"><span class='ocrx_word' id='word_1_333' title='bbox 244 3155 307 3197; x_wconf 88' lang='lat' dir='ltr'>tio</span> <span class='ocrx_word' id='word_1_334' title='bbox 337 3156 467 3198; x_wconf 83' lang='lat' dir='ltr'>etiam</span> <span class='ocrx_word' id='word_1_335' title='bbox 506 3154 550 3195; x_wconf 90' lang='lat' dir='ltr'>in</span> <span class='ocrx_word' id='word_1_336' title='bbox 586 3153 758 3211; x_wconf 88' lang='lat' dir='ltr'>Apsinis</span> <span class='ocrx_word' id='word_1_337' title='bbox 786 3153 880 3196; x_wconf 90' lang='lat' dir='ltr'>loco</span> <span class='ocrx_word' id='word_1_338' title='bbox 909 3153 1024 3196; x_wconf 84' lang='lat' dir='ltr'>infra</span> <span class='ocrx_word' id='word_1_339' title='bbox 1051 3153 1291 3196; x_wconf 86' lang='lat' dir='ltr'>exhibendo</span> <span class='ocrx_word' id='word_1_340' title='bbox 1307 3188 1318 3207; x_wconf 88' lang='lat'>‚</span> <span class='ocrx_word' id='word_1_341' title='bbox 1361 3155 1406 3197; x_wconf 90' lang='lat' dir='ltr'>in</span> <span class='ocrx_word' id='word_1_342' title='bbox 1436 3156 1554 3198; x_wconf 92' lang='lat' dir='ltr'>coelo</span> <span class='ocrx_word' id='word_1_343' title='bbox 1586 3155 1806 3199; x_wconf 84' lang='lat' dir='ltr'>stellarum</span> <span class='ocrx_word' id='word_1_344' title='bbox 1842 3156 2016 3199; x_wconf 90' lang='lat' dir='ltr'>ordina-</span> 
     </span>
     <span class='ocr_line' id='line_1_39' title="bbox 243 3210 2014 3271; baseline 0.002 -16"><span class='ocrx_word' id='word_1_345' title='bbox 243 3218 311 3255; x_wconf 90' lang='lat' dir='ltr'>tos</span> <span class='ocrx_word' id='word_1_346' title='bbox 339 3218 503 3263; x_wconf 84' lang='lat' dir='ltr'>motus,</span> <span class='ocrx_word' id='word_1_347' title='bbox 543 3211 587 3253; x_wconf 90' lang='lat' dir='ltr'>in</span> <span class='ocrx_word' id='word_1_348' title='bbox 627 3211 842 3267; x_wconf 79' lang='lat' dir='ltr'>mysteriis</span> <span class='ocrx_word' id='word_1_349' title='bbox 883 3210 1129 3254; x_wconf 83' lang='lat' dir='ltr'>saltantium</span> <span class='ocrx_word' id='word_1_350' title='bbox 1158 3211 1439 3268; x_wconf 87' lang='lat' dir='ltr'>figurationes</span> <span class='ocrx_word' id='word_1_351' title='bbox 1468 3219 1514 3258; x_wconf 90' lang='lat' dir='ltr'>et</span> <span class='ocrx_word' id='word_1_352' title='bbox 1542 3213 1853 3271; x_wconf 67' lang='lat' dir='ltr'>symplegmate.</span> <span class='ocrx_word' id='word_1_353' title='bbox 1881 3214 2014 3269; x_wconf 76' lang='lat' dir='ltr'>signi-</span> 
     </span>
    </p>
   </div>
   <div class='ocr_carea' id='block_1_11' title="bbox 243 3237 2149 3330">
    <p class='ocr_par' dir='ltr' id='par_1_13' title="bbox 243 3237 2149 3330">
     <span class='ocr_line' id='line_1_40' title="bbox 243 3237 2149 3330; baseline 0.003 -19"><span class='ocrx_word' id='word_1_354' title='bbox 243 3271 376 3313; x_wconf 84' lang='lat' dir='ltr'>ficare</span> <span class='ocrx_word' id='word_1_355' title='bbox 424 3270 635 3314; x_wconf 84' lang='lat' dir='ltr'>videntur.</span> <span class='ocrx_word' id='word_1_356' title='bbox 683 3268 750 3312; x_wconf 83' lang='grc' dir='ltr'>Τὰ</span> <span class='ocrx_word' id='word_1_357' title='bbox 789 3271 840 3314; x_wconf 68' lang='grc' dir='ltr'><strong><em>ἓν</em></strong></span> <span class='ocrx_word' id='word_1_358' title='bbox 876 3268 1051 3329; x_wconf 83' lang='grc' dir='ltr'><strong><em>οὐρανῷ</em></strong></span> <span class='ocrx_word' id='word_1_359' title='bbox 1085 3267 1310 3330; x_wconf 84' lang='grc' dir='ltr'><strong><em>μυστήρια</em></strong></span> <span class='ocrx_word' id='word_1_360' title='bbox 1348 3275 1506 3315; x_wconf 86' lang='lat' dir='ltr'>astra</span> <span class='ocrx_word' id='word_1_361' title='bbox 1547 3272 1729 3316; x_wconf 87' lang='lat' dir='ltr'>Hermes</span> <span class='ocrx_word' id='word_1_362' title='bbox 1761 3272 1883 3316; x_wconf 84' lang='lat' dir='ltr'>Stob.</span> <span class='ocrx_word' id='word_1_363' title='bbox 1914 3270 2013 3317; x_wconf 83' lang='lat' dir='ltr'>Ecl.</span> <span class='ocrx_word' id='word_1_364' title='bbox 2071 3272 2075 3278; x_wconf 83' lang='grc'>’</span> <span class='ocrx_word' id='word_1_365' title='bbox 2148 3237 2149 3284; x_wconf 35' lang='lat' dir='ltr'>l</span> 
     </span>
    </p>
   </div>
   <div class='ocr_carea' id='block_1_12' title="bbox 243 3327 706 3376">
    <p class='ocr_par' dir='ltr' id='par_1_14' title="bbox 243 3327 706 3376">
     <span class='ocr_line' id='line_1_41' title="bbox 243 3327 706 3376; baseline 0 -7"><span class='ocrx_word' id='word_1_366' title='bbox 243 3329 278 3370; x_wconf 86' lang='grc' dir='ltr'><strong>Ι.</strong></span> <span class='ocrx_word' id='word_1_367' title='bbox 309 3328 378 3376; x_wconf 77' lang='lat'><strong>52.</strong></span> <span class='ocrx_word' id='word_1_368' title='bbox 407 3328 506 3372; x_wconf 76' lang='lat'><strong>928.</strong></span> <span class='ocrx_word' id='word_1_369' title='bbox 537 3332 580 3370; x_wconf 87' lang='lat' dir='ltr'>et</span> <span class='ocrx_word' id='word_1_370' title='bbox 609 3327 706 3370; x_wconf 88' lang='grc'><strong>968.</strong></span> 
     </span>
    </p>
   </div>
   <div class='ocr_carea' id='block_1_13' title="bbox 2087 1284 2158 3848">
    <p class='ocr_par' dir='ltr' id='par_1_15' title="bbox 2087 1284 2158 3848">
     <span class='ocr_line' id='line_1_42' title="bbox 2087 1284 2158 3848; baseline 0 0"><span class='ocrx_word' id='word_1_371' title='bbox 2087 1284 2158 3848; x_wconf 95' lang='lat' dir='ltr'> </span> 
     </span>
    </p>
   </div>
  </div>
 </body>
</html>
