2158 3848
253 180 377 241 316
782 195 1021 239 LIBER
1063 195 1492 242 SECUNDUS.

253 342 434 389 turna
481 316 829 406 crebraque
893 326 1211 405 utriusque
1275 327 1471 402 gentis
1543 331 1907 389 commercia
1975 343 2036 392 et

250 432 434 490 unius
478 427 1007 507 vaniloquentiam
1053 427 1422 504 respexerit,
1480 427 1731 488 alterius
1777 429 2035 490 creduli-

246 529 482 591 tatem?
526 528 531 533 ’
573 526 696 586 Sed
742 525 961 584 eodem
1013 535 1363 603 temporum
1411 537 1607 587 tractu
1665 531 1854 589 etiam
1897 531 2035 590 Mu-

245 634 403 703 saei,
447 627 775 704 Eumolpi,
835 623 1069 703 Orphei
1113 627 1386 685 carmina
1428 629 1692 704 mystica
1735 639 1920 710 atque
1961 632 2034 689 il-

243 729 382 801 lud,
429 728 529 786 cui
571 723 886 800 Minyadis
929 741 1187 795 nomen,
1230 726 1296 783 in
1340 727 1615 786 medium
1661 732 2034 808 processisse

241 848 368 888 non
426 834 673 908 praeter
728 826 1031 883 rationem
1100 822 1422 898 creditur-3>
1460 827 1679 905 quibus
1747 831 2032 890 omnibus
2108 827 2113 834 ’

239 947 444 990 novae
488 927 565 986 (le
607 925 824 986 inferis
868 912 1120 983 fabulae
1164 941 1446 1002 sparsae,
1489 927 1707 1006 iisque,
1753 931 1860 1009 qui
1884 930 2032 989 deo—

237 1049 377 1090 rum
420 1047 594 1088 sacra
637 1025 882 1085 decreta
924 1024 1371 1104 percepissent,
1414 1044 1555 1105 spes
1604 1014 1894 1088 beatioris
1935 1032 2032 1091 vi-

239 1141 339 1190 tae
385 1140 446 1188 et
470 1129 723 1205 Elysiae
768 1125 946 1185 sedes
991 1126 1338 1205 promissae
1382 1130 1541 1186 sunt
1570 1138 1631 1187 et
1664 1131 1845 1208 pares
1889 1149 2030 1188 con-

235 1228 600 1290 temtoribus
645 1246 905 1307 poenae·
991 1224 1195 1297 Quid?
1259 1224 1729 1289 Atheniensium
1774 1230 2029 1307 legibuS,

235 1331 457 1412 quibus
503 1329 928 1388 constitutum.
950 1332 1021 1384 ut
1064 1324 1313 1385 caedem
1342 1328 1447 1406 qui
1482 1328 1768 1399 fecissent
1813 1329 1893 1389 ad
1933 1324 2040 1389 re?

233 1433 372 1510 gem
415 1447 730 1490 sacrorum
777 1426 1192 1498 deferrentur,
1238 1427 1507 1487 absoluti
1535 1429 1773 1506 Judicio
1802 1431 2027 1490 solem-

230 1534 392 1591 niter
434 1531 934 1611 purificarentur,
987 1536 1268 1599 auctore,
1327 1539 1397 1586 ut
1438 1527 1663 1603 fertur,
1717 1532 2026 1603 Dracone,

230 1651 435 1691 nonne
480 1630 739 1699 deorum
782 1627 1061 1686 manium
1104 1627 1318 1704 religio
1348 1629 1606 1688 'sancita'
1644 1630 1776 1689 est?
1842 1650 2026 1711 quam

232 1731 619 1792 confirmavit
675 1728 876 1788 Solon·
923 1734 1087 1811 τρεῖς
1139 1729 1332 1798 θεοὺς
1396 1729 1670 1811 ὀμνύναι
1703 1775 1707 1781 -
1735 1730 2022 1805 κελεύων,

223 1835 504 1904 Ἱκέσιον,
534 1826 959 1910 ἸΚαθάρσιον,
1008 1827 1470 1912 Ἑξακεστήριον
1514 1831 1667 1891 ΡΟΙΙ.
1713 1831 1877 1892 VIII.
1920 1832 2023 1892 42.

227 1934 519 1992 nimirum
564 1931 630 1987 in
685 1929 885 2009 δίκαις
929 1936 1217 2010 φονικαῖς
1235 1930 1332 2009 [‘].
1419 1929 1633 2010 Neque
1690 1933 1829 1991 aliis
1884 1933 2022 1991 fun-

228 2032 537 2092 damentis
593 2029 857 2089 excitata
913 2039 1057 2088 sunt
1109 2015 1582 2109 psychomantia
1637 2041 1698 2091 et
1740 2034 2022 2092 manium

230 2132 683 2214 evocationes,
719 2148 982 2209 quorum
1035 2131 1338 2212 memoria
1393 2150 1532 2190 cum
1574 2131 1761 2211 rebus
1805 2131 2021 2192 Archi-

227 2234 419 2311 lochi,
464 2211 806 2289 Periandri
834 2241 896 2288 et
939 2230 1285 2288 Pausaniae
1330 2231 1681 2308 conjuncta,
1741 2231 2020 2292 Homero

224 2332 528 2392 recentior
573 2341 694 2404 est,
758 2331 930 2408 cujus
987 2330 1275 2409 aequales
1331 2333 1386 2390 si
1430 2348 1612 2411 quem
1654 2331 1823 2392 illius
1869 2335 2020 2393 artis

223 2449 407 2502 usum
449 2430 842 2503 habuissent,
899 2448 1027 2489 non
1071 2449 1228 2509 opus
1275 2439 1408 2507 erat
1453 2430 1696 2492 Ulixem
1741 2431 1820 2492 ad
1863 2433 2020 2493 infe-

223 2550 328 2591 ros
375 2529 612 2589 deduci.
699 2531 887 2597 Brevi
929 2531 1262 2590 intervallo
1309 2543 1603 2611 sequutus
1649 2542 1743 2594 est
1785 2533 2017 2611 Pytha-

191 2653 195 2704 '1
224 2622 442 2709 goras,
477 2639 878 2710 portentosae
921 2617 1263 2709 sapientiae
1307 2640 1550 2704 auctor,
1596 2643 1657 2690 et
1689 2633 1848 2692 illud
1873 2633 2015 2692 sub·
2058 2678 2061 2680 -

190 2705 511 2810 {lucanum
556 2741 830 2811 tempus,
875 2748 996 2810 quo
1041 2737 1266 2810 poetae
1309 2731 1768 2811 pbilosophari,
1813 2733 2016 2813 philo-

178 2817 192 2887 s
225 2830 407 2911 sophi
448 2832 693 2911 poetari
735 2839 1102 2910 coeperunt.v
1982 2842 1984 2844 ’

395 2931 514 2990 His
581 2918 767 3011 igitur
795 2940 1088 3013 quatuor
1143 2931 1398 3005 seculis,
1457 2951 1613 3012 quae
1666 2915 2014 2994 Homerum

225 3035 384 3092 inter
442 3041 505 3091 et
561 3031 722 3091 bella
763 3032 1009 3091 Persica
1051 3032 1552 3107 interfluxerunt,
1595 3031 1876 3094 maxima
1918 3055 2011 3094 re-

347 3187 407 3243 [t]
442 3188 510 3229 Ad
554 3189 662 3231 alias
708 3202 861 3230 causas
901 3187 1015 3230 haud
1056 3189 1184 3231 dubie
1214 3190 1425 3245 pertinet,
1467 3189 1581 3245 quod
1610 3191 1756 3233 Draco
1797 3191 1868 3233 vel
1891 3155 2013 3245 jndi—v
2060 3217 2066 3233 ι

229 3262 298 3290 ces
340 3247 409 3288 vel
452 3247 706 3302 litigatores,
736 3261 815 3303 per
844 3247 1022 3299 Jovem‚
1067 3248 1318 3305 Neptunum
1347 3253 1393 3291 et
1421 3248 1661 3292 Minervam
1687 3250 1837 3306 jurare
1861 3249 2006 3304 jussit.

207 3322 267 3357 nv.
310 3305 474 3362 Spanh.
517 3306 573 3349 ad
613 3306 759 3350 Nubb.
792 3304 917 3350 1224.
947 3306 1126 3350 Platner
1156 3307 1233 3350 der
1262 3308 1446 3351 Process
1476 3322 1520 3351 u.
1550 3309 1623 3352 die
1652 3309 1826 3365 Klagen
1855 3306 1915 3352 T.
1947 3307 2007 3348 11.

232 3365 372 3407 Praef.
1034 3396 1042 3403 ,
