2158 3848
834 205 1324 251 oRPn10A..
1839 195 1958 256 561

299 341 383 393 “H
411 339 627 410 κραδίην
664 333 899 394 ἔσάωσας
935 329 1336 398 ἄμιστῦλλευτον
1373 331 1594 394 ἄνακτος

311 423 522 493 αἰθέρος
558 423 612 475 έν
645 416 878 490 γυάλοιο-ι
912 415 1243 487 μεριζομένου
1281 418 1404 470 ποτὲ
1439 415 1647 485 Βάκχου

310 504 546 576 Τιτήνων
580 502 680 557 ὕπὸ
710 503 887 574 χερσὶ,
926 499 1082 572 πόρες
1116 501 1178 555 δέ
1210 499 1234 554 ἒ
1271 503 1426 573 πατρὶ
1461 502 1710 573 φέρουσα,

305 591 448 663 ὄφρα
482 591 595 653 νέος
627 592 879 659 βουλῇσιν
913 583 1006 639 ὕπ’
1047 584 1316 659 ἀῤῥήτοισι
1356 593 1542 657 τοκῆος

307 679 361 730 ἐκ
397 677 625 745 Σεμέλης
660 672 795 727 κατὰ
829 669 1025 740 κόσμον
1062 671 1300 745 ἀνηβήσῃ
1335 670 1612 736 Διόνυσος.

162 780 419 841 Nonnus
461 787 672 839 autem
701 773 1051 856 Hydaspen
1097 776 1163 835 in
1207 773 1477 856 quadam
1510 794 1648 837 cum
1677 777 1964 857 Dionyso
2053 832 2066 841 „

164 879 460 940 Thebano
505 878 1025 939 sermocinatione
1070 875 1221 935 haee
1265 875 1571 937 dicentem
1616 877 1823 939 facit:-

303 994 413 1046 Καὶ
450 991 517 1045 σὺ
552 991 723 1063 φέρεις
759 993 1000 1059 Ζαγρῆος
1036 987 1158 1040 ὅλον
1194 988 1380 1056 δέμας·
1421 987 1699 1059 ἇρχεγόνου
1734 990 1833 1062 γὰρ

305 1079 360 1132 ἔκ
393 1079 608 1149 κραδίης
644 1075 900 1135 ἀνέτελλες
934 1072 1232 1140 ἀειδομένου
1265 1070 1546 1126 Διονύσου.

164 1182 234 1241 L.
279 1180 508 1241 XXIV.
554 1179 657 1238 48.
711 1175 843 1237 Alii
885 1173 1055 1233 idem
1083 1184 1435 1234 ¹narrantes
1490 1195 1607 1256 pro
1652 1175 1813 1241 Jove
1858 1179 1967 1240 Se-

162 1280 366 1341 melen
411 1278 811 1338 substituunt.
898 1275 1188 1362 Hyginus
1233 1273 1385 1334 Fab.
1444 1272 1774 1338 CLXVIII.
1821 1281 1964 1341 238.

158 1379 393 1440 Liber
436 1377 663 1440 Jovis
709 1387 783 1437 et
825 1376 1362 1456 Proserpinae
1406 1375 1630 1438 filius
1677 1398 1714 1438 a
1760 1379 1964 1441 Tita-

158 1481 282 1541 nis
340 1489 463 1540 est
523 1478 1005 1549 distractus,
1075 1477 1298 1554 cujus
1357 1495 1485 1536 cor
1541 1483 1964 1542 contritum

160 1579 386 1643 Jovis
433 1580 786 1649 Semelae
830 1578 909 1638 in
952 1577 1359 1657 potionem
1407 1575 1646 1639 dedit.
1724 1581 1835 1642 Ex
1879 1601 1966 1642 eo

160 1700 597 1764 praegnans
643 1698 869 1761 quum
926 1687 1139 1737 esset
1183 1677 1390 1737 facta
1436 1683 1680 1760 etc.[‘³‘³].
1772 1680 1965 1742 Com-

162 1782 495 1843 modianus
538 1783 823 1841 Instruct.
868 1798 928 1858 p.
975 1778 1077 1837 29.
1122 1778 1344 1855 Rigalt.
1391 1799 1451 1860 p.
1486 1780 1631 1841 624.
1681 1773 1966 1844 Galland.

162 1884 232 1944 T.
275 1884 383 1943 III.
426 1882 664 1942 Liber
707 1881 936 1939 Pater
979 1915 1065 1922 -—
1107 1878 1190 1936 in
1234 1877 1465 1938 India
1506 1890 1735 1942 natus
1780 1883 1967 1945 Pro-

161 1980 511 2063 serpina,
570 1981 1070 2060 belligerans
1129 1987 1404 2039 contra
1452 1980 1780 2043 Titanas
1839 2005 1967 2045 ex-

161 2085 514 2166 spiravit
568 2100 841 2143 rursus
897 2081 1066 2141 fato
1125 2099 1264 2139 suo
1325 2080 1690 2143 redditus
1733 2085 1813 2144 in
1858 2086 1968 2145 al-

162 2194 333 2245 tero
379 2193 659 2246 ventre
703 2218 788 2228 —
848 2181 1204 2260 Percipit
1259 2181 1401 2240 hoc
1458 2182 1760 2243 Semele
1815 2187 1967 2245 ite-

160 2303 330 2346 rum
391 2282 617 2345 Jovis
680 2283 943 2343 altera
1007 2281 1249 2359 Maja‚
1316 2280 1672 2343 abscisso
1746 2287 1965 2365 cujus

162 2394 389 2445 utero
434 2383 757 2444 tollitur
801 2391 877 2442 et
921 2381 1156 2472 datur
1199 2379 1385 2442 Niso
1433 2384 1921 2446 nutriendus.

946 2583 1000 2664 ξ.
1088 2582 1188 2643 34.

334 2756 609 2816 Primum
668 2753 748 2814 de
806 2753 980 2815 clade
1035 2755 1148 2814 filii
1205 2753 1352 2816 Jovi
1409 2755 1699 2813 nuncium
1756 2757 1967 2816 attulit

165 2855 404 2931 Diana,
448 2857 503 2917 si
547 2854 740 2915 modo
784 2874 1003 2918 versus
1048 2854 1602 2937 superius'allatos

279 2966 380 3022 “H
407 2968 456 3022 δ’
490 2968 594 3041 ἄρα
627 2967 709 3021 δῖ’·
735 2965 932 3040 Ἕκάτη
969 2968 1156 3031 παιδὸς
1191 2968 1319 3037 μέλη
1359 2960 1486 3020 αὖθι
1523 2970 1743 3019 λιποῖσα

309 3056 527 3123 Λητοῦς
564 3052 903 3123 εὐπλοκάμοιο
940 3052 1068 3126 κόρη
1106 3051 1442 3126 προςεβήσατ’
1471 3050 1740 3119 ’Όλυμπον

170 3154 578 3236 probabiliter
621 3155 701 3216 de
745 3156 958 3234 Zagrei
1004 3175 1264 3239 corpore
1325 3155 1765 3234 interpretatus
1798 3171 1966 3215 sum.

172 3370 258 3417 170
289 3312 695 3415 [0⁶]671‘32pronpere
725 3314 839 3357 hunc
868 3312 1008 3358 locum
1036 3319 1201 3359 tractat
1230 3306 1437 3356 Barthi'us
1467 3311 1523 3356 ad
1554 3290 1668 3356 Stat.
1699 3312 1842 3357 Theb.
1868 3313 1966 3355 VII.

260 3403 270 3413 .
302 3386 345 3430 P.
468 3403 478 3415 .
1394 3410 1396 3412 ,

1547 3445 1631 3505 36
