2158 3848
897 246 1398 298 onpnch.·
1886 229 2014 291 747

234 380 268 441 ὃ
326 380 473 450 θεὸς
527 381 642 443 οὐκ
694 382 764 442 ἐν
815 378 1074 458 οὐρανῷ
1127 379 1329 449 ἐστιν,
1386 376 1543 439 ἀλλὰ
1601 377 1710 442 διὰ
1753 378 2014 444 πάντων

233 479 561 561 πεφοίτηκε
585 511 669 526 --
686 479 838 561 -ὂῷῑρι
881 474 996 539 καὶ
1027 482 1158 540 τῶν
1188 473 1618 558 ἀτιμοτάτων.
1664 477 2017 540 Alexander

234 577 429 659 Aphr.
480 578 579 638 ἅθ’
615 575 732 644 An.
789 596 849 658 p.
913 575 1053 639 145.
1097 594 1153 637 a.
1185 573 1438 656 ’ἐντοῖς
1479 578 1898 659 φαυλοτάτοις
1939 581 2013 644 τὸ

233 683 416 744 θεῖον
457 676 650 753 εἶναι,
706 678 791 750 ὥς
832 686 962 750 τοῖς
1006 678 1127 741 ἀπὸ
1171 685 1280 757 τῆς
1325 685 1513 748 στοᾶς
1558 674 1744 751 ἔδοξε.
1792 679 2016 740 Sextus

232 778 403 859 Hyp.
445 780 553 839 III.
597 778 699 839 24.
749 778 888 839 182.
942 779 1048 842 καὶ
1090 777 1199 841 διὰ
1241 785 1373 841 τῶν
1415 778 1724 859 εἷὸεχθῶν
1765 777 2015 860 διήκειν.

230 872 422 939 Haud
467 879 785 940 dissimilis
827 881 1033 939 irrisio
1078 878 1582 939 Manichaeorum
1607 923 1626 953 ‚
1682 879 1807 939 dei
1849 900 2017 961 par-

233 989 384 1039 tem
469 980 791 1058 ligatam
878 990 954 1039 et
1035 977 1524 1059 inquinatam
1611 983 1864 1040 teneri
1942 981 2021 1040 in

234 1079 587 1160 omnibus
632 1079 1117 1140 animalibus
1161 1079 1743 1160 fructibusque,
1787 1082 1866 1140 fin
1910 1100 2021 1141 cu-

235 1179 719 1254 cumeribus,
777 1182 855 1239 in
911 1177 1357 1239 melonibus
1404 1190 1479 1237 et
1521 1167 1902 1239 radiculis
1949 1191 2022 1239 et

231 1266 527 1358 poiriS,
582 1289 659 1341 et
714 1281 803 1354 ei¹
840 1278 1255 1355 suffbweniri
1313 1296 1540 1357 quum
1597 1278 1685 1339 ab
1739 1280 2021 1341 electis

230 1378 1088 1457 Manichaeotum-istaj
1119 1376 1472 1448 eduntur.
1527 1379 1815 1460 Prosperi
1853 1379 2022 1447 Ana-

231 1480 420 1540 them.
462 1499 527 1560 p.
570 1479 716 1540 612.
760 1478 832 1539 T.
875 1480 982 1539 111.
1029 1478 1189 1538 Gau.

401 1581 510 1640 111.
567 1579 824 1653 Versus»,
881 1599 1063 1660 quem
1122 1577 1434 1640 Gesnerus
1491 1579 1594 1640 Fr.
1651 1579 1944 1642 XXXIV.
1989 1603 2024 1642 e

232 1680 518 1752 Diacono
563 1681 741 1742 affert
841 1766 845 1769 .

377 1809 617 1877 Εἶνοδίην
644 1795 864 1876 Ἑκάτῄν
896 1803 1064 1877 κλῄζω
1098 1805 1345 1876 τριοὸἴτσ
1383 1803 1613 1877 ἐραννήν.

237 1931 334 1982 est
377 1942 455 1983 ex
500 1922 773 1999 Hymnis
819 1919 1058 1981 dudum
1089 1918 1273 1979 editis
1309 1919 1391 1979 H.
1417 1921 1464 1979 Ι.
1510 1930 1572 1980 et
1602 1938 1786 2002 quem
1821 1942 1856 1982 e
1886 1923 2026 1984 Sto-

233 2023 394 2084 baeo
434 2022 545 2082 Fr.
570 2021 818 2082 XXIX.
1912 2048 1914 2051 ·

356 2141 523 2202 Ἀλλὰ
557 2147 675 2202 θεοὶ
712 2148 901 2218 σοφίης
937 2146 1306 2217 ἓριλαμπὲος
1275 2143 1594 2238 ἡγεμονῆες

261 2236 268 2259 ³
309 2257 312 2259 “
331 2231 595 2289 'adal-vte-
1617 2298 1633 2306 .-

237 2335 482 2415 Proculi
538 2369 614 2410 ex
665 2306 955 2426 Hymno
966 2340 1288 2407 Musarum
1346 2366 1405 2409 v.
1451 2346 1551 2408 30.
1595 2311 1666 2409 ut
1710 2349 2029 2429 Tyrwhit-

235 2437 335 2513 tus
381 2455 466 2512 et
486 2428 881 2513 Hermannus
927 2446 1247 2508 adnotant.
1347 2446 1476 2508 Nec
1520 2437 1824 2546 Stobaeus
1866 2450 2030 2535 hunc

239 2543 522 2648 Orpheo
536 2537 755 2623 tribuit
797 2546 909 2609 sed
951 2557 1102 2608 nota
1103 2546 1517 2664 “marginalis

257 2674 260 2677 ’
403 2641 510 2714 I'v‘.
554 2639 770 2715 Idem'
786 2643 953 2711 valet
998 2625 1139 2708 den
1117 2668 1197 2722 ns
1245 2668 1399 2729 quae
1435 2647 1735 2711 Steuchus
1778 2651 1878 2710 De
1921 2672 2027 2733 pe-

236 2732 405 2819 ienn.
421 2750 679 2852 philoS.
739 2750 901 2811 VIII.
946 2748 1047 2816 23.
1099 2747 1236 2820 189.
1290 2751 1358 2809 in
1402 2749 1636 2832 Orphei
1690 2751 1923 2854 hymno
1963 2755 2029 2812 in

242 2834 497 2942 'stanes
540 2854 660 2931 legi
705 2850 859 2962 dicit
937 2932 939 2934 ‚
987 2842 991 2852 ²

383 2979 747 3047 Δειμαίνουσι
761 2979 817 3031 δὲ
852 2986 958 3031 σεῖο
995 2982 1127 3047 θοῆς
1162 2975 1411 3046 μάστιγος
1449 2975 1658 3046 ἀπειλήν

383 3066 624 3133 δαίμονες
659 3048 962 3147 ἀνθρώπων
990 3059 1272 3132 δηλήμονες
1308 3055 1619 3132 ἀγριόθυμοι

243 3190 307 3240 et
349 3189 620 3253 caetera3
665 3187 808 3238 sunt
852 3179 1015 3238 enim
1060 3177 1302 3236 Proculi
1348 3178 1412 3235 in
1446 3177 1527 3237 Η.
1562 3179 1626 3237 in
1663 3178 1789 3239 Sol.
1829 3199 1889 3241 v.
1927 3181 2027 3240 27.

245 3281 419 3360 cujus
461 3281 679 3358 hymni
735 3280 802 3338 in
845 3275 1039 3338 Codd.
1085 3278 1369 3358 Orphicis
1414 3278 1672 3358 subjecti
1716 3281 2027 3358 leguntur3

247 3401 403 3463 quae
446 3380 706 3441 fortasse
752 3397 933 3440 causa
977 3378 1094 3440 fuit
1138 3397 1242 3439 cur
1270 3376 1597 3441 Kircherus
1643 3381 1830 3439 etalii
1863 3390 2026 3441 octo-
