2158 3848
254 205 382 267 686
790 215 1028 262 huma
1071 216 1506 263 SECUNDUS,

252 353 556 432 Iapygum
615 355 819 410 vestes
877 357 940 406 et
993 346 1341 407 accolarum
1400 346 1555 407 Padi
1621 348 1847 410 habere
1915 371 2042 410 cre-

253 451 482 511 duntur
538 447 758 509 Athen.
816 447 954 508 XII.
1000 445 1143 507 523.
1186 446 1254 506 B.
1300 457 1364 507 et
1407 447 1624 526 Polyb.
1666 450 1744 509 11.
1794 450 1891 511 16.
1943 451 2038 510 13.

251 552 430 612 Paria
472 550 820 610 musinatur
865 545 1283 607 Callimachus
1324 547 1569 628 Fragm.
1614 548 1740 609 Ibis
1783 569 1844 629 p.
1895 550 2040 609 216.

251 649 478 712 Blomf.
523 650 640 720 „in
686 644 919 706 Creta
960 645 1416 707 Menedemo
1462 668 1684 709 sacra
1727 637 1918 708 fieri
1948 651 2043 709 si-

253 771 382 826 „ne
425 749 664 820 ferro,
719 747 899 826 quia
940 750 1018 805 in
1061 745 1273 805 bello
1320 747 1658 827 Trojano
1701 749 2043 812 vulneri-

250 850 429 925 „bus
474 847 901 908 cultrorum
943 847 1311 907 interiit“
1357 857 1420 907 et
1460 847 1778 910 Diodorus
1822 849 1894 909 V.
1937 849 2041 909 83.

248 948 558 1011 Tenedios
613 958 868 1007 narrans
925 946 1175 1007 Tennae
1228 967 1361 1008 rem
1419 946 1706 1009 divinam
1744 948 2040 1007 facientes

246 1068 446 1131 neque
511 1047 793 1108 tibicines
855 1046 1183 1108 admittere
1239 1067 1441 1129 neque
1497 1046 1755 1108 Achillis
1811 1066 2042 1108 nomen

244 1150 685 1234 pronunciare,
738 1147 906 1229 quod
959 1149 1068 1208 ille
1122 1148 1326 1230 Molpi
1385 1147 1660 1209 tibicinis
1716 1148 2040 1208 calumniis

244 1254 312 1313 in
355 1250 686 1311 discrimen
728 1250 898 1311 vitae
941 1247 1274 1322 adductuS,
1334 1247 1412 1308 ab
1455 1248 1698 1308 Achille
1741 1250 1875 1309 vita
1916 1249 2041 1328 pri-

246 1360 430 1414 vatus
485 1351 594 1423 sit3
652 1350 750 1408 cui
804 1350 1117 1426 geminum
1173 1358 1266 1407 est
1307 1348 1650 1409 Pausaniae
1692 1367 1949 1408 acumen
1992 1350 2039 1407 Ι.

246 1451 348 1512 36.
414 1451 474 1510 7.
537 1467 644 1508 cur
698 1447 1059 1525 Pergameni
1112 1447 1476 1526 h‘ymnologi
1533 1450 1600 1506 in
1657 1447 2039 1507 solemnibus

244 1550 603 1631 Aesculapii
644 1547 1041 1628 Eurypylum
1084 1555 1504 1628 praetereant,
1543 1547 1905 1607 Machaonis
1947 1547 2041 1606 in-

244 1652 650 1713 terfectorem.
739 1646 983 1722 Quanto
1042 1647 1399 1708 credibilius
1438 1646 1690 1710 videtur
1734 1645 2041 1708 Tenedios

244 1754 531 1833 antiquos
596 1769 722 1810 non
791 1749 1106 1828 religionis
1178 1767 1364 1809 causa
1422 1749 1500 1808 ab
1557 1748 1815 1810 Achillis
1870 1767 2039 1808 men-

243 1855 414 1913 tione
459 1851 831 1912 abstinuisse
886 1848 998 1910 sed
1046 1851 1190 1930 quia
1232 1849 1506 1909 fabulam
1549 1852 1753 1931 ipsam
1796 1850 2038 1928 ignora-

242 1963 399 2027 rent,
442 1952 723 2012 tibicines
768 1960 975 2010 autem
1019 1968 1145 2009 non
1189 1960 1319 2010 tam
1364 1949 1644 2010 exclusos
1680 1968 1813 2010 esse
1848 1966 2037 2029 quam

242 2071 368 2113 non
428 2051 799 2125 advocatos,
871 2061 1204 2131 propterea
1259 2050 1429 2131 quod
1484 2060 1726 2110 veteres
1783 2051 2035 2110 omnino

241 2170 368 2213 non
411 2151 789 2213 adhibebant
832 2151 915 2210 ad
957 2169 1130 2211 sacra
1174 2150 1402 2211 tibias'.l
1446 2149 1623 2211 Unde
1666 2169 1857 2230 quum
1899 2150 2036 2230 plu-

242 2253 414 2314 ribus
468 2254 536 2313 in
591 2253 744 2313 locis
802 2261 1008 2312 essent
1061 2251 1290 2316 θυσίαι
1343 2254 1640 2325 ἄναυλοι,
1684 2259 1756 2310 ut
1797 2250 2035 2310 Plutar-
2142 2283 2145 2286 Δ

246 2354 393 2414 chus
450 2355 539 2414 ait
592 2352 671 2413 de
725 2351 887 2413 Aud.
947 2363 1113 2433 poet.
1168 2372 1230 2433 p.
1275 2352 1378 2412 62.
1433 2352 1503 2412 Τ.
1548 2351 1680 2412 vll.
1725 2351 1834 2411 alii
1878 2351 2034 2411 alias

245 2471 461 2513 causas
520 2454 854 2513 commenti
907 2461 1053 2513 sunt
1094 2451 1352 2534 perinde
1393 2452 1632 2527 futiles;
1689 2451 2035 2533 Apollodo-

243 2570 349 2612 rus
391 2551 569 2613 verbi
612 2554 811 2630 gratia
851 2554 958 2611 ΙΠ.
1009 2553 1105 2613 15.
1139 2554 1200 2615 8.
1245 2563 1551 2613 memorat
1575 2553 1788 2612 Parios
1834 2552 2032 2612 adhuc

246 2653 478 2713 Gratiis
545 2654 678 2712 sine
742 2653 984 2711 coronis
1052 2661 1116 2711 et
1175 2653 1344 2712 tibiis
1399 2654 1749 2732 supplicare
1802 2652 2031 2711 Minois

246 2772 462 2827 causa,
506 2771 690 2833 quem
736 2752 923 2812 allata
964 2753 1125 2811 inter
1168 2752 1630 2812 sacrificandum
1674 2752 1787 2810 filii
1829 2762 2030 2811 morte

244 2873 534 2915 coronam
591 2852 951 2933 deposuisse
1004 2853 1363 2932 tibicinique
1418 2853 1730 2912 silentium
1773 2852 2031 2915 indixis-

244 2973 342 3029 se3
403 2955 577 3032 cujus
634 2953 930 3014 historiae
988 2954 1424 3033 intempestive
1479 2955 1765 3013 meminit
1809 2953 2028 3013 Sueto-

242 3056 383 3115 nius
427 3053 742 3115 Tiberium
784 3072 1039 3114 narrans
1084 3073 1205 3135 quo
1248 3056 1521 3135 primum
1567 3052 1668 3112 die
1713 3063 1860 3134 post
1900 3052 2041 3127 Au?

242 3156 405 3234 gusti
448 3173 761 3214 excessum
806 3157 1035 3215 curiam
1078 3156 1397 3229 intrasset,
1442 3155 1620 3214 thure
1662 3154 1911 3235 quidem
1955 3172 2027 3214 ac

242 3257 393 3317 vino
438 3259 654 3316 ver'um
700 3257 832 3315 sine
874 3256 1122 3316 tibicine
1163 3256 1542 3336 supplicasse
1578 3255 1864 3315 Minois
1909 3273 2023 3313 ex-

245 3356 533 3436 emplo,
587 3355 789 3417 Tiber.
846 3377 892 3416 c.
949 3354 1140 3417 LXX.
1204 3355 1368 3436 quod
1404 3355 1750 3438 vprudenter
1793 3356 2022 3417 omittit
