2158 3848
0 880 3 926 i

712 214 1285 258 ELEUSINIA.
1769 208 1891 270 157

120 361 286 412 extat
325 353 390 409 in
433 348 694 408 Homeri
717 346 1086 406 carminibus
1112 347 1482 426 exemplum,
1526 352 1695 430 (nam
1720 354 1889 435 quod

115 451 329 511 Martis
382 457 444 507 et
495 448 755 507 Vulcani
807 447 1063 505 nomina
1112 445 1426 505 interdum
1485 467 1600 528 pro
1644 454 1782 528 igne
1826 466 1888 516 et

116 544 439 609 certamine
489 555 832 628 ponuntur,
890 546 1046 605 alius
1090 537 1263 606 modi
1307 547 1425 628 est)
1467 549 1534 607 in
1577 549 1886 614 Parmeni-

112 648 207 707 dis
259 665 441 720 vero,
501 647 801 707 Heracliti
854 656 916 705 et
968 643 1363 726 Empedoclis
1408 649 1651 728 scriptis
1695 653 1885 730 pluri-

108 767 227 808 ma.
310 748 408 806 De
449 746 867 824 Anaxagoreis
921 748 987 805 in
1028 748 1385 807 universum
1431 747 1752 824 Syncellus
1796 754 1884 812 af-

106 849 335 920 firmat,
380 866 486 906 eos
528 845 750 909 Jovem
793 847 1258 924 intelligentiam
1300 849 1722 928 interpretari,
1766 852 1882 912 Mi-

102 966 358 1009 nervam
424 956 652 1021 artem3
709 947 874 1027 quod
929 947 1009 1006 ad
1064 948 1329 1006 ethicum
1384 968 1573 1025 genus
1628 962 1883 1031 spectat.

101 1047 202 1107 An
224 1065 395 1107 -vero
437 1047 616 1107 illum
657 1046 860 1129 ipsum
905 1047 1087 1124 hujus
1130 1056 1332 1106 sectae
1372 1050 1734 1130 principem,
1777 1056 1885 1133 qui

102 1147 268 1206 idem
295 1150 533 1227 primus
559 1149 857 1221 omnium,
900 1149 954 1207 si
976 1146 1243 1224 Diogeni
1264 1148 1587 1223 credimUS,
1619 1150 1883 1212 Homeri

100 1249 370 1306 carmina
401 1247 479 1305 de
510 1249 741 1308 virtute
770 1256 831 1306 et
846 1247 1094 1324 justitia
1117 1266 1250 1306 esse
1273 1247 1458 1322 dixit,
1501 1248 1881 1328 Allegoreta—

97 1367 232 1406 rum
262 1367 296 1406 e
318 1365 576 1406 numero
604 1346 1038 1425 excludemus<l
1073 1346 1327 1409 Veteres
1354 1347 1603 1429 quidem
1628 1369 1754 1410 non
1778 1371 1879 1412 so-

94 1449 221 1507 lum
246 1448 599 1524 mythorum
623 1448 1059 1527 interpretibus
1083 1447 1195 1508 sed
1221 1449 1877 1513 omnibus‘abditarum

94 1532 532 1608 sententiarum
580 1548 1019 1609 scrutatoribus
1068 1549 1186 1608 hoc
1228 1567 1456 1610 nomen
1497 1552 1876 1631 impertiunt.

94 1649 305 1728 Neque
360 1667 470 1726 ego
514 1647 734 1721 video,
778 1667 882 1707 cur
926 1649 1028 1709 vel
1073 1649 1291 1708 Glauci
1332 1651 1436 1711 ‘vel
1481 1649 1880 1715 Stesimbroti

94 1748 375 1818 διανοίας
418 1758 480 1806 et
521 1747 848 1821 ὑπονοίας,
907 1750 1042 1810 sive
1094 1750 1238 1808 illae
1289 1749 1366 1808 de
1414 1751 1646 1826 mythis
1669 1753 1875 1829 fuere,

90 1850 225 1909 sive
281 1847 358 1907 de
402 1847 540 1906 aliis
581 1846 785 1919 rebuS‚
827 1866 954 1906 non
996 1847 1219 1907 eodem
1261 1868 1479 1926 genere
1523 1859 1585 1908 et
1624 1854 1875 1912 nomine

90 1943 520 2026 allegoriarum
544 1946 1023 2027 complectamur
1039 1948 1128 2029 [⁰].
1175 1944 1512 2029 Utrumque
1538 1950 1716 2011 Plato
1741 1952 1874 2012 Me-

7 2127 8 2130 *
86 2048 340 2108 trodoro
382 2046 691 2125 adjungit,
737 2047 907 2123 cujus
951 2047 1279 2125 allegorica
1322 2052 1874 2130 interpretamenta

5 2132 9 2166 ἔ
86 2157 322 2223 extant;
378 2146 854 2236 Stesimbrotum
896 2146 1247 2229 Xenophon
1290 2152 1601 2210 consociat
1640 2153 1872 2229 Anaxi-

0 2237 2 2243 *
86 2247 343 2308 mandro
361 2245 455 2327 [d]‚
499 2266 679 2327 quem
714 2245 933 2306 eadem
967 2250 1074 2307 via
1106 2259 1449 2326 grassatum
1471 2270 1622 2315 ,esse
1660 2272 1693 2310 e
1722 2253 1872 2313 Ful-v

86 2350 292 2426 gentio
338 2347 588 2425 colligo,
647 2348 754 2426 qui
796 2345 1336 2408 Anaximandrum
1380 2349 1868 2431 Lampsacenum

85 2459 148 2508 et
187 2448 637 2528 Xenophanem
663 2445 1202 2527 Heracleopoliten
1221 2448 1540 2518 Musarum
1581 2453 1868 2529 mythum

82 2549 502 2628 physiologice
558 2547 931 2627 explicuisse
985 2547 1175 2607 tradit
1227 2546 1392 2608 XIV.
1438 2550 1581 2610 604.
1635 2553 1754 2613 His
1798 2573 1866 2615 se

81 2647 372 2727 adiunxit
387 2648 799 2721 DemocrituS‚
827 2648 882 2707 si
908 2646 1097 2707 modo
1127 2634 1291 2709 illius
1320 2649 1477 2710 liber
1504 2651 1644 2726 fuit,
1681 2673 1865 2734 quem

9 2779 11 2782 >
81 2747 389 2827 Diogenes
445 2758 774 2810 memorat:
840 2750 1244 2836 Τριτογένεια·
1303 2759 1488 2814 τοῦτο
1545 2751 1614 2815 δὲ
1672 2755 1860 2829 ἔστιν,

0 2861 13 2931 '3
85 2848 178 2911 ὅτι
217 2849 360 2932 τρία
393 2848 629 2935 γίνεται
661 2852 724 2921 ἐξ
756 2850 944 2929 αὐτῆς
978 2850 1017 2912 ἃ
1052 2848 1260 2914 πάντα
1295 2850 1673 2935 ἀνθρώπινα
1708 2875 1859 2919 συν-

8 2934 13 2997 ἷ·
86 2947 201 3026 ἔχει
238 2948 346 3009 IX.
401 2948 502 3009 46.
545 2947 690 3009 413.
745 2968 903 3031 quae
946 2950 1141 3011 fusius
1187 2951 1460 3031 explicat
1497 2951 1857 3015 Eustathius

9 3070 12 3135 s
84 3066 146 3126 p.
199 3046 339 3108 696.
382 3049 481 3109 37.
545 3053 930 3136 Τριτογένεια
985 3054 1397 3136 ἂλληγορικῶς
1451 3051 1489 3130 ἡ
1533 3051 1854 3136 φρόνησις,

200 3200 263 3258 [⁶]
294 3202 371 3245 Vir
398 3202 668 3248 doctissimus
697 3205 945 3249 Nitzschius
977 3206 1032 3250 ad
1061 3207 1172 3249 Plat.
1202 3206 1293 3248 Ion.
1324 3219 1367 3262 p.
1396 3206 1437 3248 9.
1468 3207 1702 3264 allegoriae
1732 3223 1852 3253 usmn

88 3259 336 3302 Metrodoro
366 3263 580 3316 concedit,
612 3263 803 3317 Glauco,
834 3265 1114 3309 Stesimbroto
1145 3269 1189 3306 et
1218 3265 1444 3321 rhapsodis
1474 3266 1711 3322 abjudicat.

202 3316 262 3374 [d]
296 3318 441 3375 Symp.
467 3321 549 3364 111.
577 3322 619 3365 6.
650 3322 724 3365 ubi
746 3322 1029 3368 Schneiderus
1059 3325 1203 3377 „hunc
1233 3337 1311 3365 nec
1338 3323 1432 3380 ipse
1462 3325 1729 3369 doctissimus
1753 3338 1848 3370 car-

82 3377 268 3429 „minum
298 3377 615 3425 Homericorum
643 3381 870 3425 historicus
898 3383 1042 3435 novit,
1073 3383 1168 3439 quis
1198 3382 1322 3425 homo
1352 3383 1528 3427 fuerit.“
