2158 3848
616 220 1257 295 ‚nnnuslum¹
1737 239 1856 305 125

99 393 312 472 „quoit
364 405 491 448 aux
532 386 737 448 inities
780 384 888 445 des
930 386 1174 444 notions
1208 386 1404 462 J'ustes
1447 399 1551 443 sur
1594 387 1656 445 la
1697 385 1857 450 divi-

100 489 303 564 „nite“
350 487 418 546 T.
463 489 508 546 I.
551 487 694 546 422.
779 484 918 545 Hoc
959 487 1014 544 si
1057 484 1451 570 concesseriS‚
1495 501 1677 544 causa
1718 507 1853 566 per-

101 589 229 648 dita
255 589 399 660 erit}
442 604 638 665 neque
665 584 914 644 concedi
938 585 1032 644 fas
1059 594 1166 644 est.
1210 581 1515 664 Equidem
1548 603 1625 645 ex
1645 587 1855 646 multis

96 687 476 765 multumque
516 687 676 744 inter
697 691 764 745 se
790 685 1048 747 diversis
1073 685 1291 758 teletiS‚
1333 683 1613 763 privatis,
1655 684 1859 766 publi-

98 789 213 859 cis,
268 784 644 857 domesticis,
697 787 1060 865 peregrinis,
1113 803 1239 845 non
1281 803 1569 864 quaeram
1610 803 1859 866 scrupu-

96 887 283 944 losius
294 927 312 957 ‚
369 902 446 942 an
505 880 886 965 Chrysippus
938 904 1131 945 unum
1186 894 1416 948 certum
1471 905 1657 966 genus
1701 885 1862 948 desi-

96 985 373 1062 gnaverit
415 993 478 1042 et
519 983 858 1064 quodnam3
901 1004 1215 1046 sumamus
1257 986 1399 1044 licet
1441 985 1518 1044 de
1554 987 1860 1045 universis
1913 1030 1917 1033 μ

95 1085 302 1145 valere
366 1101 521 1162 quae
588 1083 765 1157 dicit,
819 1094 881 1144 et
935 1086 1327 1165 potissimum
1382 1084 1458 1143 de
1511 1084 1861 1144 Eleusiniis.

96 1183 300 1244 Nihilo
369 1185 563 1242 secius
617 1183 697 1242 ad
752 1184 1061 1244 doctrinae
1118 1183 1432 1263 cujusdam
1487 1183 1861 1245 sublimioris

95 1284 546 1363 perceptionem
589 1284 744 1342 nihil
784 1285 924 1343 hinc
963 1286 1294 1364 proficitur.
1341 1281 1720 1366 Chrysippus
1746 1282 1862 1345 hoe

97 1383 271 1442 dicit:
327 1377 517 1461 quani
568 1384 872 1443 rationem
915 1382 996 1442 ad
1038 1384 1435 1444 Dialecticam
1479 1393 1541 1442 et
1581 1384 1863 1443 Ethicam

95 1483 276 1542 habet
319 1482 669 1560 Theologia,
688 1485 864 1556 ·sive,
908 1493 978 1542 ut
1018 1486 1215 1544 nostri
1258 1483 1495 1557 dicunt,
1539 1483 1863 1564 Metaphy-

96 1586 251 1655 sica,
307 1582 566 1641 eandem
621 1581 702 1642 ad
756 1586 1103 1643 communia
1145 1602 1317 1643 sacra
1359 1583 1587 1643 habent
1629 1584 1862 1642 teletas

98 1682 221 1742 Sed
285 1683 401 1741 hoc
463 1684 671 1762 ipsum
740 1683 1018 1762 pluribus
1075 1683 1276 1742 modis
1329 1683 1587 1759 intelligi
1639 1691 1862 1763 potest.v

96 1781 256 1841 Nam
285 1780 535 1840 Teletae
578 1791 686 1841 aut
726 1791 980 1862 propter
1017 1784 1357 1861 argumenti
1398 1781 1865 1841 similitudinem

97 1901 234 1941 cum
286 1881 715 1960 philosophiae
768 1893 943 1960 parte
995 1876 1194 1941 tertia·
1219 1892 1280 1940 et
1320 1864 1663 1961 postrema,
1710 1899 1864 1961 quae

96 1990 189 2040 est
244 1979 320 2038 de
374 1990 592 2039 natura
647 1989 709 2039 et
746 1981 930 2041 rebus
976 1982 1256 2054 occultiS‚
1326 1982 1672 2062 comparari
1719 1997 1865 2061 pos-

98 2089 256 2153 sunt,
298 2090 405 2139 aut
448 2082 591 2160 quia
635 2080 896 2141 eundem
940 2080 1249 2160 dignitatis
1283 2081 1541 2159 gradum
1570 2081 1861 2141 obtinent.

96 2179 259 2239 Illud
328 2182 430 2260 qui
496 2190 748 2240 sumunt
815 2189 997 2262 atque
1061 2183 1125 2240 in
1192 2183 1501 2258 mysteriis
1557 2200 1864 2241 summam
1929 2249 1933 2253 ¹

100 2278 408 2358 quandam
460 2278 917 2360 disciplinarum
959 2281 1436 2359 theologicarum
1476 2282 1864 2362 propositam

101 2396 233 2437 esse
285 2378 534 2453 volunt,
590 2398 716 2439 non
767 2381 968 2440 solum
1010 2381 1182 2439 nulla
1223 2380 1448 2440 idonea
1489 2381 1731 2440 ratione
1772 2382 1864 2439 ni-

100 2485 311 2537 tuntur
378 2478 488 2538 sed
553 2481 736 2539 etiam
804 2478 1256 2539 difficultatibus
1309 2480 1699 2559 implicantur
1766 2481 1862 2554 iis,

99 2596 247 2657 quas
290 2579 354 2637 in
394 2580 695 2659 principio
726 2581 1230 2654 commemoravi3
1273 2578 1436 2638 unde
1459 2598 1525 2639 se
1548 2596 1864 2658 nunquam

99 2679 438 2759 expedient.
521 2677 794 2754 Deinde,
828 2669 902 2739 'si
946 2677 1278 2760 Chrysippi
1318 2679 1510 2740 verba
1551 2681 1640 2738 ita
1681 2679 1865 2737 inter-

99 2789 430 2859 pretamur,
471 2789 540 2839 ut
580 2781 647 2840 in
690 2781 873 2840 sacris
914 2782 1262 2858 mysticis
1291 2780 1686 2856 Theologiam
1727 2797 1866 2856 pern

103 2887 418 2939 tractatam
471 2898 603 2940 esse
658 2878 958 2954 dicamus,
1030 2868 1315 2959 effugere
1341 2898 1467 2940 non
1519 2895 1864 2964 possumus,

106 2979 250 3055 quin
301 2978 642 3058 publicis
685 2979 939 3040 eandem
985 2999 1121 3040 cum
1163 2981 1501 3040 Dialectica
1545 2987 1605 3037 et
1647 2963 1869 3037 Ethica

106 3077 566 3138 similitudinem
608 3077 962 3156 reddamus3
1008 3080 1171 3160 quod
1204 3080 1371 3140 dictu
1397 3076 1730 3140 absurdum
1756 3086 1862 3136 est.

108 3174 268 3251 Ergo
323 3179 696 3259 comparatio
752 3180 871 3239 ista
924 3181 1130 3260 posita
1185 3189 1276 3239 est
1329 3181 1396 3238 in
1446 3179 1562 3237 hac
1613 3195 1736 3237 una
1776 3197 1864 3250 re,

110 3270 293 3353 quod,
335 3284 403 3332 ut
441 3296 646 3337 rerum
689 3276 1036 3340 divinarum
1078 3280 1338 3356 cognitio
1373 3279 1667 3355 omnium,
1709 3294 1864 3355 quae

111 3389 148 3429 a
189 3372 566 3453 philosophis
610 3387 992 3456 quaeruntur,
1035 3398 1179 3458 pars
1224 3388 1318 3438 est
1359 3376 1710 3438 difficillima
1732 3358 1886 3452 gra-v
