2158 3848
234 231 359 291 286
771 241 1007 284 LIBER
1051 240 1476 285 ssscuNnus.

232 374 439 435 Liberi
481 389 709 432 nomen
754 372 1127 445 continetur,
1170 389 1207 430 a
1249 368 1559 432 veteribus
1585 365 1825 428 Criticis
1870 369 2004 429 sive

232 496 344 556 per
386 493 452 534 se
493 475 701 553 ipsoS‚
743 472 878 533 sive
921 473 1063 551 quia
1105 472 1459 551 suspiciosis
1489 470 1802 529 intertexti
1843 477 2005 541 sunt,

232 577 298 635 in
341 573 851 653 disceptationem
895 579 1149 651 vocatos
1195 590 1343 630 esse.
1429 571 1702 630 Primum
1738 567 1895 628 illud
1930 567 2007 627 de

234 675 530 753 amphora
575 670 690 729 Od.
735 668 962 729 XXIV.
1005 670 1108 733 74.
1164 689 1344 749 quam
1388 671 1707 747 Dionysus
1764 689 1802 729 a
1856 667 2004 727 Vul-
2099 701 2102 704 <

233 792 384 833 cano
453 779 767 850 acceptam
822 768 1071 828 Thetidi
1128 769 1416 843 donavit,
1484 769 1702 830 eodem
1751 768 2008 849 judicio,

231 871 350 952 quo
397 881 529 931 tota
571 889 767 951 parva
791 869 1057 947 Necyia,
1103 868 1443 929 damnatur.
1532 870 1880 933 Secundum
1918 868 2005 926 lo-

233 990 372 1031 cum
418 970 532 1031 od.
575 970 685 1030 XI.
731 967 874 1031 325.
918 969 1024 1029 ubi
1069 978 1163 1029 est
1204 970 1411 1029 Diana
1443 969 1777 1030 Ariadnam
1822 971 2007 1027 inter-

230 1074 427 1132 imens
473 1070 784 1135 Διονύσου
829 1070 1236 1153 μαρτυρίῃσι,
1293 1070 1685 1130 Herodianus
1730 1086 2008 1129 summae

232 1173 611 1232 auctoritatis
659 1171 1141 1244 GrammaticuS,
1202 1171 1281 1230 ob
1328 1173 1778 1253 correptionem
1823 1168 2008 1245 sylla-

230 1272 378 1346 bae,
432 1291 589 1352 quae
644 1281 738 1330 est
790 1273 856 1330 in
907 1273 1114 1350 priore
1156 1273 1405 1330 nomine
1451 1272 1528 1331 ab
1574 1267 1848 1331 extrema
1891 1278 2008 1327 ter·

230 1374 348 1446 tia,
411 1375 479 1432 in
523 1373 870 1451 suspicione
913 1373 1123 1450 posuit
1165 1391 1224 1432 v.
1269 1372 1476 1449 Etym.
1520 1372 1603 1431 M.
1667 1390 1714 1430 S.
1758 1366 2005 1432 Διώνυ-

233 1495 354 1543 σος.
442 1472 567 1531 Sed
610 1472 717 1530 ille
761 1489 976 1531 versus
1019 1473 1089 1530 ΙΙ.
1134 1470 1315 1531 XIV.-
1345 1470 1488 1532 325.
1532 1470 1860 1535 Διώνυσον
1882 1478 2006 1531 Σε-

230 1575 376 1655 μέλη
433 1573 564 1634 τέκε
611 1570 831 1655 χάρμα
886 1575 1241 1654 βροτοῖσιν,
1301 1575 1533 1651 pariter
1589 1591 1726 1632 cum
1777 1573 1857 1629 iis
1901 1570 2007 1649 qui

232 1671 602 1732 antecedunt
656 1673 940 1750 proxime
1008 1682 1069 1731 et
1123 1672 1577 1751 subsequuntur
1633 1672 1710 1732 ab
1757 1670 2006 1731 Aristo-

229 1774 432 1852 phane
475 1772 735 1849 rejectus
783 1781 903 1845 est,
963 1782 1195 1832 temere
1238 1774 1498 1833 fortasse
1542 1783 1604 1832 et
1644 1770 2008 1842 inconsulte,

231 1874 286 1932 si
329 1872 408 1931 ob
451 1872 606 1930 nihil
649 1871 819 1930 aliud
863 1891 1047 1952 quam
1107 1875 1251 1953 quia
1304 1875 1412 1934 illa
1454 1883 1735 1935 veterum
1780 1874 2007 1931 amica—

231 1992 370 2032 rum
432 1973 811 2050 computatio
873 1992 987 2032 nec
1039 1970 1215 2035 Jovis
1279 1993 1578 2052 personae
1639 1975 2006 2035 conveniens

231 2091 343 2132 nec
388 2072 470 2132 ad
513 2082 757 2151 tempus
802 2082 865 2131 et
906 2073 1109 2131 locum
1152 2075 1301 2132 satis
1335 2085 1481 2153 apta
1525 2083 1644 2149 est3
1687 2073 1798 2133 sed
1825 2092 2006 2153 quae-

231 2175 389 2231 ritur
432 2191 511 2231 an
554 2190 680 2230 non
722 2172 930 2251 plures
972 2172 1255 2231 habuerit
1310 2184 1370 2232 et
1412 2177 1723 2251 graviores
1779 2173 1859 2233 ad
1912 2194 2006 2232 re-

231 2270 615 2351 pudiandum
659 2273 950 2346 rationes,
991 2274 1261 2354 primum
1304 2275 1480 2334 illum
1513 2273 1860 2337 ’Ἡσιόδειον
1886 2301 2006 2354 χα-

233 2380 540 2454 ρακτῆρα,
587 2391 767 2451 quem
812 2383 1051 2434 veteres
1106 2392 1327 2451 magno
1390 2385 1688 2434 consensu
1729 2374 2004 2435 Homero

233 2469 614 2548 abjudicant,
660 2471 883 2531 deinde
924 2474 1180 2533 Danaae
1223 2474 1548 2554 Perseique
1590 2494 1815 2535 nomen
1857 2494 2005 2555 poe-

155 2572 157 2574 ’
201 2581 365 2644 tae,
410 2580 478 2628 ut
519 2569 706 2629 iidem
750 2573 1000 2645 volunt,
1043 2575 1316 2650 ignotum
1337 2571 1434 2654 [Μ’]
1482 2575 1721 2654 aliaque
1763 2577 2005 2636 novita-

233 2672 314 2730 tis
368 2669 612 2730 indicia.
698 2670 860 2730 Illud
916 2682 1076 2731 certe
1136 2672 1383 2752 quidem
1439 2694 1472 2731 e
1531 2674 1729 2733 Schol.
1789 2675 2001 2735 Ambr.

235 2769 350 2830 Od.
392 2769 501 2834 IX.
571 2770 707 2830 198.
766 2771 992 2846 elucet,
1079 2774 1258 2853 plura
1313 2774 1503 2833 fuisse
1554 2776 1620 2833 in
1676 2774 1793 2833 hoc
1845 2776 2002 2850 loco,

234 2891 388 2952 quae
432 2868 641 2931 Critici
685 2871 1031 2951 culparent:
1082 2883 1282 2937 ταῦτα
1327 2883 1683 2956 σημειοῦται
1736 2878 1890 2959 πρὸς
1929 2881 2000 2942 τὸ

232 2974 317 3055 μὴ
360 2971 780 3055 παραδιδόναι
822 2975 1102 3056 (Όμηρον
1146 2973 1458 3039 Διόνυσον
1511 2981 1682 3040 οἴνου
1728 2978 1999 3061 εὑρετὴν,

232 3073 347 3135 τὸν
391 3071 460 3135 δὲ
503 3072 799 3157 Μάρωνα
843 3076 917 3138 οὗ
954 3072 1265 3138 Διονύσου
1310 3077 1464 3139 ἄλλα
1502 3075 1874 3149 Ἀπόλλωνος
1918 3081 2000 3141 ἱε-

353 3269 443 3329 [bb]
477 3287 518 3316 v.
547 3273 739 3317 Massieu
766 3275 879 3318 Diss.
910 3276 963 3319 de
993 3275 1187 3332 Gorgon.
1217 3277 1261 3318 in
1294 3277 1585 3320 Mechcad.
1615 3278 1716 3321 Par.
1741 3278 1799 3324 T.
1822 3278 1904 3321 III.
1927 3254 2000 3319 51J

236 3331 438 3374 Persidas
477 3333 598 3375 novit
634 3333 845 3376 Homerus
873 3334 924 3377 Il.
955 3334 1075 3377 XIX.
1111 3335 1206 3378 116.
1238 3336 1312 3378 sed
1344 3350 1398 3378 an
1429 3336 1601 3379 divinus
1630 3337 1781 3380 Persei
1811 3342 1926 3380 ortus
1955 3335 1996 3378 ei

238 3394 361 3432 notus
391 3391 546 3443 fuerit,
577 3391 675 3434 hinc
704 3392 865 3450 liquido
890 3393 1078 3450 judicari
1109 3395 1270 3450 nequit.

2138 936 2158 1350 -Qffffl¹f
2142 875 2158 927 Z*

2152 3016 2158 3034 .».
2148 2861 2158 2987 .--’Ὰ
2152 2807 2158 2822 ι.
2156 2763 2158 2765 .
