2158 3848
816 220 1280 296 ossrrsscA.
1549 247 1556 250 <
1814 215 1934 276 721

154 371 212 412 a·
248 349 505 410 Proculo
564 349 766 410 allatis
822 346 1037 407 addidi
1082 357 1421 412 extremum
1476 354 1810 421 Ἀθάνατοι
1853 398 1935 407 -—

153 453 506 532 ἄνθρωποι,
549 446 896 509 Hesiodum
939 448 1240 508 imitatus».
1285 438 1496 510 Plures
1542 470 1668 511 non
1708 466 1935 533 extant,

151 559 220 608 ut
273 569 412 609 mea
471 547 720 628 quidem
775 549 1079 608 memoria
1133 558 1255 623 est,
1289 551 1760 630 ‘neque'horum
1806 576 1934 615 cer-

149 659 248 709 tus
304 658 516 710 auctor
567 646 854 728 proditur
888 647 1018 707 'sed
1064 649 1131 707 in
1186 656 1508 710 commune
1563 652 1955 731 Pythagorei·

147 749 264 808 hoc
316 749 549 826 hymno
605 750 698 808 uti
753 748 1169 829 perhibentur.
1260 750 1476 829 Itaque
1534 753 1707 812 nulla
1751 764 1936 813 causa
1983 808 1988 815 .

148 854 279 921 est,
308 868 415 908 cur
457 850 766 909 senarium
809 849 1010 922 illum,
1054 867 1233 928 quem
1278 849 1491 927 Lydus
1538 851 1785 933 Orpheo
1829 857 1936 914 tri-

145 947 310 1021 buit,
374 967 489 1008 nos
541 951 756 1008 'autem
821 958 1079 1029 propter
1133 948 1489 1027 adjunctum
1547 953 1604 1010 ei
1661 953 1934 1013 hemisti-

147 1047 348 1108 chium
395 1050 654 1132 ἆριθμῷ
708 1050 784 1112 δέ
819 1074 883 1112 τε
927 1048 1106 1111 πάντ’
1153 1051 1378 1112 ἐπέοικε
1422 1051 1658 1126 hymno
1704 1053 1929 1128 Pytha-

144 1150 350 1224 gorico
407 1148 877 1228 adscripsimuS,
935 1166 972 1206 a
1015 1147 1363 1224 Pythagora
1403 1150 1542 1229 ipso
1589 1149 1823 1210 editum
1871 1162 1934 1210 et

138 1247 304 1331 Ἱερῷ
333 1245 512 1331 ,λόγῳ
556 1250 855 1307 insertum
885 1254 1207 1325 putemus.

935 1457 990 1536 ξ.
1077 1459 1135 1516 2.

307 1628 632 1688 Praeterea
695 1627 904 1707 plures
960 1627 1210 1685 fuerunt
1259 1628 1430 1710 Ἱεροὶ
1470 1622 1655 1715 ’λόγοι
1710 1631 1922 1692 Samio

135 1727 508 1807 philosopho
553 1728 861 1807 inscripti;
909 1745 1083 1799 unus,
1128 1746 1307 1806 quem
1331 1726 1711 1789 Jamblichus
1742 1729 1921 1792 CLII.

135 1848 196 1908 p.
269 1827 411 1887 318.
482 1826 690 1888 verbis
745 1846 987 1907 parum,
1027 1828 1256 1906 apertis
1313 1831 1380 1890 ἐν
1437 1835 1566 1897 τοῖς
1622 1831 1923 1902 Λατίνοις

134 1925 678 2013 ἀναγινώσκεσθαι
736 1925 917 2000 dicit3
973 1924 1138 1984 unde
1193 1926 1374 2005 plura
1418 1926 1495 1986 de
1542 1931 1921 1992 castimoniis

133 2027 308 2087 affert
374 2035 438 2086 et
491 2026 571 2086 de
625 2024 843 2086 diebus
899 2025 1336 2086 sacrificalibus
1391 2036 1724 2108 praecepta
1782 2049 1918 2091 cum

130 2145 532 2188 numerorum
577 2125 870 2204 religione
915 2127 1265 2205 conjuncta3
1311 2145 1432 2206 qua
1476 2126 1737 2187 dialecto
1772 2148 1919 2190 usus

131 2229 214 2288 sit
256 2229 519 2308 scriptor
575 2234 638 2285 et
680 2245 800 2305 quo
844 2246 1063 2304 genere
1106 2225 1378 2299 dicendi,
1436 2229 1691 2286 tacitum
1735 2230 1917 2289 relin-

131 2329 280 2408 quit.
366 2327 465 2389 Ab
518 2327 636 2387 hoc
690 2327 824 2385 sine
878 2325 1068 2385 dubio
1125 2325 1407 2388 diversus
1460 2326 1581 2385 fuit
1634 2328 1688 2386 is
1755 2304 1915 2412 ἱερός

131 2426 340 2514 λόγος,
399 2447 578 2508 quem
635 2425 838 2485 solum
882 2425 1240 2486 Heraclides
1284 2427 1667 2504 Pythagorae
1712 2432 1910 2489 nomi-

129 2530 340 2588 natim<
391 2523 713 2599 adscribit,
788 2525 865 2585 ab
931 2526 1050 2586 hoc
1104 2526 1360 2587 exordio
1416 2526 1765 2613 inductum:
1826 2527 1910 2593 Ὦ

128 2631 256 2694 νέοι
300 2627 455 2691 ἀλλὰ
501 2630 762 2710 σέβεσθε
805 2628 950 2708 μεθ’
995 2627 1248 2707 ἡσυχίης
1281 2625 1433 2690 τάδε
1468 2625 1695 2700 πάντα,
1742 2629 1908 2688 unde

129 2730 462 2808 colligitur,
527 2727 971 2788 nutheteticum
1045 2727 1162 2787 hoc
1228 2727 1418 2787 fuisse
1487 2746 1730 2786 carmen
1785 2748 1904 2808 quo

126 2839 452 2911 praecepta
493 2828 741 2890 virtutis
782 2829 990 2907 potius
1037 2836 1098 2886 et
1138 2828 1407 2907 pietatiS,
1451 2845 1633 2906 quam
1681 2846 1904 2888 arcana

128 2948 519 2989 numerorum
563 2926 946 2987 traderentur
961 2929 1054 3009 [³].
1099 2927 1332 3041 Iliorum
1377 2936 1659 2986 neutrum
1707 2929 1899 2989 credi-

246 3084 316 3142 [⁸]
347 3084 419 3127 Ex
447 3085 529 3128 hoc
557 3085 743 3127 sortasse
773 3082 900 3126 sumti
928 3088 1024 3127 nunt
1056 3098 1204 3127 versus
1234 3082 1540 3139 Pythagorae,
1571 3096 1678 3140 quos
1706 3085 1898 3129 Justinus

131 3143 321 3186 servavit
348 3143 403 3185 de
432 3142 658 3187 Monarch.
689 3157 731 3199 p.
764 3141 860 3183 105.
892 3141 942 3184 C.

382 3204 443 3244 Εἴ
466 3217 530 3252 τις
546 3202 653 3259 ἐρεῖ
677 3197 785 3250 θεός
812 3202 906 3260 εἰμι
933 3201 1075 3271 παρὲξ
1105 3197 1226 3254 ἑνὸς,
1283 3214 1411 3248 ουτος
1434 3197 1614 3271 ὀφείλει

381 3254 554 3332 κόσμον
582 3263 684 3331 {aar
710 3255 850 3329 τούτῳ
878 3255 1041 3313 στήσας
1068 3261 1236 3313 εἰπεῖν,
1260 3255 1376 3329 ἐμὸς
1403 3272 1542 3312 ουτος,

495 3319 512 3360 2
540 3314 687 3391 μόνον
715 3314 879 3371 στήσας
907 3319 1051 3361 εἰπεῖν
1078 3315 1213 3374 ἐμὸς,
1223 3291 1359 3358 ἀλλὰ
1389 3320 1614 3360 κατοικεῖν

381 3315 574 3424 Ζῗέςμ
541 3376 593 3419 ἐν
621 3368 657 3433 ᾧ
686 3379 916 3430 πεποίηκε,
948 3380 1183 3430 πεποίηται
1216 3374 1255 3417 δ’
1291 3370 1379 3418 ὑπὸ
1409 3374 1556 3419 τοῦδε.

1472 3447 1557 3507 46
