2158 3848
245 204 368 266 212
836 213 1072 257 LIBER
1115 213 1424 257 PRIMUS.

244 347 530 408 Larcheri
574 347 828 406 consilio
874 345 955 406 ad
998 345 1230 406 Herod.
1277 345 1345 405 T.
1392 345 1463 403 V.
1507 343 1652 403 471.
1696 361 1840 424 seq.·
1865 343 2018 404 duas

243 447 575 526 Aglauros,
632 445 1012 525 totidemque
1054 446 1396 526 Eumolpos
1439 444 1788 518 inferentiS,
1833 462 2021 523 quum

243 548 604 628 praesertim
661 545 1014 611 Alcidamas
1068 547 1134 602 in
1190 544 1421 603 Palam.
1478 565 1539 625 p.
1583 541 1686 603 75.
1744 544 1813 603 T.
1858 543 2020 602 VIII.

243 649 594 706 testificetur
647 643 1073 702 Menestheum
1131 642 1352 703 Thesei
1404 645 1600 703 filium
1645 644 1840 703 aciem
1882 660 2020 718 con-

243 757 336 805 tra
403 744 779 822 Eumolpum
848 743 1242 815 instruxisse,
1314 743 1537 802 Strabo
1602 762 1753 805 vero
1805 743 2022 801 Ionem

239 846 386 903 belli
443 843 661 902 ducem
717 841 1039 921 perhibeat
1091 841 1496 920 reprehensus
1541 843 1620 902 ob
1663 844 1781 902 hoo
1820 861 1859 902 a
1902 840 2022 900 Va-

239 946 391 1004 lesio
437 942 519 1002 ad
560 941 754 1023 Harp.
799 963 860 1023 p.
890 941 1032 1000 261.
1080 951 1142 1000 et
1183 941 1516 1001 Meinersio
1559 941 1798 1002 Comm.
1838 943 2021 1002 Goet-

239 1046 381 1122 ting.
439 1043 510 1102 T.
568 1043 732 1102 XVI.
787 1062 847 1122 p.
906 1042 1048 1100 240.
1105 1041 1436 1123 Euripides
1493 1042 1796 1102 Tiresiam
1852 1044 2022 1123 pacis

238 1148 399 1205 inter
456 1144 721 1203 Thraces
779 1151 842 1201 et
880 1141 1289 1202 Athenienses
1335 1142 1823 1216 conciliatorem,
1867 1142 2022 1201 Pau-

239 1247 442 1305 sanias
489 1243 753 1322 denique
795 1242 1118 1318 Dysaulen
1164 1239 1334 1302 Celei
1376 1243 1650 1317 fratrem,
1690 1245 1794 1324 qui
1838 1244 2022 1302 tertia

235 1355 381 1426 post
447 1343 882 1403 Prometheum
953 1350 1157 1400 aetate
1222 1343 1422 1414 vixit,
1492 1342 1569 1401 ab
1637 1343 1788 1402 Ione
1852 1343 2018 1423 pole-

236 1445 484 1505 marcho
530 1444 778 1524 pulsum
821 1450 1030 1500 narret
1071 1442 1146 1499 II.
1198 1441 1293 1500 14.
1373 1441 1549 1529 Haec
1593 1462 1805 1503 omnes
1852 1444 2027 1503 chro-

234 1546 602 1622 nologorum
637 1541 894 1602 circulos
919 1541 1314 1615 conturbant3
1358 1543 1710 1602 rationes
1738 1545 2021 1621 J'acent,

236 1645 428 1704 silet
462 1642 888 1721 judicium,
934 1640 1117 1721 quid
1161 1649 1427 1718 agant,
1471 1640 1947 1722 nesciunt[¹].

406 1732 608 1816 Quam
677 1753 957 1803 accurate
1022 1744 1284 1801 istorum
1353 1750 1706 1820 temporum
1762 1744 2024 1803 historia

236 1843 464 1905 tradita
507 1845 608 1916 sit,
653 1843 938 1922 exemplo
985 1840 1287 1921 estquod
1330 1842 1435 1921 qui
1462 1850 1596 1902 tum
1623 1843 1810 1902 fuerit
1831 1843 2022 1903 Athe-

234 1947 332 2004 nis
391 1952 725 2024 quaestor,
764 1942 1107 2001 memoriae
1161 1940 1476 2020 proditum
1522 1942 1810 2018 legimus;
1870 1943 2021 2019 Pyr-

234 2044 570 2104 rhandrum
623 2045 904 2102 nominat
961 2039 1364 2102 Callisthenes
1418 2042 1486 2100 in
1529 2041 1868 2115 ThraciciS,
1914 2061 2021 2101 au-

237 2154 371 2204 ctor
425 2144 799 2203 certissimus
854 2141 1013 2201 Plut.
1058 2141 1279 2201 Parall.
1325 2161 1372 2200 c.
1419 2139 1520 2200 31.
1564 2140 1709 2201 430.
1765 2142 2022 2201 *Erech-

235 2244 446 2304 theum
473 2243 770 2323 Eumolpi
809 2243 1114 2302 victorem
1155 2250 1219 2300 et
1240 2241 1698 2301 interfectorem
1726 2259 1765 2299 a
1788 2240 2020 2321 Neptu-

234 2362 316 2403 no
375 2361 741 2423 oppressum
798 2360 962 2414 esse,
1018 2339 1350 2421 Euripides
1403 2341 1534 2400 Ion.
1578 2337 1722 2400 285.
1763 2339 2023 2421 Apollo-

237 2442 425 2502 dorus
481 2453 543 2501 et
584 2442 870 2519 Hyginus
913 2451 1193 2514 narrant3
1247 2442 1586 2499 Pausanias
1635 2457 1782 2500 vero
1825 2443 1873 2501 I.
1918 2442 2018 2502 38.

238 2553 300 2601 et
343 2542 545 2603 Schol.
587 2539 842 2599 Aristid.
885 2558 948 2619 p.
991 2539 1094 2599 40.
1139 2548 1402 2618 utroque
1445 2542 1776 2618 superstite
1802 2560 2020 2622 pacem

357 2724 418 2783 [1]
449 2726 616 2782 Injuste
643 2725 781 2781 igitur
809 2723 1016 2780 Micyllus
1047 2723 1102 2766 ad
1133 2722 1263 2766 ovid.
1297 2722 1405 2765 Met.
1429 2723 1505 2765 IV.
1535 2722 1646 2765 Fab.
1672 2723 1768 2765 VII.
1798 2724 2017 2780 verheyk.

238 2784 294 2829 ad
333 2786 492 2827 Anton.
534 2799 571 2826 c.
600 2784 760 2827 XXIV.
791 2789 835 2826 et
865 2782 1153 2824 Schneiderus
1182 2782 1227 2824 in
1255 2781 1370 2824 Bibl.
1401 2781 1558 2824 Philol.
1591 2781 1814 2838 Goetting.
1846 2783 1903 2824 T.
1933 2783 2017 2826 III.

235 2859 279 2902 p.
321 2841 421 2887 430.
476 2843 763 2886 Scholiastam
811 2841 966 2898 Eurip.
1006 2842 1085 2883 Or.
1125 2840 1224 2883 952.
1263 2840 1604 2896 reprehendunt,
1659 2840 1773 2896 quod
1815 2841 2019 2886 Cererem

237 2902 353 2959 apud
381 2902 778 2959 Hipppothoontem
807 2899 1043 2955 Cercyonis
1071 2898 1206 2941 filium
1236 2898 1465 2940 divertisse
1495 2898 1674 2950 dixerit3
1706 2913 1804 2941 nam
1825 2899 2018 2956 Cercyo-

236 2974 332 3003 nem
361 2961 500 3012 hunc,
531 2975 656 3016 quem
686 2960 884 3002 Theseus
910 2957 1176 3002 interemisse
1205 2958 1343 2999 fertur
1358 2989 1370 3008 ,
1413 2956 1671 3013 Triptolemi
1709 2959 1887 3001 fratrem
1916 2972 2017 3015 per-

236 3019 359 3061 hibet
402 3019 630 3061 Choerilus
669 3019 800 3061 Paus.
841 3017 878 3060 Ι.
911 3013 978 3058 14.
1019 3016 1141 3071 cujus
1182 3020 1250 3057 est
1286 3016 1471 3057 fortasse
1500 3029 1649 3058 versus
1681 3017 1735 3058 ab
1766 3017 2016 3060 Herodiano

237 3079 344 3135 περὶ
384 3081 507 3120 Μον.
548 3092 590 3133 p.
623 3077 690 3119 10.
735 3076 892 3119 allatus
920 3071 1163 3133 Εὔμολπος
1186 3069 1378 3130 Λόλιχός
1404 3089 1451 3117 τε
1481 3075 1557 3117 καὶ
1581 3070 1838 3118 Ἱπποθόων
1864 3073 2014 3134 μεγά-

237 3140 402 3193 θυμος.
442 3135 674 3178 Herculem
706 3149 733 3177 a
767 3133 1035 3190 Triptolemo
1077 3133 1292 3175 initiatum
1332 3147 1425 3174 esse
1462 3131 1554 3189 ipse
1583 3131 1817 3175 Daduchus
1849 3134 2014 3176 Callias

237 3193 493 3251 pronunciat
532 3192 728 3250 Xenoph.
768 3192 938 3235 Hellen.
969 3191 1044 3234 VI.
1076 3190 1117 3232 3.
1147 3190 1187 3233 6.
1219 3205 1302 3247 quo
1333 3191 1474 3233 nullus
1505 3191 1662 3232 certior
1691 3205 1832 3234 rerum
1861 3192 2012 3247 mysti-

236 3266 381 3295 carum
407 3252 533 3296 testis
561 3266 656 3293 esse
682 3256 840 3308 potest.
898 3251 1051 3306 Neque
1090 3264 1174 3292 non
1202 3250 1297 3292 veri
1324 3249 1459 3292 simile
1486 3249 1656 3292 videt-ur
1684 3250 1878 3293 Dioclem
1907 3250 2010 3295 Me-

268 3324 458 3354 arensem
486 3309 705 3354 Eleusinis
734 3311 1014 3367 praefectum,
1045 3322 1169 3365 quem
1201 3309 1399 3350 Theseus
1429 3308 1708 3351 circumvenit
1728 3309 1843 3351 Plut.
1875 3307 2008 3350 Thes.

236 3325 294 3413 §L
318 3383 397 3425 pro
426 3367 513 3411 illo*
530 3368 704 3411 Cereris
734 3369 926 3426 hospite,
959 3382 1083 3424 quem
1112 3368 1325 3410 Homerus
1355 3366 1570 3419 celebrat,
1603 3368 1795 3411 habitum
1824 3380 1929 3408 esse.
