2158 3848
694 223 1293 268 BLEUSINIA.
1778 211 1900 276 159

123 362 306 432 toris,
362 358 741 418 confessione
779 358 996 437 patefit
1038 357 1140 417 Or.
1183 358 1260 417 II.
1303 355 1406 423 74.
1450 357 1530 415 D.
1573 358 1899 441 πόρῥωθεν

123 463 392 527 ἕλκοντες
450 458 556 519 καὶ
607 454 970 539 βιαζόμενοι
1021 458 1134 528 τὰς
1190 455 1556 540 ὁμοιότητας
1608 461 1898 546 καθάπερ

121 563 181 624 οἱ
217 558 362 628 τοὺς
400 557 652 640 μύθους
694 556 1089 643 ἐξηγούμενοι
1130 565 1262 620 τῶν
1294 564 1570 636 ποιητῶν
1602 560 1708 621 καὶ
1740 563 1897 625 ἄνα-

118 657 362 728 λύοντες
414 660 475 727 ἐς
530 654 750 742 λόγους
801 659 1114 729 πιθανοὺς
1166 660 1272 722 καὶ
1328 659 1764 741 ἐνδεχομένους
1817 661 1900 723 τοὶ

116 757 444 840 πλάσματα
498 761 565 820 ἐκ
616 766 843 840 μικρᾶς
897 758 1067 824 πάνυ
1121 769 1229 840 τῆς
1271 759 1568 830 ὑπονοίας
1611 758 1898 843 ὁρμώμε-

113 884 211 922 νοι
275 857 381 919 καὶ
447 857 736 942 ἄμυὸρᾶς
803 859 945 923 λίαν
1009 860 1478 944 παραλαβόντες
1531 860 1643 930 τὰς
1701 861 1898 943 οἷρχάς

110 965 442 1042 πειρῶνται
483 958 884 1040 ξυμπείθειν,
931 959 1015 1029 ὥς
1058 960 1134 1039 δὴ
1178 961 1380 1024 ταῦτά
1423 987 1492 1047 γε
1538 961 1699 1023 αὐτοὶ
1745 958 1897 1022 ἑκεί-

108 1083 239 1122 νων
281 1056 645 1123 ἐθελόντων·
690 1069 825 1118 tum
870 1061 1261 1119 confirmatur
1305 1058 1647 1133 CiceroniS,
1710 1059 1898 1119 Sene-

111 1177 243 1232 cae,
329 1159 639 1218 Plutarchi
722 1158 976 1238 judiciis
1062 1169 1125 1219 et
1202 1160 1640 1242 speciminibus
1720 1161 1895 1239 ipsis,

107 1258 348 1320 Numne
389 1261 551 1319 serio
596 1261 921 1339 quisquam
966 1259 1253 1335 credidit,
1300 1261 1470 1342 quod
1513 1260 1895 1321 Scholiastae

105 1369 354 1419 narrant
399 1359 515 1419 Od.
551 1361 797 1422 Π.102.
840 1360 1188 1422 Homerum
1231 1361 1345 1422 sub
1387 1364 1660 1440 imagine
1702 1362 1894 1421 Pene-

103 1461 278 1541 lopes
321 1463 582 1521 texentis
627 1472 689 1521 et
730 1471 899 1523 texta
936 1463 1307 1524 resolventis
1351 1462 1754 1523 dialectorum
1790 1482 1894 1523 ar-

105 1570 232 1621 tem
285 1560 710 1642 descripsisse,
763 1565 851 1623 sic
903 1572 974 1622 ut
1027 1563 1171 1623 licia
1237 1564 1609 1644 praemissas
1666 1564 1893 1642 signifi-

105 1672 270 1735 cent,
324 1664 607 1722 staminis
667 1663 748 1722 ad
806 1662 1131 1723 subtemen
1187 1682 1496 1724 connexus
1552 1665 1892 1725 conclusio-

103 1782 276 1836 nem,
320 1763 588 1836 faculae,
633 1781 783 1843 quas
825 1763 936 1822 illa
980 1765 1156 1843 operi
1198 1765 1627 1844 semiperfecto
1673 1764 1890 1824 admo-

101 1872 239 1936 vet,
282 1864 516 1924 lumina
555 1862 855 1923 rationis?
907 1863 1074 1923 Num
1118 1863 1512 1938 ThemistiuS,
1555 1863 1746 1923 homo
1791 1882 1890 1923 so-

100 1964 269 2024 brius
286 2008 303 2038 ,
364 1985 441 2024 ex
496 1965 689 2024 animi
745 1964 1051 2023 sententia
1094 1964 1340 2043 scripsit
1383 1962 1486 2021 Or.
1530 1962 1698 2024 XIII.
1746 1963 1887 2024 176.

98 2065 171 2126 A.
218 2075 496 2125 excetras
540 2065 700 2139 illas,
745 2064 968 2146 quibus
1012 2062 1310 2124 Hercules
1352 2063 1558 2124 infans
1603 2065 1888 2126 collucta-

84 2174 197 2226 tus
242 2174 366 2239 est,
419 2164 680 2246 νεότητα
737 2175 800 2225 et
843 2165 1189 2249 αὗταρχίαν
1232 2165 1610 2242 significare?
1653 2166 1887 2244 Hujus-

98 2265 274 2327 modi
328 2275 541 2326 extant
593 2285 792 2347 paene
845 2265 1319 2326 innumerabilia
1361 2265 1644 2346 exempla
1687 2266 1887 2326 ethica

99 2375 162 2426 et
227 2366 681 2448 physiologica,
761 2367 1032 2447 primum
1100 2368 1493 2446 antiquorum
1563 2366 1885 2447 Sophista-

95 2486 233 2528 rum
251 2468 347 2548 [⁶],
389 2476 524 2528 tum
550 2464 919 2544 Cynicorum
935 2463 1008 2548 [¹¹]
1056 2476 1118 2527 et
1152 2466 1525 2542 Stoicorum,
1564 2476 1885 2548 postremo

213 2653 276 2709 [ε]
309 2667 350 2696 v.
379 2651 576 2696 Nitzsch.
608 2651 663 2695 ad
693 2652 790 2696 Jon.
819 2651 1023 2709 Prolegg.
1054 2667 1104 2719 p..
1127 2651 1171 2697 9.

212 2737 275 2796 [h]
307 2740 600 2783 Antisthenem
629 2754 684 2782 ex
713 2739 896 2783 historia
922 2739 1113 2782 fabulari
1142 2739 1338 2797 exempla
1366 2738 1575 2783 virtutum
1605 2742 1651 2782 et
1679 2738 1880 2784 vitiorum

97 2799 268 2843 duxisse
311 2805 474 2843 certum
511 2803 590 2842 est.
649 2799 791 2842 Procl.
837 2798 883 2841 in
912 2798 1053 2842 Alcib.
1092 2814 1134 2857 p.
1175 2798 1247 2841 98,
1309 2797 1465 2840 Creuz.
1508 2795 1530 2841 ὃ
1570 2797 1881 2849 Ἀντισθένους

93 2855 310 2918 Ἡρακλῆς
360 2859 482 2917 λέγει
529 2861 640 2918 περί
685 2872 806 2908 τινος
852 2861 1093 2902 νεανίσκου
1146 2854 1273 2914 παρὰ
1325 2861 1526 2916 Χείρωνι
1574 2861 1876 2916 τρεφομένου.

0 2952 3 2964 λ
98 2916 317 2968 Plutarch.
346 2917 400 2960 (le
431 2917 519 2969 vit„
548 2917 657 2959 Pud.
688 2931 725 2960 c.
753 2917 822 2960 18.
852 2931 894 2973 p.
923 2916 1018 2960 184.
1050 2917 1107 2960 Τ.
1133 2915 1186 2959 Χ.
1219 2914 1243 2960 ὁ
1268 2914 1569 2963 Ἀντισθένιος
1598 2915 1706 2972 (sic)
1732 2912 1878 2976 ιΗρα-

100 2975 205 3029 κλῆς
229 2972 419 3037 παρῄνει
445 2980 539 3025 τοῖς
565 2976 698 3020 παισὶ
723 2975 890 3035 μηδενὶ
910 2979 1092 3036 χαίρειν
1122 2975 1383 3020 ἐπαινοῦντι
1413 2969 1585 3022 αὐτούς.
1616 2973 1774 3017 Julian.
1797 2975 1876 3019 Or.

99 3033 199 3075 VII.
235 3030 333 3078 404.
367 3035 640 3080 Ἀντισθένει
680 3036 757 3078 καὶ
792 3034 1055 3093 Ξενοφῶντι
1083 3047 1379 3094 πραγματευο
1419 3035 1536 3081 ένοις
1564 3029 1726 3087 ἦθικάς
1752 3048 1878 3083 τινας

98 3089 336 3143 ὑποθέσεις
362 3091 389 3149 ἡ
418 3096 510 3137 τῶν
536 3090 702 3152 μύθων
731 3094 896 3151 ἔγκατα
935 3098 1111 3154 έμικται
1138 3088 1312 3151 γραφή.
1409 3090 1530 3133 ibros
1550 3090 1818 3135 Antisthenis
1849 3107 1876 3135 a

100 3149 293 3206 Diogene
306 3153 555 3205 nominatos,
587 3152 852 3207 Calchas,
930 3157 1145 3204 roteus‚
1176 3151 1343 3193 Circe
1366 3149 1641 3193 scholiastae
1653 3150 1875 3195 Homerici

97 3213 311 3252 tractasse
337 3211 555 3256 videntur.
583 3226 625 3254 v.
656 3210 802 3254 Schol.
831 3211 952 3269 Lips.
984 3213 1040 3255 ad
1069 3211 1121 3254 Il.
1157 3213 1206 3255 Ο.
1240 3207 1336 3251 123.
1367 3208 1512 3251 Schol.
1543 3209 1651 3252 Ven.
1682 3213 1728 3252 et
1755 3210 1873 3252 Vict.

99 3267 157 3310 ad
192 3272 249 3310 Ψ.
291 3266 360 3310 65.
395 3275 441 3312 et
474 3269 720 3315 Buttmann.
760 3270 816 3312 ad
854 3271 998 3314 Schol.
1028 3271 1223 3314 Ambros.
1254 3283 1296 3324 p.
1327 3266 1424 3310 561.
1486 3267 1602 3319 Quid
1633 3274 1773 3311 autem
1803 3283 1872 3311 se-

0 3336 5 3350 ’
100 3332 255 3381 quutus
294 3326 426 3369 fuerit
459 3320 516 3386 Q
547 3342 604 3373 eo
629 3328 819 3384 judicari
846 3335 1013 3386 potest,
1056 3328 1170 3385 quod
1200 3327 1430 3369 Homerum
1460 3326 1546 3370 alia
1575 3324 1687 3370 κατὰ
1717 3322 1869 3383 δόξαν,

98 3384 185 3426 alia
224 3398 327 3427 vero
356 3383 478 3429 ’κατὰ
499 3383 733 3442 ’ἂλήθειαν
772 3388 932 3432 dixisse
972 3388 1138 3431 statuit.
1177 3402 1218 3428 v.
1258 3385 1342 3429 Dio
1383 3385 1488 3429 Chr.
1528 3385 1608 3429 Or.
1646 3385 1730 3429 III.
1767 3386 1869 3430 275.
