2158 3848
307 188 428 251 170
901 205 1138 250 LlnER
1178 207 1488 253 PRIMUS.

296 334 490 396 nulas.
519 333 838 415 bullasque
879 340 1218 417 pectorales
1262 351 1495 419 gestare
1540 347 1969 409 consueverint
1980 351 2074 426 [⁸1.

299 434 403 498 Sic
453 437 676 501 missus
734 438 1027 499 circenses
1078 440 1166 502 ‘ad
1228 454 1470 503 cursum
1528 441 1682 501 solis
1733 463 2075 512 accommo-

289 524 446 597 dant
460 532 551 615 [f]‚
595 538 685 596 sic
725 555 967 601 mensas
1009 542 1378 622 patinasque
1420 541 1638 602 mundi
1677 545 1961 618 symbola
1976 549 2075 625 [g],

293 637 491 717 pileos
559 637 895 700 Laconicus
955 638 1547 719 hemisphaeriorum
1618 661 1753 702 esse
1821 643 2075 711 demon·-

290 745 503 799 strant.
588 736 871 815 Denique
945 755 1202 816 corpora
1267 752 1651 809 mortuorum
1705 743 1912 810 fasciis
1946 745 2075 821 ob-

289 837 505 912 stringi
571 845 633 895 et
697 836 871 898 humi
938 837 1224 899 collocari
1279 851 1631 916 autumant,
1694 852 1764 904 ut
1819 845 2075 924 quisque

284 936 635 997 meminerit
680 937 999 999 succinctis
1042 939 1160 998 iter
1204 937 1285 998 ad
1328 957 1587 1019 superos
1630 941 2073 1020 capessendum

284 1054 427 1097 esse·
476 1045 538 1095 et
581 1036 663 1097 ad
705 1037 1168 1115 significandum
1223 1041 1467 1099 animos
1511 1041 1784 1120 corporis
1826 1042 2074 1103 vincula

285 1138 497 1199 enixos
557 1139 625 1198 in
683 1135 1070 1201 communem
1125 1141 1402 1200 omnium
1453 1158 1660 1200 rerum
1717 1149 1923 1200 ortum
1976 1140 2084 1200 re-‘

282 1235 461 1301 fundi
476 1234 571 1317 [¹²J.
617 1237 776 1303 Sunt
817 1240 968 1300 haec
1011 1241 1142 1300 sine
1189 1239 1376 1302 dubio
1409 1259 1536 1306 non
1569 1238 1896 1309 mediocris
1931 1260 2070 1301 acu-

281 1340 469 1402 minis
524 1341 887 1420 specimina3
953 1343 1088 1420 quis
1145 1342 1310 1400 enim
1364 1339 1738 1414 crediderat,
1796 1341 2070 1411 Graecos

279 1438 715 1520 Romanosque
758 1447 1098 1505 ceterorum
1142 1441 1500 1504 mortalium
1544 1440 1702 1506 adeo
1735 1439 2069 1507 dissimiles

277 1540 499 1612 fuisse,
543 1549 615 1600 ut
654 1559 851 1620 neque
892 1542 960 1600 in
1001 1541 1266 1613 vestita,
1318 1558 1516 1620 neque
1557 1542 1624 1600 in
1667 1541 2069 1621 supellectile,

277 1658 478 1720 neque
531 1641 599 1700 in
654 1639 891 1705 diurnis
936 1642 1198 1718 negotiis
1244 1639 1577 1720 quidquam
1620 1641 1724 1722 vel
1767 1658 1916 1703 usus
1962 1642 2067 1704 vel

278 1751 530 1803 ornatus
595 1741 701 1803 vel
762 1739 1224 1803 commoditatis
1282 1759 1466 1800 causa
1492 1776 1494 1778 ψ
1521 1751 1901 1812 assumerent
1944 1741 2067 1807 sed

275 1859 490 1902 omnes
554 1842 846 1903 minimos
913 1843 1084 1905 vitae
1149 1850 1319 1900 actus
1386 1841 1728 1923 symbolico
1796 1841 2066 1922 quodam

342 1987 344 1990 ·
382 1970 455 2040 ·[0]
487 1969 735 2012 Aldhelmus
764 1969 819 2012 de
847 1968 987 2012 Laud.
1017 1968 1139 2024 Virg.
1169 1967 1287 2010 XIV.
1318 1966 1418 2011 311.
1448 1969 1507 2012 Τ.
1535 1970 1618 2012 ΙΙΙ.
1646 1971 1748 2026 Big.
1778 1970 2063 2014 discrimi-

275 2030 462 2083 naha,
522 2028 941 2086 periscelides,
999 2027 1405 2080 olfactoriola,
1470 2029 1666 2080 nardi,
1731 2029 2061 2086 crepundia
2156 2077 2158 2083 A

277 2087 821 2143 collo-gemmiferis
851 2085 1070 2128 lunulis
1101 2084 1489 2143 dependentia
1532 2087 1588 2128 cf.
1626 2086 1797 2130 Rubens
1839 2086 1895 2129 de
1933 2102 2060 2143 gem-

274 2162 345 2191 ma
383 2147 568 2202 August.
598 2160 641 2202 p.
669 2144 770 2188 216.
821 2145 972 2188 Bullas
1011 2144 1111 2186 illas
1141 2144 1367 2203 pueriles,
1405 2158 1585 2201 quarum
1627 2146 1806 2189 formam
1844 2146 2062 2204 disceptat

274 2207 343 2250 vir
383 2206 534 2248 doctus
573 2203 618 2245 in
659 2205 756 2247 Act.
799 2203 962 2248 Societ.
1000 2202 1195 2258 Traject.
1226 2217 1269 2259 p.
1308 2200 1406 2244 119.
1438 2202 1496 2245 Τ.
1528 2203 1566 2245 Ι.
1596 2202 1844 2260 Hesychius
1893 2204 2061 2261 signifi-

275 2269 372 2309 cat:
415 2265 624 2318 Σεληνίς,
667 2259 975 2321 φυλακτήριον
1011 2262 1285 2321 ἐγκρέμαται
1313 2264 1407 2310 τοῖς
1435 2260 1647 2310 παιδίοις.
1709 2263 1919 2310 Glossae:
1953 2268 2059 2309 Φυ-

274 2320 537 2383 λακτήριον,
569 2322 987 2374 servatorium,
1020 2321 1457 2374 amolimentum,
1487 2321 1742 2378 praevia.
1773 2321 1885 2364 unde
1926 2322 2057 2366 Bern.

273 2382 465 2426 Vestrini
508 2381 692 2437 Sopra
736 2379 764 2422 l’
806 2394 903 2423 uso
944 2393 1112 2423 sacra
1154 2394 1179 2422 e
1229 2379 1463 2436 profano
1515 2378 1674 2435 degli
1721 2380 1960 2437 Agnelli
2010 2381 2058 2424 in

272 2442 457 2485 Dissert.
496 2439 632 2482 Acad.
677 2440 796 2482 Cort.
839 2439 895 2481 T.
935 2438 1012 2481 VI.
1055 2438 1155 2482 259.
1200 2437 1349 2481 brevia
1389 2438 1683 2482 ecclesiastica
1724 2443 1770 2482 et
1811 2453 1946 2496 agnos
1984 2439 2056 2483 dei

273 2505 412 2545 ortum
462 2499 625 2541 habere
677 2501 826 2554 putat,
876 2511 1036 2552 easque
1088 2511 1159 2540 res
1177 2515 1180 2518 >
1199 2501 1245 2539 et
1269 2497 1509 2541 ‘infantium
1547 2497 1591 2540 in
1633 2497 1742 2541 collo
1780 2498 2056 2555 praebiorum

271 2562 366 2604 loco
421 2563 467 2601 et
518 2570 624 2602 vero
676 2556 805 2599 etiam
854 2555 1114 2611 imaginibus
1153 2555 1410 2598 Sanctorum
1461 2562 1506 2599 et
1543 2556 1805 2612 Angelorum
1851 2557 2054 2616 appendi,

271 2619 386 2663 sicut
425 2616 524 2660 olim
564 2613 752 2657 Laribus
781 2614 922 2656 bullas
952 2628 993 2670 p.
1023 2613 1124 2655 258.
1155 2614 1211 2657 cf.
1245 2613 1501 2656 Middleton.
1531 2614 1819 2658 conformites
1848 2617 2056 2660 decere-

271 2692 454 2781 3⁰2¹·11'·
483 2674 607 2776 ἓξὲξ
627 2671 1184 2775 Siffffiiciiiimvessssffms
1196 2686 1282 2774 3¹11?
1286 2671 1440 2786 ⁰3¹3³3¹3
1470 2673 2052 2787 3⁵323032³g5213¹32ffi⁶

313 2752 340 2780 a
361 2751 386 2778 a
407 2767 417 2776 .
480 2765 491 2775 .
611 2764 621 2774 .
1095 2747 1123 2774 :-
2027 2757 2050 2766 -

273 2810 379 2854 que
431 2750 564 2837 hpuic
609 2805 744 2847 opus
795 2791 978 2846 signo.
1050 2790 1206 2845 Neque
1248 2789 1344 2832 veri
1382 2789 1577 2832 absimile
1618 2789 1816 2843 videtur,
1859 2805 1932 2833 eos
1975 2791 2050 2847 qui

271 2855 342 2900 vel
379 2867 481 2897 suas
522 2850 594 2894 vel
637 2864 809 2893 suorum
836 2848 1046 2904 imagines
1075 2848 1248 2905 publico
1279 2847 1374 2892 loco
1407 2852 1727 2901 consecrarunt,
1757 2849 1840 2891 hoc
1869 2854 2047 2909 προβα-

270 2917 441 2970 σκανίῳ
456 2946 467 2968 ,
509 2925 593 2968 quo
634 2909 786 2952 rustici
827 2922 957 2965 agros
996 2909 1258 2964 arboresque
1295 2908 1429 2949 tutari
1460 2908 1679 2962 solebant,
1708 2907 1949 2955 invidorum
1978 2908 2048 2953 vel
2133 2928 2135 2930 ·

268 2971 548 3032 petulantium
576 2982 725 3012 manus
754 2982 782 3010 a
809 2966 1044 3011 violatione
1073 2966 1345 3009 donariorum
1374 2967 1589 3010 abstinere
1616 2966 1815 3010 voluisse.

388 3028 448 3087 [f]
479 3045 522 3073 v.
551 3027 725 3081 Anthol.
753 3026 853 3070 Lat.
882 3025 963 3069 III.
992 3025 1076 3082 Ep.
1107 3025 1203 3069 XV.
1235 3024 1347 3079 Lyd.
1379 3025 1432 3067 de
1463 3026 1603 3074 Mens.
1633 3039 1677 3083 Ρ.
1706 3024 1778 3068 46.
2124 3068 2126 3070 ,

386 3090 447 3146 [g]
481 3087 604 3130 Serio
635 3086 914 3156 Asclepiades
942 3084 1097 3127 Athen.
1125 3083 1203 3127 XI.
1232 3082 1332 3126 489.
1364 3084 1415 3129 C.
1445 3099 1523 3142 per
1546 3086 1690 3141 jocum
1719 3083 1869 3127 Alexis
1896 3082 1955 3127 11.
1972 3083 2044 3127 60.
2131 3105 2132 3108 ¹

269 3150 320 3193 A.
350 3153 397 3191 et
425 3147 514 3200 ille,
544 3145 617 3202 qui
644 3145 838 3189 missorio
868 3143 1036 3188 zodiaci
1062 3143 1292 3199 imaginem
1319 3143 1506 3188 inclusit.
1530 3158 1572 3186 v.
1594 3143 1768 3187 Jacobs.
1793 3143 1849 3185 ad
1869 3142 2047 3206 Anthela
2131 3159 2134 3162 ⁴

267 3208 326 3251 T·
354 3206 458 3322 X[11¹1]
484 3204 730 3333 glyssgbhd.
760 3262 845 3306 Ms.
875 3276 945 3318 ap.
976 3260 1162 3304 casaub.
1193 3261 1250 3303 ad
1274 3261 1402 3304 Pers.
1430 3259 1514 3302 III.
1535 3274 1577 3316 p.
1602 3258 1702 3303 305.
1731 3258 1780 3304 τὸ
1805 3273 1863 3305 πε
1893 3259 2039 3303 ιστέλ-
2072 3268 2076 3269 ’
2128 3251 2130 3254 ’

270 3327 363 3368 tem
391 3325 472 3368 τοῦ
501 3321 698 3371 εὐζωνως
727 3320 919 3365 ἀναθεῖν
947 3315 1188 3379 σύμβολον·
1221 3317 1270 3363 τὸ
1302 3320 1378 3364 ἐπὶ
1405 3321 1489 3376 γῆς
1526 3320 1701 3364 τιθέναι
1750 3321 1829 3364 τοῦ
1900 3325 2038 3375 ’ναμι-
2116 3317 2134 3346 ’-

268 3379 511 3441 μνήσκειν,
543 3377 664 3431 ὅπως
695 3377 752 3424 ἂν
779 3384 872 3431 τοῖς
898 3378 1017 3429 ὅλοις
1045 3376 1072 3432 ἡ
1101 3376 1227 3436 ψυχὴ
1256 3380 1528 3435 συναφθείη.
