2158 3848
229 194 349 255 118
658 202 666 208 ’
810 204 1046 250 LIBER
1088 205 1400 250 PRIMUS.

228 343 503 414 meavi,
558 349 782 399 nocte
838 337 1088 400 media
1143 336 1313 400 vidi
1372 334 1612 395 solem
1667 332 1991 394 candido

228 448 767 502 coruscantem
823 440 1144 512 lumine,
1187 437 1375 496 deos
1420 435 1721 494 inferos
1765 442 1838 492 et
1879 451 1993 492 su-

225 557 453 621 peros
509 541 801 598 accessi
857 549 1105 598 co'ram
1148 555 1209 615 p.
1254 536 1396 595 386.
1456 533 1596 593 Hoc
1639 534 1839 592 solum
1884 539 1994 604 est,

226 638 392 719 quod
448 638 524 697 ad
583 646 864 696 ornatum
920 653 1134 694 scenae
1177 637 1472 711 mysticae
1515 651 1640 691 non
1683 629 1994 701 adhibent,

223 758 417 818 neque
484 735 709 794 audent
759 733 1169 805 contendere,
1239 733 1408 792 illam
1465 750 1699 791 sacram
1753 737 1994 788 noctem

227 837 430 894 diurni
489 834 704 892 sideris
758 834 913 892 facie
966 832 1378 890 illuminatam
1438 850 1600 903 esse,
1687 830 1740 887 si
1794 829 1995 887 minus

222 952 371 995 vera
439 940 501 990 et
567 934 862 1006 naturali,
944 941 1104 990 certe
1169 929 1545 989 adumbrata.
1660 929 1791 1004 Ego
1847 943 1996 987 vero

221 1043 458 1094 veteres
528 1032 830 1109 eJusmodi
897 1030 1284 1090 adminiculis
1349 1029 1530 1088 facile
1583 1024 1998 1106 supersedisse

221 1133 516 1203 arbitror,
564 1151 666 1208 ea,
713 1151 869 1211 quae
913 1131 1125 1193 videre
1169 1139 1231 1190 et
1275 1148 1518 1188 cernere
1559 1142 1684 1184 non
1726 1131 1998 1205 possent,

221 1231 528 1290 mentibus
571 1231 905 1291 informare
948 1231 1182 1290 solitos.
1249 1227 1451 1301 Quids.l
1496 1244 1684 1306 quum
1727 1224 1821 1283 illi
1862 1241 1998 1285 ver-

218 1351 322 1391 sus
363 1332 763 1390 recitarentur
806 1333 871 1389 in
917 1348 1122 1389 scena:

475 1446 666 1500 Δύεται
703 1456 887 1516 σημεῖα
923 1450 1005 1500 καὶ
1044 1444 1319 1517 ἑπτάποροι

476 1530 706 1593 πλειάδες
743 1533 966 1602 αῗθέριαι
984 1573 1000 1598 ,
1039 1532 1174 1598 με’σα
1210 1531 1255 1583 δ’
1297 1528 1461 1591 αἰετός

475 1615 693 1686 οὐρανοῦ
729 1621 947 1680 ποτᾶται
989 1647 1047 1656 -

469 1699 529 1751 οὗ
566 1697 795 1752 λεύσσετε
833 1697 1065 1769 μηνάδος
1096 1699 1308 1770 αἶ’γλανς

219 1817 324 1867 aut
366 1808 430 1866 hi
476 1827 550 1865 ex
585 1807 716 1865 alia
760 1808 995 1866 fabula:

239 1922 245 1927 “
968 1923 1087 1976 ’Όδε
1124 1922 1402 1995 πορθμεύει

477 2010 663 2079 σείριος
700 2009 840 2078 ἐγγὺς
856 2003 1302 2078 πῆςὲπταπόρου

471 2090 709 2155 πλειάδος
739 2093 913 2164 ᾄσσων
949 2093 1020 2148 ἔτι
1055 2088 1332 2165 ρΐεσσήρης.

188 2234 368 2275 rnum
412 2222 785 2295 spectatores
828 2216 1089 2274 moleste
1131 2215 1345 2275 tulisse
1385 2222 1677 2295 putemus
1720 2217 1886 2297 quod
1930 2238 2002 2280 ea

219 2334 343 2373 non
400 2314 714 2387 viderent,
778 2333 933 2393 quae
987 2322 1474 2374 monstrarentur
1527 2318 2002 2386 ‘a†=cantoribus'‘.l

218 2413 428 2493 Neque
472 2413 672 2472 solum
716 2416 966 2473 scenicis
1009 2417 1211 2493 poetis
1254 2416 1404 2474 haec
1448 2413 1594 2474 data
1637 2416 1883 2478 licentia
1910 2428 2002 2478 est

221 2513 426 2574 verbis
483 2511 922 2584 adumbrandi,
977 2532 1133 2592 quae
1191 2512 1271 2571 ad
1314 2531 1527 2572 sensus
1571 2516 1743 2593 ipsos
1788 2518 2001 2578 admo-

219 2616 354 2675 veri
395 2631 520 2670 non
561 2620 831 2689 possent,
874 2611 983 2670 sed
1028 2597 1214 2671 etiam
1258 2629 1342 2670 ex
1386 2614 1611 2670 artium
1653 2616 2002 2692 pulcrarum

222 2711 616 2770 monimentis
672 2721 958 2790 apparet,
1027 2712 1306 2791 antiquos
1365 2713 1654 2785 artifices,
1710 2713 1776 2772 id
1833 2715 2001 2794 quod

224 2813 289 2869 in
331 2809 662 2889 proverbio
709 2810 958 2883 dicitur,
1021 2829 1106 2871 ex
1146 2829 1348 2888 ungue
1391 2811 1635 2871 leonem
1679 2815 1999 2874 ostendere

223 2910 437 2968 solitos
493 2926 641 2968 esse.
740 2909 1062 2968 Praeterea
1119 2919 1296 2970 extat
1339 2911 1712 2972 luculentum
1758 2913 1999 2973 Proculi

226 3009 675 3081 testimonium,
738 3010 804 3067 in
867 3009 1067 3068 teletis
1132 3029 1374 3090 quoque
1430 3011 1752 3090 theurgicis
1803 3014 1998 3074 multa

224 3125 349 3166 non
406 3107 485 3165 ad
541 3106 939 3187 spectandum
996 3113 1317 3189 proposita
1371 3110 1480 3170 sed
1537 3129 1650 3191 pro
1708 3116 1995 3192 spectatis

228 3215 476 3286 accepta
531 3224 662 3265 esse
732 3209 817 3289 (v.
867 3211 916 3287 §.
971 3207 1092 3290 14.)
1152 3230 1225 3269 eo
1292 3211 1700 3272 simulationis
1757 3232 1992 3290 genere,

229 3305 392 3384 quod
450 3306 635 3365 etiam
690 3308 754 3364 in
808 3309 991 3367 sacris
1045 3310 1304 3389 publicis
1361 3309 1567 3371 crebro
1635 3321 1993 3391 usurpatum
