<?xml version="1.0" encoding="UTF-8"?>
<!DOCTYPE html PUBLIC "-//W3C//DTD XHTML 1.0 Transitional//EN"
    "http://www.w3.org/TR/xhtml1/DTD/xhtml1-transitional.dtd">
<html xmlns="http://www.w3.org/1999/xhtml" xml:lang="en" lang="en">
 <head>
  <title>
</title>
<meta http-equiv="Content-Type" content="text/html;charset=utf-8" />
  <meta name='ocr-system' content='tesseract 3.04.00' />
  <meta name='ocr-capabilities' content='ocr_page ocr_carea ocr_par ocr_line ocrx_word'/>
</head>
<body>
  <div class='ocr_page' id='page_1' title='image "./aglaophamussived01lobeuoft_0452.png"; bbox 0 0 2158 3848; ppageno 0'>
   <div class='ocr_carea' id='block_1_1' title="bbox 225 235 1470 294">
    <p class='ocr_par' dir='ltr' id='par_1_1' title="bbox 225 235 1470 294">
     <span class='ocr_line' id='line_1_1' title="bbox 225 235 1470 294; baseline -0.003 0"><span class='ocrx_word' id='word_1_1' title='bbox 225 235 350 294; x_wconf 80' lang='lat'><strong>436</strong></span> <span class='ocrx_word' id='word_1_2' title='bbox 761 248 995 291; x_wconf 71' lang='lat' dir='ltr'><strong>Lmen</strong></span> <span class='ocrx_word' id='word_1_3' title='bbox 1039 246 1470 290; x_wconf 76' lang='lat' dir='ltr'><strong>SECUNDUS.</strong></span> 
     </span>
    </p>
   </div>
   <div class='ocr_carea' id='block_1_2' title="bbox 225 373 2011 1234">
    <p class='ocr_par' dir='ltr' id='par_1_2' title="bbox 225 373 2011 1234">
     <span class='ocr_line' id='line_1_2' title="bbox 227 373 2004 456; baseline -0.001 -20"><span class='ocrx_word' id='word_1_4' title='bbox 227 380 464 455; x_wconf 80' lang='lat' dir='ltr'>ignorat</span> <span class='ocrx_word' id='word_1_5' title='bbox 479 420 496 451; x_wconf 90' lang='lat'>‚</span> <span class='ocrx_word' id='word_1_6' title='bbox 566 375 645 435; x_wconf 86' lang='lat' dir='ltr'><strong>de</strong></span> <span class='ocrx_word' id='word_1_7' title='bbox 701 374 802 434; x_wconf 90' lang='lat' dir='ltr'><strong>die</strong></span> <span class='ocrx_word' id='word_1_8' title='bbox 863 377 1052 435; x_wconf 88' lang='lat' dir='ltr'><strong>natali</strong></span> <span class='ocrx_word' id='word_1_9' title='bbox 1110 386 1284 435; x_wconf 87' lang='lat' dir='ltr'><strong>tacet.</strong></span> <span class='ocrx_word' id='word_1_10' title='bbox 1381 377 1674 436; x_wconf 90' lang='lat' dir='ltr'><strong>Romanis</strong></span> <span class='ocrx_word' id='word_1_11' title='bbox 1735 373 2004 456; x_wconf 88' lang='lat' dir='ltr'><strong>quidem,</strong></span> 
     </span>
     <span class='ocr_line' id='line_1_3' title="bbox 227 475 2005 558; baseline -0.002 -22"><span class='ocrx_word' id='word_1_12' title='bbox 227 478 330 558; x_wconf 92' lang='lat' dir='ltr'><strong>qui</strong></span> <span class='ocrx_word' id='word_1_13' title='bbox 375 476 451 535; x_wconf 90' lang='lat' dir='ltr'><strong>de</strong></span> <span class='ocrx_word' id='word_1_14' title='bbox 494 476 848 535; x_wconf 88' lang='lat' dir='ltr'><strong>coelestium</strong></span> <span class='ocrx_word' id='word_1_15' title='bbox 895 484 1035 534; x_wconf 88' lang='lat' dir='ltr'><strong>ortu</strong></span> <span class='ocrx_word' id='word_1_16' title='bbox 1091 485 1153 533; x_wconf 93' lang='lat' dir='ltr'><strong>et</strong></span> <span class='ocrx_word' id='word_1_17' title='bbox 1195 479 1486 554; x_wconf 85' lang='lat' dir='ltr'><strong>progenie</strong></span> <span class='ocrx_word' id='word_1_18' title='bbox 1528 477 1681 536; x_wconf 90' lang='lat' dir='ltr'><strong>nihil</strong></span> <span class='ocrx_word' id='word_1_19' title='bbox 1727 495 1766 535; x_wconf 89' lang='lat' dir='ltr'><strong>a</strong></span> <span class='ocrx_word' id='word_1_20' title='bbox 1809 475 2005 553; x_wconf 90' lang='lat' dir='ltr'><strong>majo-</strong></span> 
     </span>
     <span class='ocr_line' id='line_1_4' title="bbox 226 573 2005 654; baseline -0.002 -18"><span class='ocrx_word' id='word_1_21' title='bbox 226 577 396 636; x_wconf 86' lang='lat' dir='ltr'><strong>ribus</strong></span> <span class='ocrx_word' id='word_1_22' title='bbox 441 575 736 635; x_wconf 89' lang='lat' dir='ltr'><strong>traditum</strong></span> <span class='ocrx_word' id='word_1_23' title='bbox 773 574 1098 645; x_wconf 86' lang='lat' dir='ltr'><strong>habebant,</strong></span> <span class='ocrx_word' id='word_1_24' title='bbox 1144 573 1446 635; x_wconf 75' lang='lat' dir='ltr'><strong>familiare</strong></span> <span class='ocrx_word' id='word_1_25' title='bbox 1471 577 1609 649; x_wconf 88' lang='lat' dir='ltr'><strong>fuit,</strong></span> <span class='ocrx_word' id='word_1_26' title='bbox 1654 575 1840 648; x_wconf 87' lang='lat' dir='ltr'><strong>diem,</strong></span> <span class='ocrx_word' id='word_1_27' title='bbox 1886 593 2005 654; x_wconf 88' lang='lat' dir='ltr'><strong>quo</strong></span> 
     </span>
     <span class='ocr_line' id='line_1_5' title="bbox 227 673 2007 755; baseline -0.001 -20"><span class='ocrx_word' id='word_1_28' title='bbox 227 676 523 755; x_wconf 85' lang='lat' dir='ltr'><strong>templum</strong></span> <span class='ocrx_word' id='word_1_29' title='bbox 582 673 899 751; x_wconf 88' lang='lat' dir='ltr'><strong>cujusdam</strong></span> <span class='ocrx_word' id='word_1_30' title='bbox 961 673 1215 730; x_wconf 90' lang='lat' dir='ltr'><strong>deorum</strong></span> <span class='ocrx_word' id='word_1_31' title='bbox 1264 674 1614 734; x_wconf 88' lang='lat' dir='ltr'><strong>dedicatum</strong></span> <span class='ocrx_word' id='word_1_32' title='bbox 1675 685 1834 748; x_wconf 84' lang='lat' dir='ltr'><strong>erat,</strong></span> <span class='ocrx_word' id='word_1_33' title='bbox 1900 693 2007 734; x_wconf 85' lang='lat' dir='ltr'><strong>na-</strong></span> 
     </span>
     <span class='ocr_line' id='line_1_6' title="bbox 227 773 2009 851; baseline -0.001 -18"><span class='ocrx_word' id='word_1_34' title='bbox 227 776 409 833; x_wconf 86' lang='lat' dir='ltr'><strong>talem</strong></span> <span class='ocrx_word' id='word_1_35' title='bbox 466 775 598 851; x_wconf 88' lang='lat' dir='ltr'><strong>ejus</strong></span> <span class='ocrx_word' id='word_1_36' title='bbox 655 773 855 832; x_wconf 84' lang='lat' dir='ltr'><strong>dicere</strong></span> <span class='ocrx_word' id='word_1_37' title='bbox 918 781 979 829; x_wconf 85' lang='lat' dir='ltr'><strong>et</strong></span> <span class='ocrx_word' id='word_1_38' title='bbox 1036 774 1460 832; x_wconf 86' lang='lat' dir='ltr'><strong>anniversaria</strong></span> <span class='ocrx_word' id='word_1_39' title='bbox 1517 775 1821 834; x_wconf 88' lang='lat' dir='ltr'><strong>celebrare</strong></span> <span class='ocrx_word' id='word_1_40' title='bbox 1881 793 2009 832; x_wconf 87' lang='lat' dir='ltr'><strong>me-</strong></span> 
     </span>
     <span class='ocr_line' id='line_1_7' title="bbox 225 870 2009 933; baseline 0.001 -2"><span class='ocrx_word' id='word_1_41' title='bbox 225 876 440 932; x_wconf 89' lang='lat' dir='ltr'><strong>moria.</strong></span> <span class='ocrx_word' id='word_1_42' title='bbox 507 873 864 932; x_wconf 87' lang='lat' dir='ltr'><strong>Lactantius</strong></span> <span class='ocrx_word' id='word_1_43' title='bbox 908 871 1131 929; x_wconf 89' lang='lat' dir='ltr'><strong>Institt.</strong></span> <span class='ocrx_word' id='word_1_44' title='bbox 1175 870 1276 930; x_wconf 90' lang='lat' dir='ltr'><strong>VI.</strong></span> <span class='ocrx_word' id='word_1_45' title='bbox 1322 874 1422 931; x_wconf 88' lang='lat'><strong>20.</strong></span> <span class='ocrx_word' id='word_1_46' title='bbox 1468 874 1610 932; x_wconf 86' lang='lat'><strong>821.</strong></span> <span class='ocrx_word' id='word_1_47' title='bbox 1655 875 1730 932; x_wconf 93' lang='lat' dir='ltr'><strong>lu</strong></span> <span class='ocrx_word' id='word_1_48' title='bbox 1746 874 1784 932; x_wconf 94' lang='lat' dir='ltr'><strong>d</strong></span> <span class='ocrx_word' id='word_1_49' title='bbox 1799 893 1835 932; x_wconf 91' lang='lat' dir='ltr'><strong>o</strong></span> <span class='ocrx_word' id='word_1_50' title='bbox 1849 895 1880 931; x_wconf 91' lang='lat' dir='ltr'><strong>r</strong></span> <span class='ocrx_word' id='word_1_51' title='bbox 1893 893 2009 933; x_wconf 91' lang='lat' dir='ltr'><strong>um</strong></span> 
     </span>
     <span class='ocr_line' id='line_1_8' title="bbox 227 954 2009 1052; baseline -0.001 -20"><span class='ocrx_word' id='word_1_52' title='bbox 227 954 807 1033; x_wconf 72' lang='lat' dir='ltr'><strong>celebrationes</strong></span> <span class='ocrx_word' id='word_1_53' title='bbox 854 971 1167 1030; x_wconf 90' lang='lat' dir='ltr'><strong>deorum</strong></span> <span class='ocrx_word' id='word_1_54' title='bbox 1214 972 1421 1030; x_wconf 88' lang='lat' dir='ltr'><strong>festa</strong></span> <span class='ocrx_word' id='word_1_55' title='bbox 1467 982 1678 1045; x_wconf 89' lang='lat' dir='ltr'><strong>sunt,</strong></span> <span class='ocrx_word' id='word_1_56' title='bbox 1735 975 1799 1031; x_wconf 93' lang='lat' dir='ltr'><strong>si</strong></span> <span class='ocrx_word' id='word_1_57' title='bbox 1845 975 2009 1052; x_wconf 90' lang='lat' dir='ltr'><strong>qui-</strong></span> 
     </span>
     <span class='ocr_line' id='line_1_9' title="bbox 228 1071 2011 1150; baseline -0.002 -18"><span class='ocrx_word' id='word_1_58' title='bbox 228 1073 389 1132; x_wconf 90' lang='lat' dir='ltr'><strong>dem</strong></span> <span class='ocrx_word' id='word_1_59' title='bbox 467 1072 557 1131; x_wconf 90' lang='lat' dir='ltr'><strong>ob</strong></span> <span class='ocrx_word' id='word_1_60' title='bbox 630 1071 938 1131; x_wconf 81' lang='lat' dir='ltr'><strong>natales</strong></span> <span class='ocrx_word' id='word_1_61' title='bbox 1003 1089 1266 1129; x_wconf 91' lang='lat' dir='ltr'><strong>eorum</strong></span> <span class='ocrx_word' id='word_1_62' title='bbox 1337 1079 1473 1130; x_wconf 88' lang='lat' dir='ltr'><strong>aut</strong></span> <span class='ocrx_word' id='word_1_63' title='bbox 1537 1072 2011 1150; x_wconf 85' lang='lat' dir='ltr'><strong>templorum</strong></span> 
     </span>
     <span class='ocr_line' id='line_1_10' title="bbox 226 1170 2011 1234; baseline -0.002 -3"><span class='ocrx_word' id='word_1_64' title='bbox 226 1191 599 1234; x_wconf 89' lang='lat' dir='ltr'><strong>novorum</strong></span> <span class='ocrx_word' id='word_1_65' title='bbox 659 1170 1204 1230; x_wconf 87' lang='lat' dir='ltr'><strong>dedicationes</strong></span> <span class='ocrx_word' id='word_1_66' title='bbox 1262 1181 1441 1230; x_wconf 90' lang='lat' dir='ltr'><strong>sunt</strong></span> <span class='ocrx_word' id='word_1_67' title='bbox 1507 1172 2011 1231; x_wconf 86' lang='lat' dir='ltr'><strong>constitutae.</strong></span> 
     </span>
    </p>
   </div>
   <div class='ocr_carea' id='block_1_3' title="bbox 213 1268 2131 1351">
    <p class='ocr_par' dir='ltr' id='par_1_3' title="bbox 213 1268 2131 1351">
     <span class='ocr_line' id='line_1_11' title="bbox 213 1268 2131 1351; baseline -0.002 -20"><span class='ocrx_word' id='word_1_68' title='bbox 213 1272 445 1331; x_wconf 71' lang='lat' dir='ltr'><strong>‘Festus</strong></span> <span class='ocrx_word' id='word_1_69' title='bbox 489 1292 548 1351; x_wconf 87' lang='lat' dir='ltr'><strong>p.</strong></span> <span class='ocrx_word' id='word_1_70' title='bbox 596 1271 739 1329; x_wconf 84' lang='lat'><strong>228.</strong></span> <span class='ocrx_word' id='word_1_71' title='bbox 800 1269 1136 1329; x_wconf 86' lang='lat' dir='ltr'><strong>Martias</strong></span> <span class='ocrx_word' id='word_1_72' title='bbox 1183 1268 1571 1329; x_wconf 89' lang='lat' dir='ltr'><strong>Calendas</strong></span> <span class='ocrx_word' id='word_1_73' title='bbox 1616 1278 2012 1330; x_wconf 89' lang='lat' dir='ltr'><strong>matronae</strong></span> <span class='ocrx_word' id='word_1_74' title='bbox 2123 1328 2131 1341; x_wconf 65' lang='grc'><em>,</em></span> 
     </span>
    </p>
   </div>
   <div class='ocr_carea' id='block_1_4' title="bbox 227 1354 2015 1948">
    <p class='ocr_par' dir='ltr' id='par_1_4' title="bbox 227 1354 2015 1948">
     <span class='ocr_line' id='line_1_12' title="bbox 227 1354 2012 1449; baseline -0.002 -18"><span class='ocrx_word' id='word_1_75' title='bbox 227 1371 774 1442; x_wconf 83' lang='lat' dir='ltr'><strong>celebrabant,</strong></span> <span class='ocrx_word' id='word_1_76' title='bbox 843 1369 1038 1449; x_wconf 90' lang='lat' dir='ltr'><strong>quod</strong></span> <span class='ocrx_word' id='word_1_77' title='bbox 1099 1388 1184 1427; x_wconf 91' lang='lat' dir='ltr'><strong>eo</strong></span> <span class='ocrx_word' id='word_1_78' title='bbox 1248 1370 1372 1428; x_wconf 91' lang='lat' dir='ltr'><strong>die</strong></span> <span class='ocrx_word' id='word_1_79' title='bbox 1416 1354 2012 1429; x_wconf 68' lang='lat' dir='ltr'><strong>Junonis‘Luci-</strong></span> 
     </span>
     <span class='ocr_line' id='line_1_13' title="bbox 228 1467 2013 1548; baseline -0.002 -19"><span class='ocrx_word' id='word_1_80' title='bbox 228 1490 367 1530; x_wconf 88' lang='lat' dir='ltr'><strong>nae</strong></span> <span class='ocrx_word' id='word_1_81' title='bbox 414 1470 903 1548; x_wconf 85' lang='lat' dir='ltr'><strong>coli-coepta·</strong></span> <span class='ocrx_word' id='word_1_82' title='bbox 943 1472 1073 1526; x_wconf 27' lang='lat' dir='ltr'><strong>sit..</strong></span> <span class='ocrx_word' id='word_1_83' title='bbox 1148 1468 1321 1527; x_wconf 87' lang='lat' dir='ltr'><strong>Idem</strong></span> <span class='ocrx_word' id='word_1_84' title='bbox 1377 1489 1438 1547; x_wconf 90' lang='lat' dir='ltr'><strong>p.</strong></span> <span class='ocrx_word' id='word_1_85' title='bbox 1483 1467 1639 1528; x_wconf 63' lang='lat'><strong>459.</strong></span> <span class='ocrx_word' id='word_1_86' title='bbox 1687 1471 2013 1545; x_wconf 89' lang='lat' dir='ltr'><strong>Rustica</strong></span> 
     </span>
     <span class='ocr_line' id='line_1_14' title="bbox 228 1566 2015 1647; baseline -0.001 -19"><span class='ocrx_word' id='word_1_87' title='bbox 228 1570 550 1629; x_wconf 88' lang='lat' dir='ltr'><strong>Vinalia</strong></span> <span class='ocrx_word' id='word_1_88' title='bbox 593 1566 1028 1640; x_wconf 84' lang='lat' dir='ltr'><strong>faciebant,</strong></span> <span class='ocrx_word' id='word_1_89' title='bbox 1096 1568 1296 1647; x_wconf 91' lang='lat' dir='ltr'><strong>quod</strong></span> <span class='ocrx_word' id='word_1_90' title='bbox 1343 1587 1430 1626; x_wconf 91' lang='lat' dir='ltr'><strong>eo</strong></span> <span class='ocrx_word' id='word_1_91' title='bbox 1477 1567 1601 1626; x_wconf 90' lang='lat' dir='ltr'><strong>die</strong></span> <span class='ocrx_word' id='word_1_92' title='bbox 1657 1568 1888 1627; x_wconf 88' lang='lat' dir='ltr'><strong>aedes</strong></span> <span class='ocrx_word' id='word_1_93' title='bbox 1945 1571 2015 1627; x_wconf 89' lang='lat' dir='ltr'><strong>ei</strong></span> 
     </span>
     <span class='ocr_line' id='line_1_15' title="bbox 229 1667 2015 1746; baseline -0.001 -18"><span class='ocrx_word' id='word_1_94' title='bbox 229 1669 605 1729; x_wconf 88' lang='lat' dir='ltr'><strong>dedicata</strong></span> <span class='ocrx_word' id='word_1_95' title='bbox 649 1677 790 1741; x_wconf 86' lang='lat' dir='ltr'><strong>est3</strong></span> <span class='ocrx_word' id='word_1_96' title='bbox 836 1667 1122 1746; x_wconf 84' lang='lat' dir='ltr'><strong>idemque</strong></span> <span class='ocrx_word' id='word_1_97' title='bbox 1147 1667 1224 1725; x_wconf 89' lang='lat' dir='ltr'><strong>de</strong></span> <span class='ocrx_word' id='word_1_98' title='bbox 1242 1668 2015 1743; x_wconf 87' lang='lat' dir='ltr'><strong>Portumnalibus‚Martiis</strong></span> 
     </span>
     <span class='ocr_line' id='line_1_16' title="bbox 228 1766 2014 1850; baseline -0.002 -21"><span class='ocrx_word' id='word_1_99' title='bbox 228 1771 484 1850; x_wconf 90' lang='lat' dir='ltr'><strong>aliisque</strong></span> <span class='ocrx_word' id='word_1_100' title='bbox 544 1768 766 1827; x_wconf 90' lang='lat' dir='ltr'><strong>dicitur</strong></span> <span class='ocrx_word' id='word_1_101' title='bbox 822 1767 1216 1826; x_wconf 87' lang='lat' dir='ltr'><strong>solemnibus.</strong></span> <span class='ocrx_word' id='word_1_102' title='bbox 1278 1787 1339 1828; x_wconf 88' lang='lat' dir='ltr'><strong>v..</strong></span> <span class='ocrx_word' id='word_1_103' title='bbox 1398 1768 1523 1826; x_wconf 87' lang='lat' dir='ltr'><strong>Dio</strong></span> <span class='ocrx_word' id='word_1_104' title='bbox 1571 1766 1738 1828; x_wconf 83' lang='lat' dir='ltr'><strong>Cass.</strong></span> <span class='ocrx_word' id='word_1_105' title='bbox 1781 1767 1912 1827; x_wconf 91' lang='lat' dir='ltr'><strong>LX.</strong></span> <span class='ocrx_word' id='word_1_106' title='bbox 1958 1766 2014 1826; x_wconf 87' lang='lat'><strong>5.</strong></span> 
     </span>
     <span class='ocr_line' id='line_1_17' title="bbox 227 1866 2013 1948; baseline -0.001 -21"><span class='ocrx_word' id='word_1_107' title='bbox 227 1870 424 1927; x_wconf 64' lang='lat' dir='ltr'><strong>‘Varro</strong></span> <span class='ocrx_word' id='word_1_108' title='bbox 471 1868 528 1926; x_wconf 91' lang='lat' dir='ltr'><strong>d.</strong></span> <span class='ocrx_word' id='word_1_109' title='bbox 572 1869 640 1927; x_wconf 91' lang='lat' dir='ltr'><strong>L.</strong></span> <span class='ocrx_word' id='word_1_110' title='bbox 684 1868 754 1926; x_wconf 89' lang='lat' dir='ltr'><strong>L.</strong></span> <span class='ocrx_word' id='word_1_111' title='bbox 798 1866 871 1926; x_wconf 86' lang='lat' dir='ltr'><strong>V.</strong></span> <span class='ocrx_word' id='word_1_112' title='bbox 930 1867 987 1925; x_wconf 88' lang='lat'><strong>3.</strong></span> <span class='ocrx_word' id='word_1_113' title='bbox 1032 1867 1133 1926; x_wconf 87' lang='grc'><strong>47.</strong></span> <span class='ocrx_word' id='word_1_114' title='bbox 1190 1867 1322 1926; x_wconf 90' lang='lat' dir='ltr'><strong>dies</strong></span> <span class='ocrx_word' id='word_1_115' title='bbox 1367 1878 1606 1941; x_wconf 88' lang='lat' dir='ltr'><strong>autem,</strong></span> <span class='ocrx_word' id='word_1_116' title='bbox 1659 1887 1784 1948; x_wconf 80' lang='lat' dir='ltr'><strong>quo</strong></span> <span class='ocrx_word' id='word_1_117' title='bbox 1809 1867 2013 1927; x_wconf 81' lang='lat' dir='ltr'><strong>aedes</strong></span> 
     </span>
    </p>
   </div>
   <div class='ocr_carea' id='block_1_5' title="bbox 228 1966 2121 2040">
    <p class='ocr_par' dir='ltr' id='par_1_5' title="bbox 228 1966 2121 2040">
     <span class='ocr_line' id='line_1_18' title="bbox 228 1966 2121 2040; baseline 0.001 -13"><span class='ocrx_word' id='word_1_118' title='bbox 228 1967 539 2040; x_wconf 87' lang='lat' dir='ltr'><strong>dedicata,</strong></span> <span class='ocrx_word' id='word_1_119' title='bbox 598 1967 724 2026; x_wconf 77' lang='lat' dir='ltr'><strong>deiv</strong></span> <span class='ocrx_word' id='word_1_120' title='bbox 753 1966 1076 2025; x_wconf 90' lang='lat' dir='ltr'><strong>incolentis</strong></span> <span class='ocrx_word' id='word_1_121' title='bbox 1121 1967 1344 2024; x_wconf 89' lang='lat' dir='ltr'><strong>natalis</strong></span> <span class='ocrx_word' id='word_1_122' title='bbox 1389 1967 1634 2026; x_wconf 90' lang='lat' dir='ltr'><strong>habitus</strong></span> <span class='ocrx_word' id='word_1_123' title='bbox 1664 1978 1744 2026; x_wconf 74' lang='lat' dir='ltr'><strong>ret</strong></span> <span class='ocrx_word' id='word_1_124' title='bbox 1768 1970 1849 2026; x_wconf 85' lang='lat' dir='ltr'><strong>in</strong></span> <span class='ocrx_word' id='word_1_125' title='bbox 1895 1967 2015 2026; x_wconf 87' lang='lat' dir='ltr'><strong>Fa·-</strong></span> <span class='ocrx_word' id='word_1_126' title='bbox 2104 2015 2121 2028; x_wconf 65' lang='grc'><strong>.</strong></span> 
     </span>
    </p>
   </div>
   <div class='ocr_carea' id='block_1_6' title="bbox 225 2064 2013 2127">
    <p class='ocr_par' dir='ltr' id='par_1_6' title="bbox 225 2064 2013 2127">
     <span class='ocr_line' id='line_1_19' title="bbox 225 2064 2013 2127; baseline -0.001 0"><span class='ocrx_word' id='word_1_127' title='bbox 225 2077 354 2127; x_wconf 91' lang='lat' dir='ltr'><strong>stos</strong></span> <span class='ocrx_word' id='word_1_128' title='bbox 398 2068 627 2125; x_wconf 91' lang='lat' dir='ltr'><strong>relatus</strong></span> <span class='ocrx_word' id='word_1_129' title='bbox 673 2076 782 2125; x_wconf 92' lang='lat' dir='ltr'><strong>est.</strong></span> <span class='ocrx_word' id='word_1_130' title='bbox 826 2085 886 2127; x_wconf 92' lang='lat' dir='ltr'><strong>v.</strong></span> <span class='ocrx_word' id='word_1_131' title='bbox 917 2064 1101 2126; x_wconf 84' lang='lat' dir='ltr'><strong>ovid.</strong></span> <span class='ocrx_word' id='word_1_132' title='bbox 1130 2065 1202 2123; x_wconf 80' lang='lat' dir='ltr'><strong>F.</strong></span> <span class='ocrx_word' id='word_1_133' title='bbox 1231 2066 1336 2124; x_wconf 91' lang='lat' dir='ltr'><strong>III.</strong></span> <span class='ocrx_word' id='word_1_134' title='bbox 1383 2066 1528 2125; x_wconf 89' lang='lat'>811.</span> <span class='ocrx_word' id='word_1_135' title='bbox 1557 2067 1709 2126; x_wconf 70' lang='lat'>837:</span> <span class='ocrx_word' id='word_1_136' title='bbox 1748 2067 2013 2126; x_wconf 88' lang='lat' dir='ltr'><strong>Turneb.</strong></span> 
     </span>
    </p>
   </div>
   <div class='ocr_carea' id='block_1_7' title="bbox 228 2149 2121 2241">
    <p class='ocr_par' dir='ltr' id='par_1_7' title="bbox 228 2149 2121 2241">
     <span class='ocr_line' id='line_1_20' title="bbox 228 2149 2121 2241; baseline 0 -15"><span class='ocrx_word' id='word_1_137' title='bbox 228 2166 390 2227; x_wconf 83' lang='lat' dir='ltr'><strong>Adv.</strong></span> <span class='ocrx_word' id='word_1_138' title='bbox 445 2167 521 2225; x_wconf 89' lang='grc'><strong>11.</strong></span> <span class='ocrx_word' id='word_1_139' title='bbox 583 2166 678 2224; x_wconf 88' lang='lat'><strong>17.</strong></span> <span class='ocrx_word' id='word_1_140' title='bbox 766 2165 1008 2224; x_wconf 67' lang='lat' dir='ltr'><strong>Samen.</strong></span> <span class='ocrx_word' id='word_1_141' title='bbox 1067 2163 1146 2222; x_wconf 78' lang='lat' dir='ltr'><strong>de</strong></span> <span class='ocrx_word' id='word_1_142' title='bbox 1205 2164 1463 2241; x_wconf 67' lang='lat' dir='ltr'><strong>Synedr.</strong></span> <span class='ocrx_word' id='word_1_143' title='bbox 1509 2167 1614 2224; x_wconf 84' lang='lat'><strong>111.</strong></span> <span class='ocrx_word' id='word_1_144' title='bbox 1676 2167 1771 2226; x_wconf 90' lang='lat'><strong>14.</strong></span> <span class='ocrx_word' id='word_1_145' title='bbox 1832 2168 2013 2226; x_wconf 82' lang='lat'><strong>1786.</strong></span> <span class='ocrx_word' id='word_1_146' title='bbox 2117 2149 2121 2154; x_wconf 80' lang='grc'><strong>’</strong></span> 
     </span>
    </p>
   </div>
   <div class='ocr_carea' id='block_1_8' title="bbox 227 2250 2016 2749">
    <p class='ocr_par' dir='ltr' id='par_1_8' title="bbox 227 2250 2016 2749">
     <span class='ocr_line' id='line_1_21' title="bbox 227 2250 2012 2344; baseline -0.001 -18"><span class='ocrx_word' id='word_1_147' title='bbox 227 2268 560 2327; x_wconf 87' lang='lat' dir='ltr'><strong>Burmann.</strong></span> <span class='ocrx_word' id='word_1_148' title='bbox 607 2264 688 2324; x_wconf 89' lang='lat' dir='ltr'><strong>ad</strong></span> <span class='ocrx_word' id='word_1_149' title='bbox 730 2263 980 2323; x_wconf 91' lang='lat' dir='ltr'><strong>Anthol.</strong></span> <span class='ocrx_word' id='word_1_150' title='bbox 1006 2263 1078 2322; x_wconf 84' lang='lat' dir='ltr'><strong>V.</strong></span> <span class='ocrx_word' id='word_1_151' title='bbox 1125 2250 1240 2344; x_wconf 83' lang='lat' dir='ltr'><strong>Ep.</strong></span> <span class='ocrx_word' id='word_1_152' title='bbox 1267 2265 1369 2323; x_wconf 82' lang='lat'><strong>79.</strong></span> <span class='ocrx_word' id='word_1_153' title='bbox 1455 2266 1528 2323; x_wconf 90' lang='lat' dir='ltr'><strong>In</strong></span> <span class='ocrx_word' id='word_1_154' title='bbox 1559 2266 1819 2326; x_wconf 85' lang='lat' dir='ltr'><strong>Graecia</strong></span> <span class='ocrx_word' id='word_1_155' title='bbox 1861 2286 2012 2327; x_wconf 90' lang='lat' dir='ltr'><strong>vero</strong></span> 
     </span>
     <span class='ocr_line' id='line_1_22' title="bbox 229 2362 2014 2447; baseline 0.001 -23"><span class='ocrx_word' id='word_1_156' title='bbox 229 2368 484 2444; x_wconf 88' lang='lat' dir='ltr'><strong>antiqua</strong></span> <span class='ocrx_word' id='word_1_157' title='bbox 537 2365 776 2424; x_wconf 90' lang='lat' dir='ltr'><strong>nullum</strong></span> <span class='ocrx_word' id='word_1_158' title='bbox 834 2364 1016 2441; x_wconf 86' lang='lat' dir='ltr'><strong>hujus</strong></span> <span class='ocrx_word' id='word_1_159' title='bbox 1076 2362 1594 2424; x_wconf 88' lang='lat' dir='ltr'><strong>denominationis</strong></span> <span class='ocrx_word' id='word_1_160' title='bbox 1651 2367 2014 2447; x_wconf 85' lang='lat' dir='ltr'><strong>exemplum</strong></span> 
     </span>
     <span class='ocr_line' id='line_1_23' title="bbox 230 2461 2015 2546; baseline 0.001 -22"><span class='ocrx_word' id='word_1_161' title='bbox 230 2467 558 2537; x_wconf 86' lang='lat' dir='ltr'><strong>succurrit,</strong></span> <span class='ocrx_word' id='word_1_162' title='bbox 616 2461 738 2522; x_wconf 86' lang='lat' dir='ltr'><strong>nisi</strong></span> <span class='ocrx_word' id='word_1_163' title='bbox 781 2462 863 2522; x_wconf 88' lang='lat' dir='ltr'><strong>ad</strong></span> <span class='ocrx_word' id='word_1_164' title='bbox 910 2461 1300 2522; x_wconf 90' lang='lat' dir='ltr'><strong>Comicorum</strong></span> <span class='ocrx_word' id='word_1_165' title='bbox 1347 2464 1644 2543; x_wconf 88' lang='lat' dir='ltr'><strong>quasdam</strong></span> <span class='ocrx_word' id='word_1_166' title='bbox 1688 2475 2015 2546; x_wconf 87' lang='lat' dir='ltr'><strong>poetarum</strong></span> 
     </span>
     <span class='ocr_line' id='line_1_24' title="bbox 230 2552 2016 2645; baseline 0.001 -21"><span class='ocrx_word' id='word_1_167' title='bbox 230 2565 470 2624; x_wconf 86' lang='lat' dir='ltr'><strong>fabulas</strong></span> <span class='ocrx_word' id='word_1_168' title='bbox 527 2552 868 2642; x_wconf 88' lang='lat' dir='ltr'><strong>provocare</strong></span> <span class='ocrx_word' id='word_1_169' title='bbox 924 2562 1144 2634; x_wconf 89' lang='lat' dir='ltr'><strong>libeat,</strong></span> <span class='ocrx_word' id='word_1_170' title='bbox 1202 2564 1411 2641; x_wconf 84' lang='lat' dir='ltr'><strong>quales</strong></span> <span class='ocrx_word' id='word_1_171' title='bbox 1467 2575 1610 2623; x_wconf 93' lang='lat' dir='ltr'><strong>sunt</strong></span> <span class='ocrx_word' id='word_1_172' title='bbox 1654 2566 2016 2645; x_wconf 87' lang='lat' dir='ltr'><strong>Palaephati</strong></span> 
     </span>
     <span class='ocr_line' id='line_1_25' title="bbox 233 2660 2015 2749; baseline -0.001 -23"><span class='ocrx_word' id='word_1_173' title='bbox 233 2665 430 2727; x_wconf 80' lang='grc' dir='ltr'><em>Γοναὶ</em></span> <span class='ocrx_word' id='word_1_174' title='bbox 465 2662 842 2745; x_wconf 60' lang='grc' dir='ltr'><em>Ἀρτᾷιιιὸος,</em></span> <span class='ocrx_word' id='word_1_175' title='bbox 898 2660 1232 2739; x_wconf 82' lang='lat' dir='ltr'><strong>Hermippi</strong></span> <span class='ocrx_word' id='word_1_176' title='bbox 1270 2663 1540 2740; x_wconf 75' lang='grc' dir='ltr'><em>Ἀθηνᾶς</em></span> <span class='ocrx_word' id='word_1_177' title='bbox 1582 2665 1797 2749; x_wconf 72' lang='grc' dir='ltr'><em>γοναί,</em></span> <span class='ocrx_word' id='word_1_178' title='bbox 1860 2665 2015 2724; x_wconf 83' lang='lat' dir='ltr'><strong>Ara-</strong></span> 
     </span>
    </p>
   </div>
   <div class='ocr_carea' id='block_1_9' title="bbox 234 2760 2130 2848">
    <p class='ocr_par' dir='ltr' id='par_1_9' title="bbox 234 2760 2130 2848">
     <span class='ocr_line' id='line_1_26' title="bbox 234 2760 2130 2848; baseline -0.001 -24"><span class='ocrx_word' id='word_1_179' title='bbox 234 2765 386 2823; x_wconf 83' lang='lat' dir='ltr'><strong>rotis</strong></span> <span class='ocrx_word' id='word_1_180' title='bbox 433 2763 652 2832; x_wconf 83' lang='grc' dir='ltr'><strong><em>Πανὸς</em></strong></span> <span class='ocrx_word' id='word_1_181' title='bbox 695 2760 908 2847; x_wconf 76' lang='grc' dir='ltr'><em>γοναί,</em></span> <span class='ocrx_word' id='word_1_182' title='bbox 970 2778 1118 2839; x_wconf 59' lang='grc' dir='ltr'><strong>9110Δ</strong></span> <span class='ocrx_word' id='word_1_183' title='bbox 1150 2761 1329 2818; x_wconf 90' lang='lat' dir='ltr'><strong>titulo</strong></span> <span class='ocrx_word' id='word_1_184' title='bbox 1390 2763 1574 2821; x_wconf 88' lang='lat' dir='ltr'><strong>etiam</strong></span> <span class='ocrx_word' id='word_1_185' title='bbox 1620 2764 1867 2823; x_wconf 86' lang='lat' dir='ltr'><strong>Philisci</strong></span> <span class='ocrx_word' id='word_1_186' title='bbox 1922 2765 2015 2823; x_wconf 83' lang='lat' dir='ltr'><strong>fa·</strong></span> <span class='ocrx_word' id='word_1_187' title='bbox 2126 2773 2130 2848; x_wconf 69' lang='lat' dir='ltr'>J</span> 
     </span>
    </p>
   </div>
   <div class='ocr_carea' id='block_1_10' title="bbox 235 2859 2021 3437">
    <p class='ocr_par' dir='ltr' id='par_1_10' title="bbox 235 2859 2021 3437">
     <span class='ocr_line' id='line_1_27' title="bbox 236 2859 2016 2936; baseline 0.001 -12"><span class='ocrx_word' id='word_1_188' title='bbox 236 2864 381 2924; x_wconf 90' lang='lat' dir='ltr'><strong>bula</strong></span> <span class='ocrx_word' id='word_1_189' title='bbox 423 2863 573 2936; x_wconf 85' lang='lat' dir='ltr'><strong>fuit,</strong></span> <span class='ocrx_word' id='word_1_190' title='bbox 618 2873 751 2921; x_wconf 89' lang='lat' dir='ltr'><strong>tum</strong></span> <span class='ocrx_word' id='word_1_191' title='bbox 797 2860 919 2918; x_wconf 90' lang='lat' dir='ltr'><strong>duo</strong></span> <span class='ocrx_word' id='word_1_192' title='bbox 965 2860 1244 2935; x_wconf 87' lang='lat' dir='ltr'><strong>Polyzeli</strong></span> <span class='ocrx_word' id='word_1_193' title='bbox 1289 2859 1588 2933; x_wconf 88' lang='lat' dir='ltr'><strong>dramata,</strong></span> <span class='ocrx_word' id='word_1_194' title='bbox 1634 2863 1824 2922; x_wconf 85' lang='lat' dir='ltr'><strong>unum</strong></span> <span class='ocrx_word' id='word_1_195' title='bbox 1868 2869 2016 2926; x_wconf 88' lang='grc' dir='ltr'><em>Διο-</em></span> 
     </span>
     <span class='ocr_line' id='line_1_28' title="bbox 237 2952 2015 3048; baseline -0.001 -22"><span class='ocrx_word' id='word_1_196' title='bbox 237 2963 433 3027; x_wconf 82' lang='grc' dir='ltr'><em>νύσου</em></span> <span class='ocrx_word' id='word_1_197' title='bbox 477 2962 690 3048; x_wconf 75' lang='grc' dir='ltr'><em>γοναί,</em></span> <span class='ocrx_word' id='word_1_198' title='bbox 737 2952 997 3019; x_wconf 84' lang='lat' dir='ltr'><strong>alterum</strong></span> <span class='ocrx_word' id='word_1_199' title='bbox 1043 2967 1365 3032; x_wconf 81' lang='grc' dir='ltr'><em>Μουσῶν,</em></span> <span class='ocrx_word' id='word_1_200' title='bbox 1423 2961 1670 3020; x_wconf 90' lang='lat' dir='ltr'><strong>Philisci</strong></span> <span class='ocrx_word' id='word_1_201' title='bbox 1716 2961 2015 3024; x_wconf 79' lang='grc' dir='ltr'><em>Ἀπόλλω-</em></span> 
     </span>
     <span class='ocr_line' id='line_1_29' title="bbox 240 3059 2019 3145; baseline -0.002 -18"><span class='ocrx_word' id='word_1_202' title='bbox 240 3089 347 3132; x_wconf 80' lang='grc' dir='ltr'><strong>νος</strong></span> <span class='ocrx_word' id='word_1_203' title='bbox 391 3064 496 3124; x_wconf 81' lang='grc' dir='ltr'><strong>καὶ</strong></span> <span class='ocrx_word' id='word_1_204' title='bbox 531 3060 878 3145; x_wconf 69' lang='grc' dir='ltr'><strong><em>Ἀρτέμιδος</em></strong></span> <span class='ocrx_word' id='word_1_205' title='bbox 920 3059 1123 3143; x_wconf 78' lang='grc' dir='ltr'><em>γοναί,</em></span> <span class='ocrx_word' id='word_1_206' title='bbox 1187 3059 1462 3136; x_wconf 85' lang='lat' dir='ltr'><strong>ejusdem</strong></span> <span class='ocrx_word' id='word_1_207' title='bbox 1508 3070 1571 3119; x_wconf 90' lang='lat' dir='ltr'><strong>et</strong></span> <span class='ocrx_word' id='word_1_208' title='bbox 1611 3061 2019 3140; x_wconf 76' lang='lat' dir='ltr'><strong>Nicophontis,</strong></span> 
     </span>
     <span class='ocr_line' id='line_1_30' title="bbox 235 3158 2014 3245; baseline -0.003 -21"><span class='ocrx_word' id='word_1_209' title='bbox 235 3161 596 3244; x_wconf 72' lang='grc' dir='ltr'><em>Ἀφροδίτης</em></span> <span class='ocrx_word' id='word_1_210' title='bbox 638 3160 852 3245; x_wconf 77' lang='grc' dir='ltr'><em>γοναί,</em></span> <span class='ocrx_word' id='word_1_211' title='bbox 907 3158 1268 3217; x_wconf 89' lang='lat' dir='ltr'><strong>Timesithei</strong></span> <span class='ocrx_word' id='word_1_212' title='bbox 1312 3160 1513 3238; x_wconf 82' lang='grc' dir='ltr'><em>Ζηνὸς</em></span> <span class='ocrx_word' id='word_1_213' title='bbox 1567 3161 1768 3245; x_wconf 77' lang='grc' dir='ltr'><strong>γοναί.</strong></span> <span class='ocrx_word' id='word_1_214' title='bbox 1856 3161 2014 3231; x_wconf 86' lang='lat' dir='ltr'><strong>Her-</strong></span> 
     </span>
     <span class='ocr_line' id='line_1_31' title="bbox 242 3257 2011 3341; baseline -0.003 -21"><span class='ocrx_word' id='word_1_215' title='bbox 242 3263 441 3341; x_wconf 88' lang='lat' dir='ltr'><strong>mippi</strong></span> <span class='ocrx_word' id='word_1_216' title='bbox 503 3260 750 3339; x_wconf 91' lang='lat' dir='ltr'><strong>quidem</strong></span> <span class='ocrx_word' id='word_1_217' title='bbox 811 3258 1055 3319; x_wconf 88' lang='lat' dir='ltr'><strong>fabulae</strong></span> <span class='ocrx_word' id='word_1_218' title='bbox 1114 3257 1455 3317; x_wconf 90' lang='lat' dir='ltr'><strong>Heerenius</strong></span> <span class='ocrx_word' id='word_1_219' title='bbox 1519 3259 1598 3317; x_wconf 89' lang='lat' dir='ltr'><strong>ad</strong></span> <span class='ocrx_word' id='word_1_220' title='bbox 1660 3258 1829 3318; x_wconf 85' lang='lat' dir='ltr'><strong>Stob.</strong></span> <span class='ocrx_word' id='word_1_221' title='bbox 1884 3259 2011 3318; x_wconf 91' lang='lat' dir='ltr'><strong>Ecl.</strong></span> 
     </span>
     <span class='ocr_line' id='line_1_32' title="bbox 243 3353 2021 3437; baseline -0.003 -19"><span class='ocrx_word' id='word_1_222' title='bbox 243 3361 311 3418; x_wconf 89' lang='grc' dir='ltr'><strong>Τ.</strong></span> <span class='ocrx_word' id='word_1_223' title='bbox 357 3362 400 3419; x_wconf 94' lang='grc' dir='ltr'><strong>Ι.</strong></span> <span class='ocrx_word' id='word_1_224' title='bbox 447 3360 587 3420; x_wconf 86' lang='grc'><strong>239.</strong></span> <span class='ocrx_word' id='word_1_225' title='bbox 673 3360 989 3419; x_wconf 87' lang='lat' dir='ltr'><strong>Minervae</strong></span> <span class='ocrx_word' id='word_1_226' title='bbox 1034 3368 1266 3429; x_wconf 90' lang='lat' dir='ltr'><strong>ortum,</strong></span> <span class='ocrx_word' id='word_1_227' title='bbox 1330 3353 1508 3436; x_wconf 75' lang='lat' dir='ltr'><strong>quem</strong></span> <span class='ocrx_word' id='word_1_228' title='bbox 1552 3368 1774 3437; x_wconf 86' lang='lat' dir='ltr'><strong>poetae</strong></span> <span class='ocrx_word' id='word_1_229' title='bbox 1827 3357 2021 3417; x_wconf 85' lang='lat' dir='ltr'><strong>tradi-.</strong></span> 
     </span>
    </p>
   </div>
   <div class='ocr_carea' id='block_1_11' title="bbox 2073 1210 2158 3486">
    <p class='ocr_par' dir='ltr' id='par_1_11' title="bbox 2073 1210 2158 3486">
     <span class='ocr_line' id='line_1_33' title="bbox 2073 1210 2158 3486; baseline 0 0"><span class='ocrx_word' id='word_1_230' title='bbox 2073 1210 2158 3486; x_wconf 95' lang='lat' dir='ltr'><strong> </strong></span> 
     </span>
    </p>
   </div>
  </div>
 </body>
</html>
