2158 3848
222 190 348 250 736
757 202 992 247 mnan
1037 203 1464 249 SECUNDUS.

222 335 421 394 neutri
476 332 842 395 invidemus.
950 332 1189 394 Nomen
1247 345 1450 395 autem
1499 338 1783 397 carminis
1828 334 1878 398 C
1890 358 1920 396 r
1934 356 1997 397 a-

221 444 247 493 t
260 455 293 492 e
305 453 336 492 r
349 453 382 492 e
395 451 424 494 s
470 454 504 493 e
544 434 818 493 Platonis
862 434 1278 514 psychogonia
1319 446 1591 495 sumtum
1647 435 1893 497 videtur
1935 446 1997 496 et

220 532 297 591 ab
339 532 449 593 illa
494 533 725 613 duplici
769 535 1232 612 temperatione,
1277 554 1531 613 quarum
1576 537 1641 594 in
1684 555 1808 596 una
1847 535 1998 596 deus

219 650 463 692 omnem
509 634 783 700 animum
827 632 1152 692 universae
1194 642 1449 692 naturae
1492 636 1878 714 permiscuit,
1921 655 1998 695 ex

217 733 410 792 altera
451 731 699 791 residua
740 740 916 810 parte
960 740 1196 791 mentes
1242 731 1543 793 delibavit
1584 735 1885 795 humanas
1903 735 1996 815 [¹¹].

215 831 399 891 Hunc
479 827 771 915 δεύτερον
851 839 1128 913 κρατῆρα
1197 841 1383 892 vocat
1450 833 1822 894 Themistius
1894 833 1996 892 Or.

156 1001 158 1003 ,
214 929 443 991 XXVI.
499 930 641 990 338.
702 929 774 989 cf.
832 928 935 989 VI.
991 931 1094 990 77.
1140 930 1219 989 D.
1263 932 1594 1014 multisque
1637 933 1845 995 verbis
1890 932 1998 992 ob-

212 1029 462 1090 umbrat
503 1030 699 1107 magis
743 1048 925 1110 quam
971 1031 1260 1111 explanat
1296 1032 1588 1092 Proculus
1632 1033 1696 1092 in'
1732 1033 1889 1093 Tim.
1923 1032 1996 1091 V.

215 1129 358 1189 314.
430 1131 638 1189 nescio
698 1128 848 1210 quid
906 1129 984 1189 de
1040 1129 1290 1211 Orpheo
1346 1134 1680 1192 mussitans
1735 1152 1797 1213 p.
1854 1131 1996 1192 316.

212 1229 424 1310 Neque
491 1227 821 1309 quidquam
892 1229 1089 1290 bonae
1142 1234 1234 1290 rei
1290 1232 1466 1291 affert
1520 1232 1872 1292 Macrobius
1931 1233 1997 1291 in

213 1329 428 1390 Somn.
471 1329 517 1387 l.
568 1312 670 1387 12.
708 1328 810 1387 66.
907 1329 1022 1388 H'o
1039 1352 1070 1389 c
1114 1339 1231 1390 est
1276 1351 1367 1410 qu
1385 1331 1476 1391 od
1521 1332 1740 1392 Plato
1784 1341 1988 1392 nota-

212 1429 450 1488 vitiu
492 1426 697 1486 Phae
717 1426 914 1487 done
958 1431 1291 1489 animum
1336 1433 1412 1489 i'n
1455 1449 1741 1511 corpus
1786 1431 1994 1491 trahi

211 1546 305 1586 no
323 1546 412 1589 va
471 1526 864 1587 ebrietate
921 1528 1487 1610 trepidantem,
1543 1531 1816 1593 volens
1874 1549 1994 1590 no-

212 1645 386 1688 vum
446 1636 708 1706 potum
763 1629 1209 1689 materialis
1269 1630 1712 1693 alluvionis
1767 1630 1995 1691 intel-

211 1726 383 1804 ligi,
441 1744 585 1806 quo
642 1736 968 1804 gravata
1011 1716 1447 1789 deducitur.
1532 1729 1635 1790 Ar
1653 1732 1830 1790 cani
1871 1731 2002 1800 hu-

202 1827 329 1904 jus
370 1825 750 1887 indicium
794 1837 910 1887 est
953 1839 1205 1890 crater
1248 1829 1511 1890 Liberi
1554 1831 1810 1890 Patris
1853 1831 1994 1890 ille

211 1925 600 2000 sidereuS,
690 1938 766 1988 et
824 1929 964 1988 hoc
1023 1939 1170 2003 est,
1243 1948 1334 2009 qu
1353 1929 1446 1988 od
1500 1939 1812 1991 veteres
1867 1930 1993 1990 Le-

208 2025 513 2085 thaeum
570 2026 908 2090 fluvium
965 2038 1480 2103 vocaverunt,
1554 2031 1815 2111 ipsum
1873 2049 1991 2090 au-

208 2133 363 2184 tem
408 2125 771 2187 Liberum
815 2129 1125 2189 Patrem
1172 2128 1543 2209 Orpha‘l‘ci
1586 2138 1744 2194 νοῦν
1776 2129 1990 2194 ὑλικόν

208 2243 336 2285 sus
354 2227 729 2306 picantur
808 2228 1181 2306 intelligi.
1306 2227 1512 2302 Quum
1581 2228 1989 2311 Orphicorum

207 2327 544 2386 carminum
589 2344 735 2407 pars
776 2327 886 2387 illa
919 2329 1053 2406 jam
1099 2327 1332 2389 dudum
1374 2329 1753 2390 interciderit
1763 2374 1782 2404 ,
1833 2331 1988 2390 nihil

205 2444 521 2484 moramur
563 2426 990 2504 hujuscemodi
1033 2430 1401 2510 interpretes
1416 2473 1433 2503 ,
1479 2433 1584 2510 qui
1627 2450 1664 2490 a
1708 2438 1985 2491 veterum

206 2534 523 2584 auctorum
611 2536 813 2585 mente
896 2530 1257 2609 plerumque
1344 2540 1582 2589 tantum
1669 2529 1953 2589 aberrant
1966 2573 1984 2602 ‚

207 2633 504 2704 quantum
564 2642 603 2683 a
655 2643 863 2685 sacrae
917 2630 1254 2707 scripturae
1295 2630 1606 2688 intellectu
1651 2630 1985 2688 somniato-

196 2740 304 2784 ‘res
347 2723 798 2805 Apocalyptici.

324 2892 387 2950 [h]
446 2895 607 2938 Locum
662 2893 1045 2952 splendidissimum
1096 2900 1272 2952 praeter
1311 2896 1420 2938 alios
1462 2895 1618 2939 imitati
1660 2901 1762 2940 sunt
1799 2897 1979 2940 Lucian.

205 2951 283 2994 Bis
314 2954 688 2997 accus.-XXX1V.
718 2954 788 2996 97.
820 2954 877 2996 Τ.
907 2953 948 2995 7.
983 2953 1158 2996 Aristid.
1192 2954 1268 2999 Or.
1300 2955 1334 2996 I.
1365 2969 1407 3011 p.
1438 2953 1479 2996 5.
1509 2956 1722 2999 Arnobius
1752 2955 1807 2998 II.
1837 2955 1906 2999 25.
1936 2972 1978 3013 p.

204 3009 277 3052 66.
307 3010 463 3054 Haec
492 3017 588 3055 est
616 3013 797 3056 anima
826 3012 935 3055 illa
964 3013 1158 3064 docta,
1189 3013 1558 3067 immortalis,
1601 3016 1872 3070 perfecta
1903 3015 1978 3057 di-

206 3068 364 3122 vina,
403 3076 536 3126 post
575 3070 729 3113 deum
769 3071 1083 3128 principem
1114 3084 1292 3113 rerum
1323 3076 1377 3113 et
1406 3080 1533 3128 post
1563 3079 1773 3115 mentes
1802 3074 1978 3129 gemi—
2058 3124 2060 3127 f
2108 3110 2113 3115 .

206 3139 305 3168 nas
335 3127 522 3170 locum
554 3130 830 3172 obtinens
860 3136 1117 3186 quartum
1147 3134 1201 3170 et
1230 3130 1486 3173 affluens
1527 3146 1593 3174 ex
1634 3132 1974 3175 crateribus

206 3184 387 3238 vivis,
419 3200 596 3242 quorum
626 3189 781 3232 nullam
811 3195 976 3245 partem
1005 3187 1219 3232 intellexit
1248 3188 1449 3231 Orellius.
