2158 3848
240 219 363 277 768
771 232 1004 275 LIBER
1049 233 1470 276 sncUNnus

241 362 576 446 θεραπείαν
632 369 758 425 τῶν
815 360 1140 441 εἰληχότων
1193 363 1304 441 τὴν
1359 364 1495 446 περὶ
1549 372 1654 442 ιτῆς
1707 366 1993 448 γενέσεως

235 462 435 545 τιμήν.
493 461 615 523 Sed
660 462 1012 540 plerumque
1055 461 1206 519 nulli
1252 464 1397 521 certi
1441 461 1527 522 dii
1570 463 1678 523 sed
1721 466 1858 544 ipsa
1900 465 1995 525 vis

237 572 298 621 et
355 564 525 622 notio
582 559 1072 631 necessitudinis,
1129 579 1283 640 quae
1339 573 1620 641 parentes
1664 572 1726 622 et
1771 563 1995 622 liberos

236 661 352 721 sibi
396 662 656 721 invicem
702 658 987 732 devincit,
1031 660 1147 718 hoc
1190 662 1437 720 nomine
1479 662 1838 735 declaratur,
1882 663 1993 722 sic-

234 771 302 820 ut
356 780 393 819 a
448 760 698 819 caeteris
756 776 999 838 quoque
1055 757 1295 833 officiis,
1351 778 1505 840 quae
1558 770 1775 822 natura
1828 763 1993 821 inex-

232 859 448 940 piabili
489 860 782 938 religione
825 860 1047 931 sanxit,
1094 858 1181 918 dii
1226 858 1610 920 denominari
1633 861 1848 933 solent,
1893 879 1995 920 eo-

231 978 366 1019 rum
422 957 756 1018 officiorum
800 959 975 1038 quasi
1017 959 1348 1038 praesides.
1406 961 1529 1020 Ita
1569 957 1848 1022 Julianus
1892 958 1994 1018 Or.

229 1061 303 1119 II.
344 1058 444 1118 86.
488 1063 660 1123 θεῶν
704 1058 1019 1144 ὁμογνίων
1062 1060 1475 1140 appellatione
1517 1078 1822 1120 summam
1867 1077 1997 1120 om-

226 1160 415 1232 nium,
459 1177 614 1238 quae
657 1159 1114 1236 consanguineis
1157 1159 1483 1219 tribuenda
1517 1170 1679 1234 sunt,
1723 1177 1999 1240 compre-

134 1311 138 1321 „
226 1257 468 1330 hendit,
514 1259 803 1340 ἀδελφοῖς
846 1260 1064 1327 εὔνους
1104 1259 1209 1320 καὶ
1253 1257 1622 1341 αἰδούμενος
1664 1258 1997 1344 ὁμογνίους
2093 1329 2100 1336 ,

226 1355 434 1430 θεούς,
477 1356 594 1416 hoc
638 1366 749 1429 est,
793 1356 1108 1441 ὁμογνίων
1150 1361 1323 1420 θεῶν
1364 1357 1595 1431 δίκαια,
1639 1375 1760 1438 quo
1805 1356 1996 1418 verbo

223 1458 418 1517 utitur
471 1458 538 1515 in
590 1456 704 1536 Ep.
749 1454 833 1515 ad
875 1454 1094 1514 Athen.
1138 1475 1198 1534 p.
1244 1457 1385 1515 272.
1429 1457 1508 1515 D.
1571 1456 1744 1516 Plato
1787 1466 1995 1518 autem

225 1558 401 1635 Legg.
457 1555 529 1614 V.
585 1557 730 1616 728.
786 1556 866 1618 D.
923 1557 1279 1640 ξυγγένειαν
1319 1556 1424 1618 καὶ
1467 1560 1639 1620 θεῶν
1679 1555 1996 1641 ὁμογνίων

223 1656 555 1721 κοινωνίαν
609 1663 815 1738 τιμᾷν.
913 1655 1265 1734 Pariterque
1309 1656 1456 1732 jura
1507 1655 1844 1736 hospitalia
1882 1654 1995 1719 dii

223 1757 667 1837 hospitales
735 1763 1030 1817 vocantur
1087 1755 1229 1819 Liv.
1287 1754 1581 1815 XXXIX.
1640 1753 1738 1816 51.
1800 1755 1990 1819 Tacit.

221 1857 380 1918 Ann.
423 1856 557 1915 XV.
603 1854 702 1916 52.
747 1853 945 1914 Valer.
989 1853 1151 1913 Max.
1197 1855 1242 1913 Ι.
1298 1856 1358 1914 7.
1416 1853 1514 1915 53.
1540 1857 1613 1937 [¹]
1667 1856 1994 1938 hospitii

223 1956 331 2015 dii
387 1954 569 2016 ovid.
624 1954 770 2013 Met.
830 1953 901 2011 V.
958 1951 1059 2012 45.
1114 1954 1457 2014 sociales
1514 1955 1625 2015 dii
1680 1957 1816 2020 Liv.
1861 1957 1990 2018 XL.

222 2058 322 2117 22..
398 2055 500 2114 Sic
550 2056 737 2131 igitur
789 2062 1112 2134 parentum
1156 2053 1512 2130 religionem
1556 2061 1728 2121 θεῶν
1769 2062 1991 2142 γενεθ-

222 2155 371 2220 λίων
425 2156 676 2214 nomine
734 2163 1191 2226 consecrarunt,
1253 2172 1374 2234 quo
1432 2155 1607 2215 Plato
1660 2157 1841 2235 Legg.
1883 2157 1989 2219 IX.

219 2256 362 2316 879.
404 2255 482 2314 D.
517 2256 796 2332 juniores
840 2252 1164 2325 admonet,
1231 2263 1301 2313 ut
1345 2256 1628 2316 omnibus
1670 2266 1819 2317 natu
1860 2277 1990 2319 ma-

212 2355 452 2434 joribus
494 2355 903 2416 reverentiam
949 2353 1276 2414 exhibeant
1317 2355 1674 2434 parentibus
1700 2355 1988 2418 debitam.

217 2456 300 2515 Et
356 2454 609 2514 Veturia
665 2453 834 2533 apud
887 2452 1152 2533 Appian.
1207 2454 1275 2514 L.
1330 2457 1405 2516 II.
1448 2457 1582 2516 Ital.
1626 2454 1683 2515 5.
1727 2456 1826 2517 36.
1871 2455 1990 2518 Co-

217 2554 521 2614 riolanum
600 2572 711 2631 per
788 2553 978 2623 θεούς
1042 2555 1403 2639 γενεθλίους
1470 2556 1782 2617 obtestans
1848 2558 1986 2617 aliis

214 2653 421 2716 verbis
475 2652 642 2719 idem
697 2650 877 2724 dicit,
932 2653 1098 2730 quod
1153 2663 1331 2733 pater
1384 2656 1489 2715 ille
1531 2655 1698 2735 apud
1738 2655 1988 2718 Livium

218 2754 444 2815 XXIII.
488 2754 547 2813 9.
591 2771 726 2832 per
760 2769 896 2829 ego
929 2759 1035 2823 te,
1079 2751 1239 2826 fili,
1284 2757 1985 2834 quaecunquejura

217 2855 514 2914 liberos
549 2837 886 2930 jungunt
924 2850 1416 2931 parentibus,
1459 2871 1736 2933 precor
1768 2874 1982 2934 quae-

218 2973 474 3034 soque3
530 2951 793 3014 Ovidius
848 2951 992 3011 Met.
1054 2950 1129 3010 X.
1188 2951 1328 3011 321.
1382 2951 1489 3025 di,
1551 2973 1856 3032 precor,
1913 2965 1982 3014 et

338 3138 401 3194 [r]
445 3137 500 3179 Di
503 3137 699 3179 siitnctus
740 3136 918 3179 Servius
958 3136 993 3177 Ι.
1030 3133 1127 3177 736.
1167 3136 1279 3177 diis
1321 3136 1418 3178 hos
1398 3150 1487 3192 sp1
1472 3136 1724 3179 italibus
1764 3143 1821 3180 et
1848 3138 1977 3181 Jovi

220 3195 569 3238 libabaturi
552 3209 609 3236 ιιι
638 3209 714 3237 me
726 3209 885 3237 isam
926 3194 1013 3236 Pro
1043 3193 1124 3235 hoc
1153 3193 1321 3236 Statisu
1350 3194 1503 3236 Achi.ll
1534 3193 1722 3239 1L236.
1765 3209 1867 3252 per
1897 3211 1978 3238 sa-

220 3267 313 3295 cra
343 3254 384 3295 fi
395 3254 623 3309 demque
652 3252 914 3308 hospitii.
954 3252 1196 3294 Ammisanu
1225 3252 1385 3295 XXIX.
1416 3252 1458 3294 6.
1500 3253 1565 3294 ho
1541 3253 1813 3309 ospitalis
1844 3255 1977 3297 offi-

256 3312 297 3354 ii
326 3312 519 3354 sianct
527 3317 630 3355 tas.
663 3311 729 3354 Id.
758 3310 896 3353 XXX.
929 3310 965 3352 1
998 3311 1279 3367 hospitali
1310 3311 1527 3353 numine
1558 3316 1865 3356 contuente
1897 3327 1978 3356 oc·

320 3384 486 3412 umes
467 3376 559 3412 sit
547 3370 641 3412 i..e
675 3369 956 3414 admens.am
