2158 3848
221 166 346 244 592
754 179 992 224 menn
1034 179 1465 226 SECUNDUS.

363 311 541 379 qum
577 308 710 362 ἄειδε
748 310 850 364 θεὰ
885 312 1194 384 Δημήτερος
1228 311 1595 384 ἀγλαοκάρπου

224 415 291 477 ἐν
335 413 492 494 ἀρχῇ
535 418 644 491 τῆς
689 411 985 493 ποιήσεως
1029 413 1340 496 εἰρηκότος
1351 461 1373 488 ,
1402 415 1677 498 (Όμηρος

359 527 538 591 Μῆνιν
575 519 708 574 ἄειδε
745 523 846 576 θεὰ
883 506 1196 593 Πηληὶάὸειο
1222 524 1454 595 Ἀχιλῆος

216 628 522 712 γέγραφε,
567 622 734 702 quod
776 623 1039 685 Homeri
1082 626 1317 687 furtum
1345 625 1608 688 Tzetzes
1656 647 1903 709 quoque
1945 632 2011 689 in

218 729 414 801 Exeg.
458 743 520 803 p.
565 723 667 782 26.
713 725 1008 802 exagitat,
1051 726 1454 806 pluribusque
1477 730 1797 811 'exemplis
1842 747 2008 789 coar-

215 827 346 905 guit
363 824 453 905 [Ἴ.
552 822 828 882 Hoccine
885 844 1133 886 carmen
1188 846 1268 887 an
1321 828 1427 887 ille
1483 828 1875 909 Theogoniae
1917 829 2007 889 lo-

216 945 323 987 cus
367 912 739 1002 significetur
780 924 846 983 in
888 924 1226 1004 Argonaut.
1271 947 1332 991 v.
1385 927 1565 990 1196.

356 1030 427 1091 ὧν
462 1036 575 1108 πέρι
609 1019 785 1104 μῦθον
821 1036 1002 1091 ἅπαντ’
1041 1040 1235 1107 ἔκλυες,
1276 1044 1519 1096 Μουσαῖε
1557 1044 1796 1114 δαΐφρον,

300 1158 303 1167 ,
357 1123 427 1186 ὥς
462 1143 582 1175 ποτε
626 1123 961 1194 Φερσεφόνην
995 1126 1148 1197 τέρεν’
1187 1125 1354 1181 ἄνθεα
1382 1129 1531 1199 χερσὶ
1568 1127 1863 1199 δρέπουσαν’

358 1206 626 1279 ἓξάπαφον
661 1206 972 1277 συνόμαιμοι
1003 1241 1070 1251 -
1110 1243 1166 1251 --

213 1311 619 1391 injudicatum
663 1310 945 1390 relinquo
958 1332 973 1387 ;
1030 1311 1141 1372 sed
1187 1311 1265 1373 de
1307 1315 1511 1375 insula
1553 1313 1805 1376 Jernide
1848 1335 2008 1396 quae

213 1414 500 1473 dicuntur
533 1410 935 1470 manifestum
971 1423 1081 1486 est,
1114 1413 1507 1492 Theogoniae
1537 1418 1775 1476 auctori
1795 1423 2008 1494 ignota

210 1514 418 1574 fuisse.
507 1507 826 1584 Ceterum,
882 1511 1026 1572 licet
1082 1510 1266 1573 Ceres
1297 1517 1300 1520 ’
1308 1515 1518 1594 plures
1561 1515 1846 1576 habuerit
1885 1517 2007 1576 ira-

213 1612 423 1675 scendi
479 1629 694 1671 causas
752 1621 960 1672 tamen
1011 1613 1170 1673 hanc
1214 1614 1346 1693 ejus
1389 1623 1614 1698 μῆνιν,
1661 1634 1846 1696 quam
1892 1615 2007 1676 Or·
2103 1663 2109 1673 ,

207 1715 405 1796 pheus
465 1722 643 1772 cantu
702 1712 1064 1787 celebravit,
1109 1733 1234 1774 non
1279 1713 1457 1778 Jovis
1500 1716 1728 1776 iterato
1771 1717 2004 1796 flagitio

209 1814 321 1875 sed
366 1814 510 1873 Orci
553 1814 774 1893 rapina
817 1816 1145 1875 excitatam
1190 1834 1325 1875 esse
1370 1818 1711 1896 colligimus
1755 1838 1832 1878 ex
1874 1819 2005 1899 epi-

209 1916 380 1974 theto
428 1911 862 2000 ἇγλαόκαρπος
906 1925 982 1975 οῖ,
1011 1916 1156 1994 quia
1198 1915 1606 1997 Proserpinae
1647 1918 1846 1978 luctus
1892 1915 2003 1979 Ce—

204 2017 477 2095 rerisque
549 2032 785 2073 errores
852 2024 914 2073 et
982 2014 1613 2096 Thesmophoriorum
1691 2020 2000 2100 institutio

205 2118 514 2197 aptiorem
574 2113 953 2193 praebebant
1007 2117 1262 2176 carmini
1305 2117 1628 2197 pangendo
1674 2121 1999 2180 materiam

208 2235 393 2298 quam
436 2215 610 2296 prior
654 2216 1092 2276 controversia.

375 2316 548 2376 Haec
589 2315 718 2375 fere
762 2326 906 2376 sunt
940 2315 1335 2395 Theogoniae
1369 2317 1677 2398 Orphicae
1719 2318 1995 2394 residua3

203 2419 270 2477 in
327 2417 550 2496 quibus
606 2415 966 2477 ordinandis
1029 2427 1091 2477 et
1131 2418 1610 2499 interpretandis
1653 2419 1855 2480 fateor
1894 2438 1997 2480 me

204 2519 452 2598 saepius
506 2534 764 2585 numero
818 2518 1234 2594 conjecturam
1291 2529 1626 2597 sequutum·
1674 2539 1838 2594 esse,
1881 2538 1995 2580 nec

203 2636 420 2678 recuso
466 2617 614 2696 quin
658 2616 766 2675 alii
809 2633 847 2674 a
889 2635 992 2675 me
1035 2616 1431 2704 dissentiant3
1476 2620 1624 2696 quin
1665 2618 1822 2678 adeo
1857 2638 1994 2697 gra-

202 2717 449 2778 tulabor
491 2716 669 2791 mihi,
713 2717 768 2776 si
812 2717 947 2797 quis
991 2734 1118 2775 non
1155 2717 1358 2777 solum
1395 2717 1512 2777 hoc
1536 2703 1779 2793 dixerit,
1824 2719 1992 2799 quod

204 2818 375 2878 dictu
416 2817 779 2898 facillimum
826 2824 938 2889 est,
983 2815 1154 2876 aliud
1194 2817 1315 2877 sibi
1359 2816 1528 2877 aliud
1567 2818 1722 2878 mibi
1765 2820 1991 2900 proba-

201 2918 388 2979 bilius
431 2917 666 2992 videri,
726 2915 836 2978 sed
880 2917 1068 2976 etiam
1109 2916 1352 2977 idoneis
1381 2919 1770 2996 argumentis
1808 2938 1990 2987 suam

201 3021 657 3079 confirmaverit
700 3018 1088 3079 sententiam.
1188 3018 1364 3080 Nunc
1405 3036 1557 3080 vero
1601 3017 1683 3078 ad
1727 3038 1800 3079 ea
1842 3039 1988 3100 pro·
2031 3092 2035 3095 ¹

198 3118 439 3197 grediar
483 3118 719 3200 Orphei
764 3119 960 3192 dicta,
1003 3137 1162 3199 quae
1206 3138 1395 3198 quum
1437 3118 1593 3179 nulli
1637 3128 1801 3179 certo
1820 3154 1822 3156 v
1841 3120 1983 3202 loco

316 3289 381 3346 [θ]
413 3289 528 3332 Hinc
559 3291 765 3347 supplent
793 3290 985 3332 lacunam
1017 3288 1176 3331 chron.
1206 3289 1307 3332 Par.
1327 3289 1389 3331 L.
1419 3287 1491 3331 26.
1527 3262 1735 3349 [Ὀρφεὺς
1761 3287 1861 3346 τὴν]
1892 3286 1978 3333 αὑ-

197 3348 276 3391 τοῦ
305 3351 487 3403 ποίησιν
515 3348 703 3403 ἐξέθηκε
734 3345 884 3407 Κόρης
911 3361 957 3392 τε
988 3344 1201 3407 ἁρπαγὴν
1229 3350 1307 3392 καὶ
1336 3344 1573 3407 Δήμητρος
1601 3345 1794 3403 ζήτησιν.

2151 3132 2154 3182 2
