2158 3848
228 200 353 260 712
764 212 1001 256 LIBER
1045 210 1477 258 SECUNDUS.

228 343 602 404 tatur'Orat.
634 341 731 402 ·V.‘
760 340 1001 401 1‘79.=-B.
1045 342 1159 421 τὴν
1190 340 1515 406 ’Διονύσου
1559 343 1854 426 μεριστὴν
1893 345 2007 424 δη-

224 444 590 530 μιουργίαν,
647 443 726 522 ἣν
780 445 846 504 ἐκ
885 450 994 520 τῆς
1027 441 1358 511 ’ἑνῡειὸοῦς
1385 443 1489 504 καὶ
1531 443 1803 525 μονίμου
1851 444 2007 523 ζωῆς

226 551 353 606 τοῦ
394 542 666 629 μεγάλου
699 543 871 610 ’Διὸς
916 541 948 602 ὃ
994 543 1186 626 μέγας
1229 540 1535 613 Διόνυσος
1563 542 2005 628 παραδεξάμε-

228 666 334 713 νος
343 653 391 716 ,2'
422 645 528 705 ἅτε
582 641 698 703 καὶ
741 639 1072 723 προελθών,
1130 644 1194 710 ἐξ
1248 643 1480 706 ἐκείνου
1535 652 1664 717 τοῖς
1709 646 2008 727 φαινομέ-

227 769 356 812 νοις
411 744 643 805 ἅπασιν
697 742 1133 825 ἒγκατέσπειρε.
1237 741 1361 800 Sed
1416 742 1708 804 Proculus
1731 764 1739 778 ··
1764 745 2012 804 notissi-

225 862 389 902 mam
464 841 584 900 sibi
656 839 888 920 Orphei
938 840 1233 900 fabulam
1290 842 1408 900 huc
1456 845 1887 906 accommodat
1942 847 2008 904 in

223 941 423 1001 P'arm.
492 941 562 1000 L.
617 941 723 1003 ΠΙ.
782 939 882 999 33.
941 940 1011 999 Τ.
1069 940 1169 998 Va‘
1201 938 1381 1000 Cous.
1433 943 1505 1004 ὀἷ’
1551 942 1841 1029 ’θεολόγοι
1894 945 2008 1008 τὸν

222 1041 341 1123 μὲν
404 1050 561 1105 νοῦν
630 1045 697 1105 ἐν
762 1047 890 1110 τοῖς
948 1036 1366 1139 σπάραγμοῖς
1392 1031 1522 1111 τοῖς
1579 1047 2011 1114 Διονυσιακοῖς

225 1142 559 1230 ’ἅιιέριστον
620 1141 884 1223 προνοίᾳ
927 1149 1034 1220 τῆς
1071 1144 1340 1220 Αθηνᾶς
1385 1140 1722 1217 σωζεσθαι
1744 1145 2008 1228 λέγουσι,

222 1241 339 1320 τὴν
383 1240 450 1303 δὲ
495 1240 705 1323 ψυχὴν
748 1233 1128 1322 μερίζεσθαι
1157 1239 1448 1323 πρώτως,
1506 1244 1612 1304 καὶ
1655 1244 1691 1322 ἦ
1735 1248 1819 1312 εις
1853 1245 2006 1306 ἑπτὰ

221 1349 380 1424 γοῦν
417 1341 580 1420 τομὴ
624 1339 853 1417 ταύτης
897 1342 1025 1402 ἐστὶ
1067 1339 1328 1422 πρωτης.
1420 1342 1654 1420 Estque
1688 1342 1838 1401 haec
1872 1361 2009 1402 sen-

220 1441 416 1497 tentia
484 1437 942 1518 quodammodo
1011 1459 1048 1498 a
1118 1439 1426 1518 prioribus
1483 1442 1848 1521 anticipata,
1905 1445 2010 1522 qui

198 1536 323 1597 'dei
366 1540 720 1599 universam
765 1547 1049 1597 naturam
1076 1541 1311 1599 cientis
1356 1541 1586 1599 formas
1630 1543 1837 1602 varias
1871 1562 2009 1602 mu-

219 1638 557 1718 tabilesque
603 1639 860 1698 deorum
903 1627 1257 1720 patibilium
1303 1639 1658 1700 nominibus
1715 1641 2010 1702 declarari

217 1738 454 1799 volunt&
541 1740 904 1808 Plutarchus
970 1741 1217 1803 De‘EZ
1284 1762 1330 1800 c.
1400 1741 1508 1801 IX.
1577 1743 1721 1802 228.
1779 1742 1848 1802 T.
1900 1743 2007 1802 IX.

219 1837 545 1915 Theologi‚
611 1842 844 1919 inquit,
917 1840 1195 1899 oratione
1246 1861 1470 1921 prorsa
1524 1861 1711 1903 vorsa
1765 1843 2009 1922 praedi-

219 1921 358 1996 cant
398 1940 531 1999 vim
578 1939 855 2000 divinam
900 1940 1135 2000 mundo
1178 1960 1312 2000 sese
1346 1943 1764 2001 insinuantem
1798 1946 1866 2003 in
1898 1962 2008 2004 va-

216 2040 340 2097 rias
397 2041 631 2162 species
691 2043 849 2101 verti
906 2051 968 2100 et
1021 2042 1199 2120 quasi
1252 2041 1518 2122 discerpi
1575 2042 2007 2123 dissiparique‚

218 2137 636 2221 κρυπτόμενοι
710 2140 778 2203 δὲ
845 2166 991 2211 τους
1058 2141 1321 2211 πολλους
1379 2146 1443 2205 οἱ
1494 2141 1838 2227 σοφώτεροι
1893 2144 2008 2223 τὴν

216 2238 335 2320 μὲν
391 2245 516 2309 εἰς
527 2248 659 2321 πῦρ
703 2242 1058 2324 μεταβολὴν
1097 2240 1447 2305 Ἀπόλλωνα
1495 2241 1745 2325 Φοῖβόν
1785 2269 1852 2305 τε
1894 2269 2008 2306 κα-

219 2347 426 2413 λοῦσι,
470 2337 577 2420 τῆς
618 2341 702 2403 δ”
733 2348 816 2412 εἷς
859 2340 1187 2424 πνεύματα
1230 2343 1336 2405 καὶ
1379 2343 1553 2427 ὕδωρ
1597 2343 1703 2406 καὶ
1743 2351 1864 2429 γῆν
1900 2345 2006 2406 καὶ

220 2440 421 2521 ’ἄστρα
475 2442 581 2501 καὶ
635 2450 856 2523 φυτῶν
902 2440 1082 2517 ζώων
1123 2467 1188 2504 τε
1231 2444 1493 2527 γενέσεις
1536 2452 1764 2526 τροπῆς
1809 2446 2005 2508 αὐτοῦ

218 2539 324 2600 καὶ
367 2528 826 2619 διακοσμήσεως
868 2542 938 2603 τὸ
983 2541 1101 2622 μὲν
1138 2540 1409 2625 πάθηιια
1449 2544 1554 2605 καὶ
1590 2545 1707 2623 τὴν
1731 2547 2003 2626 μεταβο-

219 2639 332 2718 λὴν
374 2638 776 2720 διασπασμόν
817 2653 958 2703 τινα
1002 2642 1107 2702 καὶ
1149 2643 1559 2722 διαμελισμὸν
1601 2643 2002 2717 αινίττονται,

218 2737 558 2803 Διόνυσον
577 2738 646 2801 δὲ
691 2741 939 2825 Ζαγρεα
981 2765 1087 2802 και
1130 2743 1481 2804 Νυκτέλιον
1521 2767 1626 2803 και
1662 2743 2003 2823 Ισοὸαίτην

222 2840 417 2903 αυτὸν
473 2837 886 2921 ὀνομάζουσι,
942 2866 1069 2903 και
1090 2839 1481 2922 ἀποβιώσεις
1503 2867 1608 2904 και
1650 2851 2002 2928 παλιγγενε-

222 2939 367 3008 σίας·
425 2929 511 2985 —⁵
579 2940 959 3022 περαίνουσι.
1008 2960 1009 2963 ’
1071 2939 1196 3000 Sed
1261 2940 1426 3000 idem
1477 2944 1729 3021 ‘saepius
1787 2944 2000 3022 Zagrei

219 3046 421 3114 morte
477 3049 538 3097 et
591 3042 655 3098 in
716 3042 908 3101 vitam
963 3041 1350 3104 restitutione
1396 3043 1740 3102 animorum
1787 3044 2000 3104 huma·
2052 3113 2054 3116 ¹
2124 3103 2125 3106 ,

220 3235 480 3292 ,‚Bacchum,
511 3251 733 3282 summum
747 3239 943 3293 deorum,
976 3241 1311 3296 regenerationis
1343 3243 1573 3293 auctorem,
1593 3256 1727 3298 quem
1760 3243 1824 3285 bis
1854 3249 1997 3286 natum

221 3299 422 3346 „veteres
452 3297 647 3341 cecinere
676 3304 855 3356 poetae,
888 3313 915 3342 a
945 3313 1028 3354 quo
1060 3305 1146 3342 tam
1177 3299 1430 3344 divinissimi
1459 3301 1541 3343 rivi
1572 3301 1615 3343 in
1647 3306 1792 3344 nostra
1819 3310 1996 3359 pectora

221 3359 517 3405 „fimanarunt
