<?xml version="1.0" encoding="UTF-8"?>
<!DOCTYPE html PUBLIC "-//W3C//DTD XHTML 1.0 Transitional//EN"
    "http://www.w3.org/TR/xhtml1/DTD/xhtml1-transitional.dtd">
<html xmlns="http://www.w3.org/1999/xhtml" xml:lang="en" lang="en">
 <head>
  <title>
</title>
<meta http-equiv="Content-Type" content="text/html;charset=utf-8" />
  <meta name='ocr-system' content='tesseract 3.04.00' />
  <meta name='ocr-capabilities' content='ocr_page ocr_carea ocr_par ocr_line ocrx_word'/>
</head>
<body>
  <div class='ocr_page' id='page_1' title='image "./aglaophamussived01lobeuoft_0034.png"; bbox 0 0 2176 3886; ppageno 0'>
   <div class='ocr_carea' id='block_1_1' title="bbox 303 246 1478 315">
    <p class='ocr_par' dir='ltr' id='par_1_1' title="bbox 303 246 1478 315">
     <span class='ocr_line' id='line_1_1' title="bbox 303 246 1478 315; baseline 0.001 -14"><span class='ocrx_word' id='word_1_1' title='bbox 303 254 383 315; x_wconf 77' lang='lat'><strong>18</strong></span> <span class='ocrx_word' id='word_1_2' title='bbox 887 259 1125 304; x_wconf 81' lang='lat' dir='ltr'>LIBER</span> <span class='ocrx_word' id='word_1_3' title='bbox 1168 246 1478 304; x_wconf 77' lang='lat' dir='ltr'>PRIMUS.</span> 
     </span>
    </p>
   </div>
   <div class='ocr_carea' id='block_1_2' title="bbox 272 390 2176 3156">
    <p class='ocr_par' dir='ltr' id='par_1_2' title="bbox 272 390 2176 2961">
     <span class='ocr_line' id='line_1_2' title="bbox 299 390 2072 476; baseline -0.002 -18"><span class='ocrx_word' id='word_1_4' title='bbox 299 394 456 459; x_wconf 73' lang='grc' dir='ltr'><em>ἀλλὰ</em></span> <span class='ocrx_word' id='word_1_5' title='bbox 498 392 653 476; x_wconf 82' lang='grc' dir='ltr'><em>πρὸς</em></span> <span class='ocrx_word' id='word_1_6' title='bbox 693 391 807 455; x_wconf 86' lang='grc' dir='ltr'><strong>τὸν</strong></span> <span class='ocrx_word' id='word_1_7' title='bbox 847 390 1348 475; x_wconf 79' lang='grc' dir='ltr'><em>προτρεπόμενον</em></span> <span class='ocrx_word' id='word_1_8' title='bbox 1390 395 1751 473; x_wconf 69' lang='grc' dir='ltr'><em>μυηθῆναι,</em></span> <span class='ocrx_word' id='word_1_9' title='bbox 1808 395 2072 476; x_wconf 78' lang='grc' dir='ltr'><em>γελοῖον,</em></span> 
     </span>
     <span class='ocr_line' id='line_1_3' title="bbox 296 489 2074 586; baseline -0.001 -30"><span class='ocrx_word' id='word_1_10' title='bbox 296 493 494 566; x_wconf 78' lang='grc' dir='ltr'><em>εἶπεν,</em></span> <span class='ocrx_word' id='word_1_11' title='bbox 561 489 612 554; x_wconf 80' lang='grc' dir='ltr'><em>ὦ</em></span> <span class='ocrx_word' id='word_1_12' title='bbox 666 491 978 564; x_wconf 82' lang='grc' dir='ltr'><em>νεανίσκε,</em></span> <span class='ocrx_word' id='word_1_13' title='bbox 1048 498 1102 553; x_wconf 77' lang='grc' dir='ltr'><strong>εἰ</strong></span> <span class='ocrx_word' id='word_1_14' title='bbox 1152 492 1299 578; x_wconf 79' lang='grc' dir='ltr'><em>τοὺς</em></span> <span class='ocrx_word' id='word_1_15' title='bbox 1353 489 1623 560; x_wconf 76' lang='grc' dir='ltr'><em>τελώνας</em></span> <span class='ocrx_word' id='word_1_16' title='bbox 1679 494 1798 552; x_wconf 73' lang='grc' dir='ltr'><em>οἴει.</em></span> <span class='ocrx_word' id='word_1_17' title='bbox 1843 489 2074 586; x_wconf 75' lang='grc' dir='ltr'><em>τοιύτης</em></span> 
     </span>
     <span class='ocr_line' id='line_1_4' title="bbox 295 589 2076 671; baseline -0.001 -15"><span class='ocrx_word' id='word_1_18' title='bbox 295 595 473 658; x_wconf 74' lang='grc' dir='ltr'><em>ἕνεκα</em></span> <span class='ocrx_word' id='word_1_19' title='bbox 525 600 633 671; x_wconf 82' lang='grc' dir='ltr'><strong>τῆς</strong></span> <span class='ocrx_word' id='word_1_20' title='bbox 687 600 924 671; x_wconf 80' lang='grc' dir='ltr'><em>τελετῆς</em></span> <span class='ocrx_word' id='word_1_21' title='bbox 976 589 1299 654; x_wconf 77' lang='grc' dir='ltr'><em>κοινώσειν</em></span> <span class='ocrx_word' id='word_1_22' title='bbox 1314 590 1392 669; x_wconf 68' lang='lat'><strong>[⁶]</strong></span> <span class='ocrx_word' id='word_1_23' title='bbox 1451 595 1580 659; x_wconf 79' lang='grc' dir='ltr'><em>τοῖς</em></span> <span class='ocrx_word' id='word_1_24' title='bbox 1620 593 1795 658; x_wconf 72' lang='grc' dir='ltr'><em>θεοῖς</em></span> <span class='ocrx_word' id='word_1_25' title='bbox 1836 598 1971 653; x_wconf 70' lang='grc' dir='ltr'><strong>τῶν.</strong></span> <span class='ocrx_word' id='word_1_26' title='bbox 2009 593 2076 654; x_wconf 78' lang='grc' dir='ltr'><strong>ἐν</strong></span> 
     </span>
     <span class='ocr_line' id='line_1_5' title="bbox 295 686 2076 777; baseline -0.003 -20"><span class='ocrx_word' id='word_1_27' title='bbox 295 693 455 777; x_wconf 72' lang='grc' dir='ltr'><em>ᾅδου</em></span> <span class='ocrx_word' id='word_1_28' title='bbox 500 701 740 765; x_wconf 81' lang='grc' dir='ltr'><em>καλῶν,</em></span> <span class='ocrx_word' id='word_1_29' title='bbox 791 690 1153 776; x_wconf 78' lang='grc' dir='ltr'><em>Ἀγησίλαον</em></span> <span class='ocrx_word' id='word_1_30' title='bbox 1211 689 1282 752; x_wconf 76' lang='grc' dir='ltr'><strong>δὲ</strong></span> <span class='ocrx_word' id='word_1_31' title='bbox 1325 689 1431 751; x_wconf 83' lang='grc' dir='ltr'><strong>καὶ</strong></span> <span class='ocrx_word' id='word_1_32' title='bbox 1471 686 1971 771; x_wconf 76' lang='grc' dir='ltr'><em>Ἐπαμεινώνδαν</em></span> <span class='ocrx_word' id='word_1_33' title='bbox 2010 692 2076 752; x_wconf 77' lang='grc' dir='ltr'><strong>ἐν</strong></span> 
     </span>
     <span class='ocr_line' id='line_1_6' title="bbox 292 786 2074 878; baseline -0.004 -20"><span class='ocrx_word' id='word_1_34' title='bbox 292 793 594 878; x_wconf 76' lang='grc' dir='ltr'><em>βορβόρῳ</em></span> <span class='ocrx_word' id='word_1_35' title='bbox 671 794 937 853; x_wconf 75' lang='grc' dir='ltr'><em>κεῖσθαι.</em></span> <span class='ocrx_word' id='word_1_36' title='bbox 1060 795 1256 851; x_wconf 78' lang='grc' dir='ltr'><em>Τοῦτο</em></span> <span class='ocrx_word' id='word_1_37' title='bbox 1345 787 1646 872; x_wconf 70' lang='grc' dir='ltr'><em>δεόμενον</em></span> <span class='ocrx_word' id='word_1_38' title='bbox 1724 786 2074 873; x_wconf 78' lang='grc' dir='ltr'><em>ἐξηγήσεως·</em></span> 
     </span>
     <span class='ocr_line' id='line_1_7' title="bbox 292 883 2076 977; baseline -0.003 -21"><span class='ocrx_word' id='word_1_39' title='bbox 292 894 581 977; x_wconf 83' lang='grc' dir='ltr'><em>φαίνεται</em></span> <span class='ocrx_word' id='word_1_40' title='bbox 622 891 744 977; x_wconf 81' lang='grc' dir='ltr'><strong>γὰρ</strong></span> <span class='ocrx_word' id='word_1_41' title='bbox 790 890 822 952; x_wconf 83' lang='grc' dir='ltr'><em>ὃ</em></span> <span class='ocrx_word' id='word_1_42' title='bbox 870 890 1194 975; x_wconf 73' lang='grc' dir='ltr'><em>Διογένης,</em></span> <span class='ocrx_word' id='word_1_43' title='bbox 1251 890 1366 968; x_wconf 76' lang='grc' dir='ltr'><strong>οὐχ</strong></span> <span class='ocrx_word' id='word_1_44' title='bbox 1410 890 1605 971; x_wconf 74' lang='grc' dir='ltr'><em>ὥςπερ</em></span> <span class='ocrx_word' id='word_1_45' title='bbox 1647 889 1823 972; x_wconf 77' lang='grc' dir='ltr'><em>ὑμεῖς</em></span> <span class='ocrx_word' id='word_1_46' title='bbox 1866 883 2076 960; x_wconf 77' lang='grc' dir='ltr'><em>ἀξιοῦ-</em></span> 
     </span>
     <span class='ocr_line' id='line_1_8' title="bbox 289 986 2077 1071; baseline -0.002 -16"><span class='ocrx_word' id='word_1_47' title='bbox 289 1017 389 1066; x_wconf 83' lang='grc' dir='ltr'><strong>τε,</strong></span> <span class='ocrx_word' id='word_1_48' title='bbox 447 992 604 1055; x_wconf 74' lang='grc' dir='ltr'><em>ἀλλὰ</em></span> <span class='ocrx_word' id='word_1_49' title='bbox 660 989 863 1058; x_wconf 82' lang='grc' dir='ltr'><em>συνεὶς</em></span> <span class='ocrx_word' id='word_1_50' title='bbox 907 989 1003 1050; x_wconf 80' lang='grc' dir='ltr'><strong>ὅτι</strong></span> <span class='ocrx_word' id='word_1_51' title='bbox 1044 989 1158 1052; x_wconf 83' lang='grc' dir='ltr'><strong>τὸν</strong></span> <span class='ocrx_word' id='word_1_52' title='bbox 1199 986 1562 1071; x_wconf 83' lang='grc' dir='ltr'><em>μυούμενον</em></span> <span class='ocrx_word' id='word_1_53' title='bbox 1606 990 1790 1070; x_wconf 78' lang='grc' dir='ltr'><em>ἐχρῆν</em></span> <span class='ocrx_word' id='word_1_54' title='bbox 1830 996 2077 1051; x_wconf 83' lang='grc' dir='ltr'><em>πολιτο-</em></span> 
     </span>
     <span class='ocr_line' id='line_1_9' title="bbox 286 1085 2078 1179; baseline -0.002 -25"><span class='ocrx_word' id='word_1_55' title='bbox 286 1100 608 1179; x_wconf 74' lang='grc' dir='ltr'><em>γραφῆναι</em></span> <span class='ocrx_word' id='word_1_56' title='bbox 676 1093 812 1167; x_wconf 86' lang='lat' dir='ltr'><strong>(scr.</strong></span> <span class='ocrx_word' id='word_1_57' title='bbox 880 1091 1530 1174; x_wconf 74' lang='grc' dir='ltr'><em>πολιτογραφηθῆνοιι)</em></span> <span class='ocrx_word' id='word_1_58' title='bbox 1598 1085 1913 1171; x_wconf 82' lang='grc' dir='ltr'><em>πρότερον,</em></span> <span class='ocrx_word' id='word_1_59' title='bbox 1973 1088 2078 1150; x_wconf 83' lang='grc' dir='ltr'><strong>καὶ</strong></span> 
     </span>
     <span class='ocr_line' id='line_1_10' title="bbox 280 1186 2075 1273; baseline -0.004 -16"><span class='ocrx_word' id='word_1_60' title='bbox 280 1194 647 1272; x_wconf 76' lang='grc' dir='ltr'><em>Ἀθηναῖον,</em></span> <span class='ocrx_word' id='word_1_61' title='bbox 693 1195 746 1251; x_wconf 74' lang='grc' dir='ltr'><strong>εἰ</strong></span> <span class='ocrx_word' id='word_1_62' title='bbox 780 1189 886 1251; x_wconf 81' lang='grc' dir='ltr'><strong>καὶ</strong></span> <span class='ocrx_word' id='word_1_63' title='bbox 916 1189 1003 1272; x_wconf 89' lang='grc' dir='ltr'><strong>μὴ</strong></span> <span class='ocrx_word' id='word_1_64' title='bbox 1039 1187 1258 1271; x_wconf 84' lang='grc' dir='ltr'><em>φύσει,</em></span> <span class='ocrx_word' id='word_1_65' title='bbox 1300 1197 1391 1271; x_wconf 84' lang='grc' dir='ltr'><strong>τῷ</strong></span> <span class='ocrx_word' id='word_1_66' title='bbox 1426 1186 1605 1271; x_wconf 82' lang='grc' dir='ltr'><em>νόμῳ</em></span> <span class='ocrx_word' id='word_1_67' title='bbox 1643 1186 1717 1251; x_wconf 73' lang='grc' dir='ltr'><strong>δὲ</strong></span> <span class='ocrx_word' id='word_1_68' title='bbox 1758 1189 2075 1273; x_wconf 74' lang='grc' dir='ltr'><em>γενέσθαι.</em></span> 
     </span>
     <span class='ocr_line' id='line_1_11' title="bbox 293 1284 2078 1375; baseline -0.001 -22"><span class='ocrx_word' id='word_1_69' title='bbox 293 1298 491 1355; x_wconf 83' lang='grc' dir='ltr'><em>Τοῦτο</em></span> <span class='ocrx_word' id='word_1_70' title='bbox 531 1291 591 1353; x_wconf 70' lang='grc' dir='ltr'><strong>δ’</strong></span> <span class='ocrx_word' id='word_1_71' title='bbox 637 1293 898 1375; x_wconf 72' lang='grc' dir='ltr'><em>ἔφυγεν,</em></span> <span class='ocrx_word' id='word_1_72' title='bbox 944 1290 1019 1351; x_wconf 80' lang='grc' dir='ltr'><strong>οὗ</strong></span> <span class='ocrx_word' id='word_1_73' title='bbox 1055 1289 1125 1351; x_wconf 82' lang='grc' dir='ltr'><strong>τὸ</strong></span> <span class='ocrx_word' id='word_1_74' title='bbox 1163 1293 1524 1371; x_wconf 71' lang='grc' dir='ltr'><em>μυηθῆναι,</em></span> <span class='ocrx_word' id='word_1_75' title='bbox 1568 1284 1853 1370; x_wconf 82' lang='grc' dir='ltr'><em>νομίζων.</em></span> <span class='ocrx_word' id='word_1_76' title='bbox 1881 1287 2078 1351; x_wconf 75' lang='grc' dir='ltr'><em>αὐτὸν</em></span> 
     </span>
     <span class='ocr_line' id='line_1_12' title="bbox 284 1387 2078 1471; baseline -0.004 -18"><span class='ocrx_word' id='word_1_77' title='bbox 284 1391 444 1455; x_wconf 85' lang='grc' dir='ltr'><em>εἶναι</em></span> <span class='ocrx_word' id='word_1_78' title='bbox 488 1398 602 1454; x_wconf 81' lang='grc' dir='ltr'><strong>τοῦ</strong></span> <span class='ocrx_word' id='word_1_79' title='bbox 655 1387 894 1471; x_wconf 78' lang='grc' dir='ltr'><em>κόσμου</em></span> <span class='ocrx_word' id='word_1_80' title='bbox 948 1389 1223 1468; x_wconf 80' lang='grc' dir='ltr'><strong>πολίτην.</strong></span> <span class='ocrx_word' id='word_1_81' title='bbox 1313 1387 1515 1460; x_wconf 80' lang='lat' dir='ltr'><strong>Quem</strong></span> <span class='ocrx_word' id='word_1_82' title='bbox 1557 1388 1764 1446; x_wconf 89' lang='lat' dir='ltr'><strong>locum</strong></span> <span class='ocrx_word' id='word_1_83' title='bbox 1806 1397 2078 1468; x_wconf 88' lang='lat' dir='ltr'><strong>praeter-</strong></span> 
     </span>
     <span class='ocr_line' id='line_1_13' title="bbox 282 1487 2078 1565; baseline -0.001 -16"><span class='ocrx_word' id='word_1_84' title='bbox 282 1492 534 1549; x_wconf 83' lang='lat' dir='ltr'><strong>mittens</strong></span> <span class='ocrx_word' id='word_1_85' title='bbox 587 1489 884 1549; x_wconf 91' lang='lat' dir='ltr'><strong>Erasmus</strong></span> <span class='ocrx_word' id='word_1_86' title='bbox 937 1488 1271 1547; x_wconf 82' lang='lat' dir='ltr'>Muellerus</span> <span class='ocrx_word' id='word_1_87' title='bbox 1327 1488 1541 1547; x_wconf 86' lang='lat' dir='ltr'><strong>multis</strong></span> <span class='ocrx_word' id='word_1_88' title='bbox 1595 1487 1801 1547; x_wconf 86' lang='lat' dir='ltr'><strong>modis</strong></span> <span class='ocrx_word' id='word_1_89' title='bbox 1845 1497 2078 1565; x_wconf 87' lang='lat' dir='ltr'><strong>mysta-</strong></span> 
     </span>
     <span class='ocr_line' id='line_1_14' title="bbox 280 1585 2143 1648; baseline -0.001 -1"><span class='ocrx_word' id='word_1_90' title='bbox 280 1607 422 1647; x_wconf 87' lang='lat' dir='ltr'><strong>rum</strong></span> <span class='ocrx_word' id='word_1_91' title='bbox 464 1606 790 1648; x_wconf 87' lang='lat' dir='ltr'><strong>numerum</strong></span> <span class='ocrx_word' id='word_1_92' title='bbox 836 1588 1332 1647; x_wconf 81' lang='lat' dir='ltr'><strong>circumscribere</strong></span> <span class='ocrx_word' id='word_1_93' title='bbox 1375 1586 1582 1646; x_wconf 82' lang='lat' dir='ltr'><strong>studet</strong></span> <span class='ocrx_word' id='word_1_94' title='bbox 1621 1589 1689 1647; x_wconf 90' lang='lat' dir='ltr'><strong>in</strong></span> <span class='ocrx_word' id='word_1_95' title='bbox 1733 1585 2078 1648; x_wconf 78' lang='lat' dir='ltr'><strong>comment.</strong></span> <span class='ocrx_word' id='word_1_96' title='bbox 2139 1591 2143 1594; x_wconf 80' lang='grc'><strong>’</strong></span> 
     </span>
     <span class='ocr_line' id='line_1_15' title="bbox 282 1676 2154 1767; baseline 0 -20"><span class='ocrx_word' id='word_1_97' title='bbox 282 1687 360 1747; x_wconf 93' lang='lat' dir='ltr'><strong>de</strong></span> <span class='ocrx_word' id='word_1_98' title='bbox 418 1687 736 1748; x_wconf 90' lang='lat' dir='ltr'><strong>Hierarch.</strong></span> <span class='ocrx_word' id='word_1_99' title='bbox 793 1707 854 1767; x_wconf 90' lang='lat' dir='ltr'><strong>p.</strong></span> <span class='ocrx_word' id='word_1_100' title='bbox 905 1685 1045 1745; x_wconf 87' lang='lat'><strong>142.</strong></span> <span class='ocrx_word' id='word_1_101' title='bbox 1103 1687 1381 1745; x_wconf 90' lang='lat' dir='ltr'><strong>Primum</strong></span> <span class='ocrx_word' id='word_1_102' title='bbox 1427 1706 1503 1745; x_wconf 87' lang='lat' dir='ltr'><strong>ex</strong></span> <span class='ocrx_word' id='word_1_103' title='bbox 1544 1676 1881 1766; x_wconf 82' lang='lat' dir='ltr'><strong>peregrinis</strong></span> <span class='ocrx_word' id='word_1_104' title='bbox 1924 1706 2078 1767; x_wconf 86' lang='lat' dir='ltr'><strong>pau-</strong></span> <span class='ocrx_word' id='word_1_105' title='bbox 2151 1753 2154 1756; x_wconf 10' lang='grc' dir='ltr'><em>Α</em></span> 
     </span>
     <span class='ocr_line' id='line_1_16' title="bbox 282 1783 2076 1867; baseline 0.001 -20"><span class='ocrx_word' id='word_1_106' title='bbox 282 1806 385 1847; x_wconf 88' lang='lat' dir='ltr'><strong>cos</strong></span> <span class='ocrx_word' id='word_1_107' title='bbox 429 1783 887 1857; x_wconf 84' lang='lat' dir='ltr'><strong>tantummodo,</strong></span> <span class='ocrx_word' id='word_1_108' title='bbox 933 1787 1038 1863; x_wconf 90' lang='lat' dir='ltr'><strong>qui</strong></span> <span class='ocrx_word' id='word_1_109' title='bbox 1079 1786 1319 1844; x_wconf 82' lang='lat' dir='ltr'><strong>itineris</strong></span> <span class='ocrx_word' id='word_1_110' title='bbox 1363 1794 1601 1846; x_wconf 90' lang='lat' dir='ltr'><strong>sumtus</strong></span> <span class='ocrx_word' id='word_1_111' title='bbox 1636 1787 1899 1848; x_wconf 85' lang='lat' dir='ltr'><strong>tolerare</strong></span> <span class='ocrx_word' id='word_1_112' title='bbox 1932 1805 2076 1867; x_wconf 89' lang='lat' dir='ltr'><strong>pos-</strong></span> 
     </span>
     <span class='ocr_line' id='line_1_17' title="bbox 279 1873 2161 1960; baseline 0 -14"><span class='ocrx_word' id='word_1_113' title='bbox 279 1896 448 1959; x_wconf 87' lang='lat' dir='ltr'><strong>sent,</strong></span> <span class='ocrx_word' id='word_1_114' title='bbox 491 1887 770 1945; x_wconf 86' lang='lat' dir='ltr'><strong>initiatos</strong></span> <span class='ocrx_word' id='word_1_115' title='bbox 816 1901 949 1941; x_wconf 92' lang='lat' dir='ltr'><strong>esse</strong></span> <span class='ocrx_word' id='word_1_116' title='bbox 994 1885 1264 1957; x_wconf 86' lang='lat' dir='ltr'><strong>statuit‚‘</strong></span> <span class='ocrx_word' id='word_1_117' title='bbox 1295 1903 1618 1945; x_wconf 89' lang='lat' dir='ltr'><strong>servorum</strong></span> <span class='ocrx_word' id='word_1_118' title='bbox 1660 1886 1932 1960; x_wconf 83' lang='lat' dir='ltr'><strong>nullum3</strong></span> <span class='ocrx_word' id='word_1_119' title='bbox 1986 1885 2074 1946; x_wconf 86' lang='lat' dir='ltr'><strong>fe·</strong></span> <span class='ocrx_word' id='word_1_120' title='bbox 2154 1873 2161 1879; x_wconf 57' lang='grc'><em>’</em></span> 
     </span>
     <span class='ocr_line' id='line_1_18' title="bbox 276 1982 2176 2063; baseline 0 -17"><span class='ocrx_word' id='word_1_121' title='bbox 276 1988 483 2047; x_wconf 88' lang='lat' dir='ltr'><strong>minae</strong></span> <span class='ocrx_word' id='word_1_122' title='bbox 550 2002 630 2044; x_wconf 89' lang='lat' dir='ltr'><strong>an</strong></span> <span class='ocrx_word' id='word_1_123' title='bbox 699 1993 1045 2063; x_wconf 89' lang='lat' dir='ltr'><strong>spectatum</strong></span> <span class='ocrx_word' id='word_1_124' title='bbox 1114 1982 1424 2043; x_wconf 81' lang='lat' dir='ltr'><strong>admissae</strong></span> <span class='ocrx_word' id='word_1_125' title='bbox 1490 1984 1751 2060; x_wconf 86' lang='lat' dir='ltr'><strong>fuerint,</strong></span> <span class='ocrx_word' id='word_1_126' title='bbox 1806 1985 2074 2060; x_wconf 81' lang='lat' dir='ltr'><strong>dubitat3</strong></span> <span class='ocrx_word' id='word_1_127' title='bbox 2175 2049 2176 2052; x_wconf 61' lang='grc'><em>,</em></span> 
     </span>
     <span class='ocr_line' id='line_1_19' title="bbox 279 2082 2152 2166; baseline 0.002 -23"><span class='ocrx_word' id='word_1_128' title='bbox 279 2086 686 2145; x_wconf 88' lang='lat' dir='ltr'><strong>clarissimum</strong></span> <span class='ocrx_word' id='word_1_129' title='bbox 747 2082 1042 2143; x_wconf 87' lang='lat' dir='ltr'><strong>Aristidis</strong></span> <span class='ocrx_word' id='word_1_130' title='bbox 1100 2085 1528 2144; x_wconf 87' lang='lat' dir='ltr'><strong>testimonium</strong></span> <span class='ocrx_word' id='word_1_131' title='bbox 1593 2085 1694 2146; x_wconf 87' lang='lat' dir='ltr'><strong>Or.</strong></span> <span class='ocrx_word' id='word_1_132' title='bbox 1748 2086 1956 2146; x_wconf 87' lang='lat' dir='ltr'><strong>Eleus.</strong></span> <span class='ocrx_word' id='word_1_133' title='bbox 2010 2106 2072 2166; x_wconf 88' lang='lat' dir='ltr'><strong>p.</strong></span> <span class='ocrx_word' id='word_1_134' title='bbox 2150 2111 2152 2114; x_wconf 62' lang='grc'>’</span> 
     </span>
     <span class='ocr_line' id='line_1_20' title="bbox 277 2181 2075 2273; baseline 0.003 -32"><span class='ocrx_word' id='word_1_135' title='bbox 277 2181 421 2242; x_wconf 83' lang='grc'><strong>256.</strong></span> <span class='ocrx_word' id='word_1_136' title='bbox 479 2183 549 2241; x_wconf 93' lang='grc' dir='ltr'><strong>Τ.</strong></span> <span class='ocrx_word' id='word_1_137' title='bbox 593 2184 639 2241; x_wconf 86' lang='grc' dir='ltr'><strong>Ι.</strong></span> <span class='ocrx_word' id='word_1_138' title='bbox 686 2184 804 2244; x_wconf 81' lang='grc' dir='ltr'><strong>ὅσα</strong></span> <span class='ocrx_word' id='word_1_139' title='bbox 849 2183 967 2266; x_wconf 77' lang='grc' dir='ltr'><strong>μὲν</strong></span> <span class='ocrx_word' id='word_1_140' title='bbox 1017 2184 1094 2263; x_wconf 75' lang='grc' dir='ltr'><strong>δὴ</strong></span> <span class='ocrx_word' id='word_1_141' title='bbox 1132 2186 1286 2254; x_wconf 74' lang='grc' dir='ltr'><em>θέας</em></span> <span class='ocrx_word' id='word_1_142' title='bbox 1326 2184 1620 2268; x_wconf 78' lang='grc' dir='ltr'><em>ἐχόμενα,</em></span> <span class='ocrx_word' id='word_1_143' title='bbox 1666 2188 1835 2250; x_wconf 66' lang='grc' dir='ltr'><em>εἶδον</em></span> <span class='ocrx_word' id='word_1_144' title='bbox 1867 2186 2075 2273; x_wconf 76' lang='grc' dir='ltr'><em>γενεαὶ</em></span> 
     </span>
     <span class='ocr_line' id='line_1_21' title="bbox 274 2281 2072 2371; baseline 0.001 -27"><span class='ocrx_word' id='word_1_145' title='bbox 274 2281 670 2365; x_wconf 78' lang='grc' dir='ltr'><em>παμπλήθεις</em></span> <span class='ocrx_word' id='word_1_146' title='bbox 706 2282 1101 2366; x_wconf 69' lang='grc' dir='ltr'><em>εὐδαιμόνων</em></span> <span class='ocrx_word' id='word_1_147' title='bbox 1136 2285 1394 2366; x_wconf 72' lang='grc' dir='ltr'><em>ἀνδρῶν</em></span> <span class='ocrx_word' id='word_1_148' title='bbox 1430 2287 1535 2348; x_wconf 81' lang='grc' dir='ltr'><strong>καὶ</strong></span> <span class='ocrx_word' id='word_1_149' title='bbox 1561 2294 1902 2371; x_wconf 77' lang='grc' dir='ltr'><em>γυναικῶν,</em></span> <span class='ocrx_word' id='word_1_150' title='bbox 1946 2303 2072 2346; x_wconf 86' lang='lat' dir='ltr'><strong>non</strong></span> 
     </span>
     <span class='ocr_line' id='line_1_22' title="bbox 276 2383 2074 2465; baseline 0.002 -23"><span class='ocrx_word' id='word_1_151' title='bbox 276 2383 355 2442; x_wconf 88' lang='lat' dir='ltr'><strong>de</strong></span> <span class='ocrx_word' id='word_1_152' title='bbox 418 2384 752 2442; x_wconf 87' lang='lat' dir='ltr'><strong>Eleusiniis</strong></span> <span class='ocrx_word' id='word_1_153' title='bbox 820 2385 1072 2463; x_wconf 89' lang='lat' dir='ltr'><strong>accipit,</strong></span> <span class='ocrx_word' id='word_1_154' title='bbox 1145 2383 1223 2444; x_wconf 87' lang='lat' dir='ltr'><strong>de</strong></span> <span class='ocrx_word' id='word_1_155' title='bbox 1291 2384 1511 2465; x_wconf 90' lang='lat' dir='ltr'><strong>quibus</strong></span> <span class='ocrx_word' id='word_1_156' title='bbox 1567 2396 1706 2446; x_wconf 81' lang='lat' dir='ltr'><strong>tota</strong></span> <span class='ocrx_word' id='word_1_157' title='bbox 1757 2388 1956 2447; x_wconf 78' lang='lat' dir='ltr'><strong>oratio</strong></span> <span class='ocrx_word' id='word_1_158' title='bbox 2011 2395 2074 2445; x_wconf 86' lang='lat' dir='ltr'><strong>et</strong></span> 
     </span>
     <span class='ocr_line' id='line_1_23' title="bbox 277 2483 2071 2566; baseline 0.002 -25"><span class='ocrx_word' id='word_1_159' title='bbox 277 2484 507 2562; x_wconf 89' lang='lat' dir='ltr'><strong>scripta</strong></span> <span class='ocrx_word' id='word_1_160' title='bbox 551 2491 613 2540; x_wconf 93' lang='lat' dir='ltr'><strong>et</strong></span> <span class='ocrx_word' id='word_1_161' title='bbox 654 2483 953 2563; x_wconf 89' lang='lat' dir='ltr'><strong>inscripta</strong></span> <span class='ocrx_word' id='word_1_162' title='bbox 996 2492 1108 2556; x_wconf 84' lang='lat' dir='ltr'><strong>est,</strong></span> <span class='ocrx_word' id='word_1_163' title='bbox 1152 2483 1262 2542; x_wconf 91' lang='lat' dir='ltr'><strong>sed</strong></span> <span class='ocrx_word' id='word_1_164' title='bbox 1306 2484 1384 2544; x_wconf 92' lang='lat' dir='ltr'><strong>de</strong></span> <span class='ocrx_word' id='word_1_165' title='bbox 1420 2485 1945 2566; x_wconf 71' lang='lat' dir='ltr'><strong>ThesmophoriiS‚</strong></span> <span class='ocrx_word' id='word_1_166' title='bbox 1989 2484 2071 2545; x_wconf 90' lang='lat' dir='ltr'><strong>ad</strong></span> 
     </span>
     <span class='ocr_line' id='line_1_24' title="bbox 276 2576 2070 2671; baseline 0.002 -29"><span class='ocrx_word' id='word_1_167' title='bbox 276 2601 537 2663; x_wconf 88' lang='lat' dir='ltr'><strong>quorum</strong></span> <span class='ocrx_word' id='word_1_168' title='bbox 607 2580 969 2662; x_wconf 83' lang='lat' dir='ltr'><strong>adspectum</strong></span> <span class='ocrx_word' id='word_1_169' title='bbox 1025 2601 1226 2642; x_wconf 89' lang='lat' dir='ltr'><strong>mares</strong></span> <span class='ocrx_word' id='word_1_170' title='bbox 1285 2584 1570 2668; x_wconf 70' lang='grc' dir='ltr'><em>(ἀνδρῶν</em></span> <span class='ocrx_word' id='word_1_171' title='bbox 1629 2586 1858 2671; x_wconf 75' lang='grc' dir='ltr'><em>γενεαί)</em></span> <span class='ocrx_word' id='word_1_172' title='bbox 1905 2576 2070 2645; x_wconf 82' lang='lat' dir='ltr'><strong>¹nun-</strong></span> 
     </span>
     <span class='ocr_line' id='line_1_25' title="bbox 275 2680 2134 2763; baseline 0.003 -24"><span class='ocrx_word' id='word_1_173' title='bbox 275 2699 459 2760; x_wconf 87' lang='lat' dir='ltr'><strong>quam</strong></span> <span class='ocrx_word' id='word_1_174' title='bbox 518 2680 774 2741; x_wconf 87' lang='lat' dir='ltr'><strong>admissi</strong></span> <span class='ocrx_word' id='word_1_175' title='bbox 831 2691 989 2760; x_wconf 77' lang='lat' dir='ltr'><strong>sunt.</strong></span> <span class='ocrx_word' id='word_1_176' title='bbox 1089 2680 1255 2754; x_wconf 79' lang='lat' dir='ltr'><strong>Quid</strong></span> <span class='ocrx_word' id='word_1_177' title='bbox 1310 2703 1459 2744; x_wconf 84' lang='lat' dir='ltr'><strong>vero</strong></span> <span class='ocrx_word' id='word_1_178' title='bbox 1518 2695 1655 2763; x_wconf 83' lang='lat' dir='ltr'><strong>aget</strong></span> <span class='ocrx_word' id='word_1_179' title='bbox 1721 2695 2066 2762; x_wconf 87' lang='lat' dir='ltr'><strong>mystarum</strong></span> <span class='ocrx_word' id='word_1_180' title='bbox 2130 2752 2134 2756; x_wconf 49' lang='grc'><em>,</em></span> 
     </span>
     <span class='ocr_line' id='line_1_26' title="bbox 277 2780 2064 2864; baseline 0.003 -25"><span class='ocrx_word' id='word_1_181' title='bbox 277 2780 495 2839; x_wconf 86' lang='lat' dir='ltr'><strong>chorus</strong></span> <span class='ocrx_word' id='word_1_182' title='bbox 542 2783 803 2855; x_wconf 76' lang='lat' dir='ltr'><strong>orcinUS,</strong></span> <span class='ocrx_word' id='word_1_183' title='bbox 849 2800 1030 2862; x_wconf 89' lang='lat' dir='ltr'><strong>quem</strong></span> <span class='ocrx_word' id='word_1_184' title='bbox 1072 2781 1520 2864; x_wconf 85' lang='lat' dir='ltr'><strong>Aristophanes</strong></span> <span class='ocrx_word' id='word_1_185' title='bbox 1561 2783 1799 2845; x_wconf 89' lang='lat' dir='ltr'><strong>inducit</strong></span> <span class='ocrx_word' id='word_1_186' title='bbox 1839 2788 1907 2846; x_wconf 92' lang='lat' dir='ltr'><strong>in</strong></span> <span class='ocrx_word' id='word_1_187' title='bbox 1947 2786 2064 2845; x_wconf 84' lang='lat' dir='ltr'><strong>Ra-</strong></span> 
     </span>
     <span class='ocr_line' id='line_1_27' title="bbox 272 2882 1344 2961; baseline 0.003 -22"><span class='ocrx_word' id='word_1_188' title='bbox 272 2882 399 2953; x_wconf 77' lang='lat' dir='ltr'><strong>niS‚</strong></span> <span class='ocrx_word' id='word_1_189' title='bbox 446 2900 522 2940; x_wconf 86' lang='lat' dir='ltr'><strong>ex</strong></span> <span class='ocrx_word' id='word_1_190' title='bbox 565 2891 826 2961; x_wconf 88' lang='lat' dir='ltr'><strong>utroque</strong></span> <span class='ocrx_word' id='word_1_191' title='bbox 870 2900 1022 2941; x_wconf 89' lang='lat' dir='ltr'><strong>sexu</strong></span> <span class='ocrx_word' id='word_1_192' title='bbox 1066 2883 1344 2942; x_wconf 61' lang='lat' dir='ltr'><strong>mixtus?</strong></span> 
     </span>
    </p>

    <p class='ocr_par' dir='ltr' id='par_1_3' title="bbox 272 2966 2062 3156">
     <span class='ocr_line' id='line_1_28' title="bbox 441 2966 2062 3057; baseline 0.003 -19"><span class='ocrx_word' id='word_1_193' title='bbox 441 2980 540 3038; x_wconf 93' lang='lat' dir='ltr'><strong>De</strong></span> <span class='ocrx_word' id='word_1_194' title='bbox 585 3000 908 3043; x_wconf 86' lang='lat' dir='ltr'><strong>servorum</strong></span> <span class='ocrx_word' id='word_1_195' title='bbox 954 2966 1315 3042; x_wconf 84' lang='lat' dir='ltr'><strong>exclusione</strong></span> <span class='ocrx_word' id='word_1_196' title='bbox 1336 2984 1671 3045; x_wconf 91' lang='lat' dir='ltr'><strong>Muellerus</strong></span> <span class='ocrx_word' id='word_1_197' title='bbox 1705 3001 1830 3044; x_wconf 88' lang='lat' dir='ltr'><strong>non</strong></span> <span class='ocrx_word' id='word_1_198' title='bbox 1867 2984 2062 3057; x_wconf 90' lang='lat' dir='ltr'><strong>Isae0‚</strong></span> 
     </span>
     <span class='ocr_line' id='line_1_29' title="bbox 272 3080 2060 3156; baseline 0.003 -20"><span class='ocrx_word' id='word_1_199' title='bbox 272 3096 455 3156; x_wconf 89' lang='lat' dir='ltr'><strong>quem</strong></span> <span class='ocrx_word' id='word_1_200' title='bbox 512 3083 821 3153; x_wconf 84' lang='lat' dir='ltr'><strong>nominat,</strong></span> <span class='ocrx_word' id='word_1_201' title='bbox 877 3080 1208 3142; x_wconf 88' lang='lat' dir='ltr'><strong>credidisse</strong></span> <span class='ocrx_word' id='word_1_202' title='bbox 1265 3083 1514 3145; x_wconf 88' lang='lat' dir='ltr'><strong>videtur</strong></span> <span class='ocrx_word' id='word_1_203' title='bbox 1566 3083 1674 3144; x_wconf 89' lang='lat' dir='ltr'><strong>sed</strong></span> <span class='ocrx_word' id='word_1_204' title='bbox 1727 3083 2060 3150; x_wconf 87' lang='lat' dir='ltr'><strong>Sancrucio</strong></span> 
     </span>
    </p>
   </div>
   <div class='ocr_carea' id='block_1_3' title="bbox 269 3218 2056 3443">
    <p class='ocr_par' dir='ltr' id='par_1_4' title="bbox 269 3218 2056 3443">
     <span class='ocr_line' id='line_1_30' title="bbox 390 3218 2056 3284; baseline 0.005 -24"><span class='ocrx_word' id='word_1_205' title='bbox 390 3218 450 3275; x_wconf 72' lang='grc' dir='ltr'><strong>[θ]</strong></span> <span class='ocrx_word' id='word_1_206' title='bbox 479 3220 566 3262; x_wconf 86' lang='lat' dir='ltr'><strong>Pro</strong></span> <span class='ocrx_word' id='word_1_207' title='bbox 598 3220 913 3278; x_wconf 83' lang='grc' dir='ltr'><em>κοινωνήσειν,</em></span> <span class='ocrx_word' id='word_1_208' title='bbox 958 3227 1003 3266; x_wconf 82' lang='lat' dir='ltr'><strong>et</strong></span> <span class='ocrx_word' id='word_1_209' title='bbox 1031 3224 1112 3267; x_wconf 93' lang='lat' dir='ltr'><strong>hoc</strong></span> <span class='ocrx_word' id='word_1_210' title='bbox 1141 3224 1330 3268; x_wconf 81' lang='lat' dir='ltr'><strong>vicissim</strong></span> <span class='ocrx_word' id='word_1_211' title='bbox 1359 3241 1438 3284; x_wconf 88' lang='lat' dir='ltr'><strong>pro</strong></span> <span class='ocrx_word' id='word_1_212' title='bbox 1470 3228 1654 3271; x_wconf 82' lang='grc' dir='ltr'><em>κοινοῦν</em></span> <span class='ocrx_word' id='word_1_213' title='bbox 1685 3224 1882 3267; x_wconf 83' lang='lat' dir='ltr'><strong>Philostr.</strong></span> <span class='ocrx_word' id='word_1_214' title='bbox 1913 3223 2056 3281; x_wconf 86' lang='lat' dir='ltr'><strong>Apoll.</strong></span> 
     </span>
     <span class='ocr_line' id='line_1_31' title="bbox 271 3275 2054 3340; baseline 0.003 -22"><span class='ocrx_word' id='word_1_215' title='bbox 271 3275 352 3318; x_wconf 91' lang='lat' dir='ltr'><strong>III.</strong></span> <span class='ocrx_word' id='word_1_216' title='bbox 394 3278 464 3320; x_wconf 79' lang='grc'><strong>26.</strong></span> <span class='ocrx_word' id='word_1_217' title='bbox 510 3279 607 3320; x_wconf 91' lang='grc'><strong>116.</strong></span> <span class='ocrx_word' id='word_1_218' title='bbox 658 3281 858 3323; x_wconf 81' lang='lat' dir='ltr'><strong>Heroicc.</strong></span> <span class='ocrx_word' id='word_1_219' title='bbox 896 3282 955 3324; x_wconf 92' lang='lat' dir='ltr'><strong>II.</strong></span> <span class='ocrx_word' id='word_1_220' title='bbox 995 3283 1038 3325; x_wconf 76' lang='grc'><strong>2.</strong></span> <span class='ocrx_word' id='word_1_221' title='bbox 1082 3282 1180 3325; x_wconf 84' lang='grc'><strong>673.</strong></span> <span class='ocrx_word' id='word_1_222' title='bbox 1236 3285 1444 3328; x_wconf 85' lang='lat' dir='ltr'><strong>Artemid.</strong></span> <span class='ocrx_word' id='word_1_223' title='bbox 1485 3286 1538 3328; x_wconf 90' lang='lat' dir='ltr'><strong>L.</strong></span> <span class='ocrx_word' id='word_1_224' title='bbox 1570 3286 1624 3327; x_wconf 90' lang='lat' dir='ltr'><strong>V.</strong></span> <span class='ocrx_word' id='word_1_225' title='bbox 1655 3285 1851 3329; x_wconf 83' lang='lat' dir='ltr'><strong>Prooem.</strong></span> <span class='ocrx_word' id='word_1_226' title='bbox 1881 3298 1923 3340; x_wconf 90' lang='lat' dir='ltr'><strong>p.</strong></span> <span class='ocrx_word' id='word_1_227' title='bbox 1952 3281 2054 3325; x_wconf 75' lang='lat'><strong>253.</strong></span> 
     </span>
     <span class='ocr_line' id='line_1_32' title="bbox 269 3334 2052 3401; baseline 0.005 -25"><span class='ocrx_word' id='word_1_228' title='bbox 269 3334 411 3391; x_wconf 85' lang='lat' dir='ltr'><strong>Epist.</strong></span> <span class='ocrx_word' id='word_1_229' title='bbox 454 3337 576 3379; x_wconf 90' lang='lat' dir='ltr'><strong>Socr.</strong></span> <span class='ocrx_word' id='word_1_230' title='bbox 614 3337 821 3382; x_wconf 86' lang='lat' dir='ltr'><strong>XXVIII.</strong></span> <span class='ocrx_word' id='word_1_231' title='bbox 863 3355 906 3396; x_wconf 91' lang='lat' dir='ltr'><strong>p.</strong></span> <span class='ocrx_word' id='word_1_232' title='bbox 945 3339 1016 3383; x_wconf 74' lang='lat'><strong>32.</strong></span> <span class='ocrx_word' id='word_1_233' title='bbox 1056 3346 1102 3383; x_wconf 81' lang='lat' dir='ltr'><strong>et</strong></span> <span class='ocrx_word' id='word_1_234' title='bbox 1144 3341 1288 3386; x_wconf 85' lang='lat' dir='ltr'><strong>Latini</strong></span> <span class='ocrx_word' id='word_1_235' title='bbox 1327 3345 1639 3387; x_wconf 86' lang='lat' dir='ltr'><strong>communicare</strong></span> <span class='ocrx_word' id='word_1_236' title='bbox 1678 3357 1760 3401; x_wconf 83' lang='lat' dir='ltr'><strong>pm</strong></span> <span class='ocrx_word' id='word_1_237' title='bbox 1787 3342 2052 3400; x_wconf 72' lang='lat' dir='ltr'><strong>participare</strong></span> 
     </span>
     <span class='ocr_line' id='line_1_33' title="bbox 271 3392 1873 3443; baseline 0.007 -9"><span class='ocrx_word' id='word_1_238' title='bbox 271 3392 451 3443; x_wconf 82' lang='lat' dir='ltr'><strong>Quintil.</strong></span> <span class='ocrx_word' id='word_1_239' title='bbox 481 3395 601 3439; x_wconf 91' lang='lat' dir='ltr'><strong>Decl.</strong></span> <span class='ocrx_word' id='word_1_240' title='bbox 634 3398 756 3440; x_wconf 88' lang='lat' dir='ltr'><strong>VIII.</strong></span> <span class='ocrx_word' id='word_1_241' title='bbox 787 3398 827 3439; x_wconf 89' lang='lat'><strong>6.</strong></span> <span class='ocrx_word' id='word_1_242' title='bbox 861 3398 958 3441; x_wconf 88' lang='lat'><strong>161.</strong></span> <span class='ocrx_word' id='word_1_243' title='bbox 1018 3400 1162 3442; x_wconf 88' lang='lat' dir='ltr'><strong>Burm.</strong></span> <span class='ocrx_word' id='word_1_244' title='bbox 1869 3401 1873 3405; x_wconf 47' lang='lat'><strong><em>⁴</em></strong></span> 
     </span>
    </p>
   </div>
  </div>
 </body>
</html>
