2158 3848
223 207 350 267 664
747 219 985 264 mann
1027 218 1458 265 SECUNDUS.

225 349 455 409 auxilii.
499 347 718 410 Strabo
763 347 841 408 X.
882 346 1027 408 471.
1072 347 1180 408 ubi
1222 366 1397 410 sacra
1448 357 1784 422 memorat,
1838 366 1993 428 quae

222 449 625 510 Athenienses
681 448 758 509 ab
815 450 1037 508 exteris
1094 449 1299 508 ascita·
1339 458 1399 508 et
1458 450 1748 508 arcessita
1771 443 1995 508 “colue—

222 558 393 623 runt,
457 549 535 617 de
578 548 857 608 Sabaziis
910 565 1101 605 unum
1154 555 1374 625 testem
1430 549 1577 609 facit
1626 548 1996 608 Demosthe-

220 665 380 707 nem.
465 649 548 711 Et
600 649 781 725 huJus
837 647 1202 724 interpretes
1257 649 1455 723 graeci
1510 647 1592 708 ad
1645 648 1810 708 Fals.
1853 647 1996 726 Leg.

221 766 282 827 p.
325 746 468 806 431.
513 746 621 805 ubi
666 755 874 805 orator
916 744 1284 804 Aeschinem
1331 748 1600 824 exagitat
1641 749 1755 812 τὸν
1791 751 1996 831 Ἀτρο-

220 845 418 927 μήτου
487 854 600 909 τοῦ
668 853 1144 931 γραμματιστοῦ
1207 845 1313 921 καὶ
1381 849 1816 922 Γλαυκοθέας,
1890 856 1997 927 τῆς

218 946 364 1015 τοὺς
417 944 687 1016 θιάσους
730 943 1150 1030 συναγούσης,
1212 946 1304 1027 ἐφ’
1351 945 1441 1015 οἷς
1483 947 1657 1029 ἕτερα
1697 949 1998 1027 τέθνηκεν

221 1046 439 1129 ἱέρεια,
483 1046 634 1105 haec
676 1045 1080 1105 adnotarunt.
1125 1047 1184 1106 οἱ
1218 1046 1537 1167 Ἀθηναῖοι
1580 1049 1642 1117 ἐξ
1674 1047 1865 1130 ἀρχῆς
1898 1047 1998 1132 γε’-

222 1154 387 1208 λωτα
446 1147 604 1210 εἶναι
645 1147 751 1208 καὶ
791 1145 984 1228 ὕβριν
1027 1144 1186 1206 κατα
1226 1153 1356 1210 τῶν
1398 1147 1595 1217 ὄντως
1635 1145 2000 1230 μυστηρίων

221 1270 301 1308 τα
359 1244 697 1328 τελούμενα
755 1252 954 1307 ταῦτα
998 1244 1353 1325 νομίζοντες
1406 1246 1521 1325 τὴν
1575 1247 1799 1329 ἱέρειαν
1854 1247 1999 1308 am?-

220 1369 470 1409 κτειναν
504 1382 588 1389 -—
623 1345 779 1426 μετὰ
823 1342 892 1406 δὲ
935 1351 1120 1406 τοῦτο
1163 1353 1277 1407 τοῦ
1319 1349 1477 1408 θεοῦ
1515 1344 1863 1428 χρήσαντος
1897 1350 1999 1409 ἐᾶ-

225 1465 328 1506 σαι
360 1445 677 1528 γενέσθαι,
721 1443 836 1522 τὴν
862 1441 1166 1521 Αἰσχίνου
1191 1445 1427 1525 μητέρα
1449 1451 1632 1525 μυεῖν
1661 1447 2002 1530 ἐπέτρεψαν

218 1563 281 1623 p.
342 1542 479 1602 115.
535 1541 779 1623 Ulpian.
839 1540 1235 1602 Sacerdotem
1290 1542 1462 1602 illam
1508 1543 1756 1623 capitali
1797 1563 2002 1625 poena

221 1643 500 1702 affectam
557 1642 787 1703 Ninum
848 1642 1039 1701 fuisse
1083 1640 1262 1700 docet
1307 1642 1507 1702 Schol.
1553 1641 1706 1720 Aug.
1750 1664 1812 1724 p.
1862 1644 2000 1704 167.

219 1753 632 1804 accusatorem
657 1743 1016 1815 Meneclem,
1061 1760 1241 1822 quem
1271 1753 1413 1802 ante
1438 1742 1790 1803 archontem
1813 1742 2002 1805 Thes-

219 1843 419 1903 salum
486 1843 587 1903 vel
642 1841 1094 1923 Apollodorum
1150 1843 1269 1900 hoc
1323 1853 1417 1902 est
1473 1852 1614 1902 ante
1668 1843 2002 1905 secundum

217 1943 322 2004 vel
375 1944 624 2001 tertium
682 1961 911 2000 annum
968 1941 1062 2000 Ol.
1123 1938 1305 2001 CVII.
1363 1953 1677 2002 mortuum
1733 1962 1866 2004 esse
1926 1963 2001 2004 ex

219 2043 529 2119 Dionysio
588 2041 665 2100 de
721 2042 1012 2101 Dinarch.
1068 2061 1128 2120 p.
1185 2040 1327 2102 695.
1373 2042 1442 2102 Τ.
1487 2042 1560 2101 V.
1606 2043 1845 2119 elucet.
1876 2063 2001 2124 quo

219 2151 499 2221 tempore
550 2142 998 2200 Demosthenes
1056 2159 1285 2200 annum
1342 2144 1561 2202 aetatis
1620 2143 2001 2220 trigesimum

221 2251 508 2321 quartum
571 2243 934 2321 quintumve
992 2240 1229 2318 agebat.
1336 2242 1507 2302 Idem
1565 2260 1716 2304 vero
1772 2243 2002 2302 Demo-

219 2340 496 2413 stheneS‚
556 2361 748 2421 quum
802 2343 868 2400 in
914 2339 1016 2399 Or.
1060 2360 1121 2420 p.
1169 2338 1306 2400 Cor.
1353 2342 1494 2402 313.
1540 2362 1578 2403 a
1622 2343 2003 2403 Glaucothea

220 2456 287 2496 se
332 2439 667 2499 admodum
712 2440 1237 2500 adolescentulum
1277 2443 1591 2502 initiatum
1636 2444 1865 2517 scribit,
1907 2446 1999 2503 in-

223 2536 451 2597 dicium
507 2540 792 2618 praebet,
847 2541 998 2599 haec
1040 2549 1174 2600 tum
1219 2560 1390 2601 sacra
1431 2545 1736 2622 permissa
1778 2544 1996 2621 legem-

223 2656 359 2717 que,
415 2657 491 2697 ex
533 2657 653 2717 qua
706 2639 1010 2698 Menecles
1067 2648 1281 2698 contra
1335 2641 1564 2701 Ninum
1611 2644 1764 2720 egit,
1821 2643 2000 2702 abro-

223 2739 429 2815 gatam
485 2738 692 2798 fuisse.
791 2737 961 2812 Quae
1005 2740 1060 2797 si
1100 2749 1338 2798 retenta
1382 2750 1475 2799 est
1517 2760 1709 2822 usque
1752 2742 1834 2803 ad
1874 2743 2000 2802 De-

225 2838 563 2897 mosthenis
629 2841 990 2920 pueritiam,
1053 2839 1460 2899 Sabaziorum
1516 2860 1664 2901 usus
1718 2841 2000 2924 publicus

223 2947 405 2997 antea
459 2939 664 2999 nullus
718 2940 868 3014 fuit,
924 2942 1206 3020 privatus
1263 2959 1388 2999 non
1444 2942 1563 3000 nisi
1616 2945 1682 3001 in
1741 2942 1999 3003 obscuro

224 3038 596 3118 occultoque.
694 3027 820 3099 Sed
885 3039 1154 3099 dubitari
1220 3050 1426 3120 potest
1481 3061 1560 3100 an
1616 3042 1995 3121 Scholiogra-
2055 3033 2100 3107 f

222 3137 414 3215 phus‚
471 3148 540 3197 ut
599 3140 748 3200 haec
804 3159 974 3200 sacra
1027 3141 1198 3219 prius
1255 3142 1486 3202 severis
1541 3141 1774 3220 legibus
1832 3162 1998 3202 coer-

224 3239 377 3312 cita,
421 3248 564 3319 post
605 3239 911 3321 Apollinis
957 3241 1319 3300 auctoritate
1364 3241 1633 3302 admissa
1676 3253 1811 3302 esse
1853 3244 1997 3302 scri-·

224 3335 424 3410 beret,
495 3357 678 3400 unam
749 3342 902 3403 hanc
970 3339 1251 3400 habuerit
1316 3343 1646 3416 rationem,
1704 3341 1868 3422 quod
1925 3362 1997 3403 ea
