2158 3848
185 185 310 243 438
716 198 950 242 menn
994 197 1421 243 SECUNDUS.

187 325 515 406 Eupolidis
575 327 790 387 drama
834 328 1184 410 Νουμηνίαι
1226 330 1290 387 in
1334 329 1819 389 Acharnensium
1865 328 1958 388 di-

189 424 457 486 dascalia
500 430 920 501 nominatum,
983 429 1308 508 Παννυχίς
1354 426 1651 510 Callippi‚
1695 427 1958 498 Eubuli,

188 524 531 606 Hipparchi
577 538 638 586 et
680 526 958 586 Alexidis
975 530 1068 605 [⁸]‚
1113 527 1287 586 Lucii
1329 528 1571 589 Afranii
1616 539 1677 589 et
1721 526 1960 601 Quintii

187 624 374 684 Attae
428 626 889 703 Megalesia,
963 625 1239 702 ejusdem
1297 627 1539 687 Afranii
1583 641 1657 689 ·et
1711 628 1960 687 Laberii

187 722 781 804 Compitalia[f],
842 725 910 783 L.
955 724 1283 804 Pomponii
1339 724 1729 788 Calendae
1772 728 1959 787 Mar-

185 826 377 895 tiae,
422 843 603 903 quam
649 824 923 883 fabulam
968 843 1216 902 graecus
1260 836 1447 903 poeta
1483 828 1706 906 Ἡραῖα
1748 828 1961 887 inscri-

183 931 403 1002 pturus
460 924 689 983 fuisset*
744 924 845 985 vel
914 925 1110 1006 ‘mag
1166 927 1474 1010 γενέθλια.
1564 923 1961 986 Casaubonus

183 1033 344 1082 certe
370 1022 739 1104 Antiphanis
783 1024 1057 1083 fabulam
1102 1043 1290 1085 unam
1319 1025 1698 1107 eandemque
1735 1026 1964 1106 duplex

184 1123 449 1201 elogium
508 1125 795 1184 habuisse
850 1134 1032 1204 putat
1088 1125 1450 1208 Ἀφροδίσια
1502 1135 1565 1185 et
1601 1127 1964 1210 Ἀφροδίτης

180 1223 368 1308 γοναί
423 1222 499 1282 ad
556 1224 777 1286 Athen.
825 1224 902 1284 X.
948 1225 1092 1284 449.
1136 1225 1204 1283 B.
1261 1225 1548 1306 idemque
1592 1211 1776 1305 hujus
1817 1245 1963 1306 pee-

182 1333 280 1382 tae
338 1324 528 1383 verba
582 1326 686 1383 III.
740 1325 875 1384 113.
922 1326 1000 1383 D.
1059 1328 1287 1406 ἄρτους
1332 1363 1416 1371 —-
1460 1328 1569 1397 οὓς
1626 1326 1704 1405 δὴ
1747 1332 1962 1411 γοναῖς

188 1423 463 1506 Θεαρίων
519 1425 733 1498 ἔδειξε,
802 1420 889 1483 sic
943 1426 1412 1504 interpretatur,
1479 1444 1668 1505 quos
1724 1443 1963 1505 panes

183 1522 513 1581 Theario
596 1523 1171 1583 Panathenaeis
1266 1524 1535 1584 edidit.
1682 1525 1781 1583 De
1867 1526 1963 1585 his

183 1622 467 1682 omnibus
523 1631 648 1696 est,
711 1625 815 1703 qui
873 1642 986 1683 nos
1043 1626 1387 1684 accuratius
1445 1623 1702 1684 edocere
1744 1627 1964 1704 possit,

180 1723 543 1784 Meinekius.
1005 1726 1011 1729 ’
1729 1724 1737 1732 ’

903 1979 1239 2039 ΟΑΡ.Π.

723 2114 1440 2186 Διαθῆκαι.

976 2276 1028 2357 ξ.
1124 2279 1174 2336 l.

325 2418 602 2477 Justinus
648 2415 895 2477 Cohort.
940 2439 1001 2498 p.
1054 2418 1148 2478 15.
1196 2417 1260 2479 C.
1307 2425 1381 2503 (c.
1428 2421 1562 2481 XV.
1609 2422 1710 2480 77.
1757 2420 1968 2500 Grab.)

184 2517 518 2597 Orpheum,
563 2517 910 2576 Homerum
951 2529 1133 2598 atque
1158 2519 1453 2579 Solonem
1490 2521 1754 2581 affirmat
1779 2541 1969 2601 quum

180 2620 246 2676 in
289 2617 575 2697 Aegypto
620 2617 912 2676 Mosaicis
958 2637 1025 2677 se
1080 2621 1554 2697 ingurgitassent
1608 2621 1815 2694 libris,
1878 2640 1969 2679 er-

181 2737 390 2777 rorum
412 2762 428 2791 ‚
474 2717 692 2797 quibus
737 2719 935 2777 innati
981 2730 1041 2778 et
1083 2722 1366 2779 innutriti
1412 2731 1605 2795 erant,
1650 2730 1968 2801 pertaesos

184 2837 516 2898 veramque
576 2817 921 2877 doctrinam
983 2820 1303 2900 amplexos
1365 2840 1524 2881 esse:
1608 2822 1874 2905 Ὀρφεὺς
1934 2822 1967 2885 ὅ

180 2919 287 2998 τῆς
331 2917 788 2998 πολυθεότητος
844 2919 1026 3001 ὑμῶν
1081 2929 1326 3003 πρῶτος
1370 2920 1746 2992 διδάσκαλος
1788 2949 1968 3008 γεγο-

301 3088 368 3144 [θ]
402 3088 649 3142 Pannychis
679 3093 749 3131 est
778 3089 908 3131 etiam
938 3103 1088 3131 nomen
1118 3089 1360 3146 proprium3
1394 3091 1469 3132 sed
1499 3091 1554 3133 ‹le
1584 3105 1670 3134 una
1699 3091 1873 3134 muliere
1903 3095 1968 3135 tot
2025 3107 2028 3111 ·

182 3147 354 3189 fabulas
385 3146 569 3202 scriptas
599 3162 695 3190 esse
726 3148 844 3190 credi
875 3161 958 3189 non
988 3155 1144 3204 potest.

301 3216 363 3274 [f]
409 3218 661 3261 Eberhardt
711 3221 899 3263 Ueber
955 3219 1055 3261 den
1096 3220 1352 3263 Zustand
1395 3221 1494 3263 der
1536 3223 1786 3265 schdnen
1831 3222 1966 3264 Wis-

179 3291 342 3319 sensc
356 3277 398 3318 h.
426 3277 469 3318 b.
500 3277 541 3318 d.
572 3278 612 3320 R
626 3281 651 3320 ὃ
668 3292 818 3321 mern
858 3294 899 3336 p.
929 3278 998 3320 70.
1029 3279 1199 3321 fabulas
1228 3279 1327 3321 illas
1357 3279 1608 3335 Megalesiis
1639 3288 1683 3324 et
1713 3280 1964 3340 Compitali-

180 3337 260 3377 bus
291 3337 334 3377 in
366 3349 534 3378 scenam
567 3337 809 3380 commissas
840 3345 882 3380 et
915 3338 969 3380 ab
1003 3337 1082 3380 hoc
1114 3349 1263 3381 nomen
1294 3338 1474 3396 adeptas
1505 3354 1599 3383 esse
1630 3346 1768 3397 putat.
