2158 3848
265 179 390 241 252
799 189 1039 233 LIBER
1084 189 1513 235 SECUNDUS.

265 326 404 405 sint.
493 319 778 382 Clemens
816 320 1041 381 Strom.
1065 319 1171 378 ΙΙΙ.
1213 317 1359 379 435.
1403 321 1483 380 D.
1523 330 1840 405 μυστικῶς
1883 324 2043 385 ἅπα-

262 421 593 510 γορεύουσι
635 419 878 504 κυάμῳ
895 424 1178 504 χρῆσθαι
1206 421 1367 483 κατὰ
1407 422 1477 484 τὸ
1525 421 1807 486 ἐπύλλιον
1852 425 2042 485 ἐκεῖνο

263 522 470 588 Ἶσόν
510 547 632 585 τοι
675 558 758 565 -
813 517 1170 602 κεφαλάς
1216 543 1292 582 τε
1335 519 1649 601 τοκήων.
1737 522 2044 581 Lucianus

260 626 328 684 in
373 622 554 682 Gallo
599 622 653 703 ξ.
697 619 757 677 4.
803 618 947 677 296.
1009 618 1079 677 Τ.
1124 619 1183 678 6.
1243 619 1483 705 ἀνάγκη
1541 642 1639 683 σοι
1682 619 2046 707 Πυθαγόρα

263 727 401 787 own
443 718 1019 803 παρανδνθμηκέναι
1060 718 1167 781 καὶ
1207 719 1278 781 ‘CO
1323 725 1463 784 t‘o‘ov
1484 722 1850 804 ἠσεβηχδναι
1892 745 2046 784 κυα-

260 847 419 904 μους
463 818 786 906 φαγόντα,
833 844 917 887 ως
962 817 1047 882 ἂν
1089 824 1142 881 εἰ
1182 818 1299 898 τὴν
1340 815 1614 901 κεφαλὴν
1654 830 1768 884 τοῦ
1812 822 2047 903 πατρὸς

260 918 588 1000 ἐδηδόκεις.
675 918 1030 978 Athenaeus
1074 917 1427 978 indistincte
1468 919 1874 1000 philosophos
1933 922 2051 980 hoc

258 1022 618 1103 praecipere
662 1021 749 1078 ait
791 1018 868 1077 II.
913 1016 1014 1078 65.
1059 1019 1132 1077 Ε.
1192 1019 1301 1100 ubi
1344 1020 1616 1101 κεφαλὰς
1657 1019 1919 1104 τρώγειν
1962 1021 2049 1078 le-

259 1123 450 1199 gitur,
508 1119 868 1179 Eustathius
912 1139 974 1199 p.
1020 1119 1165 1179 948.
1224 1128 1573 1192 vetereS,
1641 1126 1772 1190 τοῖς
1800 1128 2050 1181 «παλαι-

263 1220 450 1301 οῒς[*]
513 1218 700 1305 λόγον
756 1220 954 1303 φασὶν
996 1219 1155 1283 εἶναι
1194 1216 1379 1303 ’ἱερὸν
1427 1217 1635 1284 Ἶσόν
1686 1245 1807 1284 τοι
1839 1218 2052 1296 κυά-

260 1346 458 1403 μους
514 1343 596 1382 τε
652 1326 967 1405 φαγεῖν·
1037 1337 1157 1398 quo
1203 1336 1287 1377 ex
1330 1318 1467 1379 loco
1511 1319 2052 1401 perperam-colli-

264 1423 353 1499 git
398 1420 682 1480 Sturzius
727 1419 808 1478 ad
851 1418 1112 1499 Emped.
1167 1439 1229 1499 p.
1273 1416 1418 1478 652.
1462 1420 1893 1481 monostichon
1935 1420 2052 1479 hoc

261 1542 337 1580 ex
382 1520 616 1599 Orphei
659 1522 960 1592 carmine,
996 1519 1177 1601 Ἱερὰς
1223 1517 1433 1603 λόγος,
1480 1528 1843 1599 excerptum
1888 1539 2061 1594 esse}

260 1640 408 1680 nam
442 1620 805 1679 Eustathius
849 1627 1356 1701 praeceptum
1401 1637 1707 1679 sacrum
1746 1622 2050 1699 intelligit.

231 1720 386 1786 ‚Nec
441 1722 648 1780 minus
705 1719 993 1799 ambigue
1026 1717 1276 1779 'Sextus
1330 1719 1544 1812 Pyrrh.
1604 1719 1776 1800 Hyp.
1824 1722 1930 1781 III.
1973 1717 2048 1801 Ρ.

262 1820 402 1880 184.
463 1823 613 1883 ἔνιοι
665 1824 912 1884 θᾶττον
969 1820 1054 1883 ἂν
1111 1819 1224 1888 τὰς
1277 1820 1551 1903 κεφαλὰς
1607 1828 1860 1909 φαγεῖν
1894 1843 2050 1905 φασι
2101 1890 2110 1898 ,

255 1930 388 1985 τῶν
429 1922 716 2004 πατέρων
756 1920 796 2000 ἢ
841 1918 1149 2001 κυάμους·
1194 1919 1417 1997 quibus
1462 1921 1671 1981 verbis
1706 1920 2048 2001 Aegyptios

259 2022 586 2099 significari
639 2030 820 2103 putat
873 2020 1378 2081 Hemsterhusius
1444 2019 1525 2079 ad
1579 2021 1828 2099 Luciam
1884 2022 2051 2081 Dial.
2074 2023 2081 2082 J

257 2122 442 2182 Mort.
485 2121 626 2180 XX.
649 2122 775 2191 40.
831 2121 1083 2193 eadem,
1148 2128 1221 2179 ut
1277 2129 1549 2193 constat,
1615 2123 2052 2202 superstitione
2131 2111 2158 2126 ”

269 2221 614 2282 obstrictos,
703 2221 1015 2292 SturziuS,
1058 2238 1180 2299 quo
1224 2237 1408 2279 nemo
1453 2223 1726 2281 exactius
1769 2215 1932 2281 hunc
1960 2222 2052 2280 lo-

261 2342 399 2383 cum
442 2322 753 2394 tractavit,
795 2319 1194 2400 Empedoclis
1238 2320 1522 2388 versibus
1567 2320 1852 2386 ἐπύλλιον
1894 2320 2051 2382 illud

257 2423 549 2494 inseruit,
606 2421 808 2493 nullo,
863 2430 934 2479 ut
975 2423 1112 2500 ipse
1152 2422 1509 2501 profitetur,
1571 2429 1735 2481 certo
1761 2432 2083 2501 ³auctore.¹

244 2522 433 2583 ¹Haec
490 2520 568 2580 de
621 2519 891 2579 secundo
952 2520 1280 2581 versiculo.
1365 2520 1848 2582 Antecedentem
1893 2523 2049 2580 Em·-

261 2622 511 2704 pedocli
554 2619 771 2679 tribuit
811 2618 1047 2678 Gellius
1091 2620 1166 2678 II.
1218 2619 1313 2678 ll.
1358 2623 1696 2680 sententiae
1740 2640 2050 2681 summam

263 2721 566 2806 (κυάμων
621 2720 742 2783 ἀπὸ
805 2725 1016 2802 χεῖρας
1075 2722 1268 2799 ἔχειν)
1332 2719 1716 2798 Pythagorae
1773 2721 2051 2782 vindicat

265 2820 698 2893 CallimachuS,
742 2838 780 2879 a
819 2819 1024 2878 Gellio
1070 2820 1394 2897 allegatus3
1440 2820 1688 2902 Orpheo
1718 2823 2049 2901 Gregorius

267 2926 419 2988 Naz.
465 2923 571 2984 Or.
615 2920 846 2981 XXIII.
905 2917 1047 2979 535.
1105 2918 1171 2980 C.
1236 2919 1424 3002 βάλλε
1479 2949 1588 3004 μοι
1643 2922 2046 3009 Πυθαγόρου

265 3027 379 3106 τὴν
424 3023 662 3102 σιωπὴν
702 3021 810 3085 καὶ
850 3021 997 3091 τοὺς
1033 3019 1319 3104 κυάμους
1361 3022 1507 3092 τοὺς
1543 3022 1914 3106 Ὀρφικούς-
1967 3023 2049 3127 Et

382 3223 436 3280 []
469 3223 566 3265 Hoc
605 3223 765 3265 omittit
804 3220 958 3265 schol.
989 3220 1102 3263 Vict.
1145 3223 1204 3267 Ν.
1235 3220 1335 3264 589.
1377 3219 1479 3270 τοὺς
1507 3223 1706 3279 μέλανας
1736 3219 1936 3270 κυάμους
1964 3236 1988 3263 ο
1994 3219 2046 3262 ὐκ

265 3286 371 3328 ἐίσθ
369 3294 499 3328 ουσιν
541 3282 641 3325 οἱι
626 3284 735 3340 ιερει
732 3297 784 3329 ς,
828 3278 894 3323 δι
859 3296 906 3323 ια
947 3278 997 3323 τὸ
1042 3282 1193 3352 ψυχῆς
1234 3282 1397 3334 αἰζηῶν
1435 3275 1569 3334 βάσιν
1599 3282 1796 3340 ἔμμεναι
1824 3279 1894 3323 νεῩ
1927 3277 2043 3323 ἄνα-

267 3349 323 3397 βιι
295 3340 449 3400 αθμὸν
478 3340 524 3389 ἐξ
549 3340 612 3383 {Aa
607 3338 701 3383 ’δαο
733 3329 891 3396 δόμων
920 3335 1029 3383 ὅταν
1059 3335 1201 3396 αὐγὰς
1230 3340 1451 3388 εῗςανίωσι
1438 3353 1494 3383 ιν.
