2158 3848
653 225 1227 290 nL'-nuslN1A.
1714 226 1832 289 171

65 384 390 450 condirent--
404 375 853 457 nondimeno?-
886 373 1118 433 Verum
1141 369 1313 433 illud
1336 371 1630 452 palmare,
1673 372 1843 456 quod

66 488 277 546 eninm*
317 474 1169 545 aleatommnginstrumemis*
1199 481 1441 532 tantum
1459 508 1464 525 -,
1494 470 1844 534 habuerunt

62 586 353 644 honorem
368 607 394 652 ‚⁴
440 588 541 638 ut·
564 577 812 638 alveum
842 573 1074 635 mundi
1098 574 1445 651 imaginem
1485 591 1844 652 repraesen-

63 693 193 742 tare
237 680 528 751 dicerent,
570 663 929 745 turriculam
972 675 1361 747 firmamenti,
1405 683 1477 734 ut
1517 671 1845 735 duodecim

62 792 240 862 septa
273 780 774 860 aequipararent
837 777 1028 854 signis
1096 774 1467 835 coelestibus
1481 817 1515 848 ‚.
1575 774 1847 854 planetis

59 882 340 942 fritillum
386 888 449 938 et
490 887 734 958 septem
776 876 1057 937 calculos.
1081 895 1163 937 ·v.
1208 874 1382 935 Suid.
1419 893 1469 935 s.
1519 874 1740 958 Τάβλᾳ
1781 880 1851 935 e't

61 982 272 1041 Kuest.
352 977 555 1052 >Quod
597 966 1091 1054 siintelligimus
1134 978 1295 1035 circa
1332 993 1432 1035 res
1473 976 1645 1037 leves
1687 973 1850 1036 ludi-

0 1117 1 1147 *
62 1099 314 1162 erasque
354 1090 485 1140 tam
527 1080 750 1139 misere
767 1113 771 1117 Δ
787 1075 1084 1155 ⁴sudatum
1129 1090 1280 1149 esse,
1320 1084 1620 1154 quantum
1665 1095 1849 1137 curae

61 1182 187 1255 his,
231 1199 388 1261 quae
428 1179 681 1239 honoris
725 1175 985 1236 deorum
1027 1176 1473 1235 immortalium
1514 1193 1703 1237 causa
1740 1178 1852 1237 fie-

61 1291 217 1354 rent,
258 1278 642 1363 impendisse
677 1274 1078 1336 existimandi
1118 1286 1283 1349 sunt,
1325 1295 1406 1336 ne
1440 1275 1589 1357 quid
1614 1284 1854 1338 temere

62 1382 414 1441 institutum
429 1423 448 1453 ,
514 1397 597 1439 ne
660 1375 809 1458 quid
863 1392 1087 1458 parum
1145 1374 1440 1436 decorum
1492 1376 1852 1439 videretur?

63 1482 315 1542 Etenim
378 1483 446 1541 in
513 1487 839 1541 commune
905 1478 1120 1559 opinio
1175 1476 1458 1551 valebat,
1515 1498 1705 1559 quae
1758 1479 1852 1540 ab

65 1582 511 1644 hominibus
578 1582 1073 1660 maximeque
1135 1578 1216 1637 in
1282 1598 1363 1638 re
1427 1596 1648 1641 sacra
1710 1582 1851 1641 fie-

67 1692 269 1757 rent,
313 1661 522 1742 suas
590 1680 878 1740 debere
945 1697 1211 1740 causas
1267 1678 1559 1740 habere
1614 1681 1863 1743 Arnob.;

68 1781 202 1841 vll.
258 1779 362 1842 25.
429 1780 595 1841 unde
658 1781 888 1842 factum
947 1790 1021 1840 ut
1071 1779 1183 1839 illa
1229 1781 1605 1859 *aetiologiae
1661 1783 1864 1857 labes,-

68 1889 263 1941 totam
304 1882 743 1962 antiquitatem·
776 1890 1114 1962 pervagata
1130 1922 1148 1954 ‚
1191 1883 1259 1940 in
1299 1881 1417 1941 hoc
1459 1901 1679 1960 genere
1720 1902 1861 1962 gra..

68 1984 321 2043 vissime
363 1992 638 2060 grassata
676 1985 775 2043 sit.
819 1981 944 2042 Sed
986 1981 1055 2041 id
1097 1998 1340 2062 quoque
1375 1982 1614 2063 aliquot
1645 2003 1860 2046 exem-

67 2082 188 2163 plis
244 2068 585 2161 illustrabo.
684 2080 1054 2164 Quanquam
1106 2082 1461 2144 hominibus
1516 2086 1671 2146 nihil
1725 2086 1858 2147 fere

70 2181 322 2244 lmniniz
363 2182 662 2263 adspectu
703 2182 1124 2243 delectabilius
1159 2203 1294 2244 esse
1332 2187 1511 2259 solet,
1555 2189 1860 2248 omnium.-

72 2301 189 2361 que
232 2284 503 2361 gentium
547 2284 888 2366 λυχναψίαι
928 2292 992 2342 et
1023 2285 1570 2368 λαμπαδοὸρομίαι
1598 2291 1863 2347 nuscum-4

74 2392 194 2454 tur,
237 2392 447 2441 tamen
487 2385 719 2463 reperti
758 2392 923 2457 sunt,
968 2386 1076 2464 qui
1114 2385 1269 2445 haec
1308 2386 1548 2446 ludicra
1590 2387 1671 2447 ad
1702 2389 1860 2468 phy-

76 2482 401 2560 siologiam
472 2482 875 2544 traducerent.
988 2483 1383 2560 CleomedeS‚
1454 2497 1527 2547 ut
1582 2490 1861 2552 notiores

75 2593 488 2663 praeterfflm‚
553 2584 817 2664 ᾔδεσαν,
887 2587 1117 2665 inquit,
1186 2588 1293 2650 καὶ
1330 2590 1405 2650 ὀἱ
1458 2589 1864 2657 παλαιότατοι

22 2687 24 2694 ’
76 2692 208 2747 τῶν
250 2692 536 2768 φυσικῶν
579 2685 675 2747 ὅτι
719 2686 842 2751 ἀπὸ
886 2694 1001 2750 τοῦ
1043 2687 1219 2767 ἡλίου
1263 2689 1301 2768 ἡ
1347 2688 1563 2771 σελήνη
1608 2693 1679 2755 τὸ
1726 2703 1861 2776 φῶς

84 2776 239 2864 ἔχει,
286 2784 371 2855 ὥς
413 2782 606 2865 δῆλόν
648 2788 815 2849 ἐστιν
846 2779 926 2849 ἐκ
964 2795 1074 2868 τῆς
1116 2790 1518 2876 ἐτυμολογίας
1558 2802 1672 2856 τοῦ
1716 2795 1863 2858 ὀνό-

23 2964 28 2974 ι
83 2906 273 2962 ματος
316 2922 402 2930 -
441 2885 548 2948 καὶ
602 2889 668 2948 ἐκ
721 2894 835 2950 τοῦ
888 2889 1288 2954 ἐπιὸίὸοσθαι
1342 2892 1542 2973 δᾷδας
1595 2900 1725 2963 τοῖς
1778 2900 1863 2966 εἷς

86 2980 167 3043 τὰ
206 2984 554 3069 Ἀρτεμίσια
610 2991 860 3056 εὶςιοῦσι
914 2988 1173 3053 Meteor.
1228 2990 1298 3050 L.
1355 2992 1427 3050 ΙΙι
1476 2990 1529 3051 5.
1584 2992 1720 3053 135.
1766 2995 1862 3056 ed.

29 3158 30 3161 Ἴ
85 3078 238 3142 Bak.
289 3084 451 3146 Istuc
506 3095 603 3147 est
655 3091 898 3168 sapere!
950 3089 1051 3150 De
1104 3090 1482 3151 solemnibus
1525 3090 1864 3172 Apaturio-

27 3188 32 3213 ’·
88 3179 256 3256 rum,
308 3185 526 3264 quibus
578 3205 911 3268 puerorum
962 3194 1217 3252 nomina
1274 3193 1340 3251 in
1384 3192 1625 3254 tabulas
1668 3198 1863 3260 curia-

0 3349 3 3358 ,
90 3280 244 3341 lium
309 3284 521 3347 referri
577 3298 639 3347 et
690 3288 983 3369 rhapsodi
1039 3293 1119 3352 ad
1173 3292 1642 3355 concertandum
1699 3316 1862 3366 com-

0 3380 13 3421 5
90 3383 254 3443 mitti
298 3382 593 3460 solebant,
635 3389 723 3449 sic
765 3399 1078 3468 argutatur
1122 3393 1411 3454 Proculus
1452 3396 1519 3454 in
1542 3391 1702 3453 Tim.
1723 3393 1792 3455 L.
1816 3397 1863 3455 Ι.
