2158 3848
749 245 1322 292 nan-usuum
1839 233 1924 296 ⁷3

165 381 414 443 Axioch.
455 399 518 461 p.
560 377 702 442 371.
742 377 824 440 D.
875 378 1134 440 initiatis
1187 379 1528 460 promittit,
1584 397 1740 457 quae
1779 397 1928 461 poe-

166 492 265 542 me
317 479 668 555 decantant,
722 481 1182 543 amoenissimas
1224 481 1290 539 in
1334 478 1494 539 Orco
1537 475 1745 551 sedes,
1788 488 1933 540 can-'

164 578 282 652 tus,
339 582 627 642 convivia
681 589 744 639 et
796 589 995 641 cetera
1037 580 1234 640 beata.
1320 578 1520 640 Schol.
1571 576 1824 638 Aristid.
1866 597 1928 659 p.

168 678 311 740 101.
355 682 602 766 Ἔλεγον
656 681 716 741 οἱ
749 678 1028 761 Ἕλληνες
1069 681 1155 751 ὥς
1198 681 1258 743 οἱ
1294 679 1376 743 τοὶ
1417 676 1729 763 μυστήρια
1769 702 1931 759 μυη-

162 781 378 851 θέντες
418 781 714 863 εὐμενοῦς
755 781 861 844 καὶ
898 785 1039 844 ἵλεω
1079 788 1189 861 τῆς
1210 820 1211 823 =
1229 775 1633 864 Περσεφόνης
1675 775 1932 863 ἐτύγχα-

161 880 277 944 νον
309 889 429 947 etc.
513 878 815 960 Denique,
858 890 928 942 ut
966 881 1302 941 liberaliter
1342 897 1542 959 agam,
1584 876 1933 939 sacerdotes

158 978 468 1039 interdum
510 978 744 1059 aliquid
786 979 864 1041 de
897 981 1414 1062 metempsychosi
1438 979 1667 1039 dixisse
1692 978 1935 1056 largiar,

161 1089 294 1138 tum
336 1080 481 1159 quia
525 1077 810 1140 Clemens
849 1080 959 1141 illa
998 1079 1250 1141 Pindari
1278 1079 1472 1142 verba
1497 1078 1936 1157 Pythagoricae

162 1180 501 1239 sententiae
562 1179 894 1255 subnectit,
961 1189 1095 1241 tum
1151 1180 1231 1241 ob
1285 1180 1562 1241 Platonis
1612 1179 1817 1239 locum
1855 1179 1936 1238 in

162 1277 323 1338 Men.
357 1278 440 1359 p.
494 1279 596 1340 86.
649 1279 718 1340 Β.
775 1279 1010 1362 ἀκήκοα
1065 1281 1325 1366 ἀνδρῶν
1364 1305 1430 1344 τε
1472 1280 1578 1344 καὶ
1617 1286 1936 1366 γυναικῶν

163 1386 383 1462 σοφῶν
424 1379 565 1464 περὶ
602 1380 684 1443 τὰ
727 1384 873 1445 θεῖα
913 1378 1254 1468 πράγματα
1294 1382 1508 1466 ἱερέων
1534 1406 1600 1444 τε
1633 1380 1740 1445 καὶ
1761 1382 1936 1462 ἱερει-

162 1487 288 1554 ῶν,
330 1480 497 1552 ὅσοις
537 1482 829 1565 μεμέληκε
870 1482 1010 1567 περὶ
1052 1478 1144 1547 ὧν
1182 1481 1709 1567 μεταχειρίζονται
1750 1478 1937 1567 λόγον

162 1583 313 1653 οἵοις
363 1582 429 1644 τ’
467 1580 625 1646 εἶναι
667 1580 918 1648 διδόναι
946 1619 1037 1639 .—-
1070 1583 1187 1664 τὴν
1226 1582 1346 1666 μὲν
1386 1581 1600 1667 ψυχὴν
1622 1579 1795 1645 τότε.
1819 1578 1937 1663 μὲν

163 1680 476 1763 τελευτᾷν,
517 1680 658 1746 τότε
700 1682 770 1747 δὲ
812 1681 1000 1747 πάλιν
1039 1685 1355 1770 γενέσθαι,
1399 1700 1748 1762 quanquam
1788 1697 1937 1740 neu-

163 1788 325 1841 trum
368 1798 656 1859 magnam
697 1782 830 1843 vim
873 1782 1084 1857 habet3
1125 1803 1273 1845 nam
1317 1792 1379 1842 et
1417 1780 1576 1842 illud
1615 1781 1940 1840 fortuitum

164 1896 297 1939 esse
327 1890 558 1959 ⁴potest
611 1891 674 1942 et
721 1881 872 1942 haec
923 1882 1197 1942 Platonis
1252 1881 1446 1943 verba
1499 1880 1578 1940 de
1621 1880 1745 1940 alio
1790 1896 1941 1959 quo·

163 1977 308 2039 dam
350 1998 568 2057 genere
608 1996 923 2040 sacrorum
965 1982 1129 2043 dicta
1169 1980 1487 2055 videntur,
1530 1979 1698 2063 quod
1737 1981 1807 2040 in
1827 1984 1829 1988 ’
1846 1997 1943 2039 se-

168 2077 367 2140 cundo
410 2079 570 2140 libro
614 2079 992 2142 tractabitur.

333 2179 454 2241 His
495 2179 910 2244 fundamentis
945 2184 1130 2262 J‘actis
1171 2185 1444 2265 sequitur
1485 2192 1556 2243 ut
1586 2182 1825 2262 reliqua
1853 2188 1943 2239 te-

165 2282 459 2342 stimonia
509 2297 1005 2362 percenseamus3
1062 2302 1325 2363 quorum
1366 2284 1640 2344 maxima
1680 2299 1824 2362 pars
1867 2297 1944 2339 ex

167 2380 388 2441 eodem
443 2401 661 2460 genere
715 2392 860 2443 sunt
910 2382 1248 2446 laudativo.
1335 2381 1546 2445 Cicero
1589 2384 1655 2442 in
1699 2380 1942 2458 dialogo

169 2481 248 2541 ‘de
299 2482 534 2561 legibus
578 2480 807 2555 Quinto
850 2482 1057 2558 fratri,
1099 2503 1283 2565 quem
1326 2503 1465 2545 cum
1506 2482 1712 2544 Attico
1758 2479 1945 2540 collo-

170 2592 456 2662 quentem
497 2581 675 2656 facit,
718 2581 874 2643 hanc
915 2585 1258 2646 orationem
1299 2584 1543 2660 tribuit3
1597 2581 1946 2644 Athenae

168 2692 349 2743 tuae
391 2690 549 2743 tum
591 2682 836 2744 multa
877 2686 1170 2746 eximia
1198 2684 1572 2748 videntur
1607 2682 1946 2764 peperis-

170 2799 292 2858 se,
324 2791 481 2843 tum
521 2783 725 2844 nihil
763 2785 1041 2847 melius
1083 2787 1257 2847 illis
1299 2785 1745 2865 mysteriiS,
1787 2782 1945 2863 qui-

173 2880 313 2968 bus
378 2886 832 2964 exragresti
893 2889 1356 2969 immanique
1419 2887 1593 2948 vita
1645 2881 1947 2944 exculti

174 2981 273 3042 ad
324 2983 887 3048 humanitatem
940 2997 1013 3047 et
1063 2989 1410 3067 mitigati
1462 3001 1754 3057 sumus,
1805 2981 1945 3042 ini—

178 3081 446 3165 tiaque
497 3094 579 3147 ut
632 3086 1134 3168 appellantur
1186 3090 1302 3149 ita
1341 3103 1622 3150 revera
1661 3081 1945 3167 princi-

178 3181 317 3261 pia
375 3184 592 3246 vitae
661 3189 1168 3266 cognovimus
1202 3184 1312 3269 [⁶]‚
1380 3205 1623 3268 neque
1695 3182 1944 3245 solum

223 3326 225 3329 .
301 3293 319 3348 [
394 3293 519 3340 Haec
544 3298 763 3343 rhetorica
789 3305 858 3345 est
883 3315 967 3346 non
995 3304 1247 3405 grammatic
1224 3316 1275 3346 ca
1299 3301 1613 3373 interpretatio.
1669 3298 1772 3342 Initi
1773 3310 1801 3340 a
1817 3308 1946 3354 prae-

181 3365 312 3408 cipue
368 3352 536 3398 icantur
563 3372 729 3402 sacra
757 3358 829 3402 vel
856 3364 1130 3406 communiter
1196 3369 1321 3405 cuot
1297 3361 1436 3405 omnia
1463 3375 1575 3418 quae
1550 3359 1689 3403 einen
1661 3360 1804 3408 1m‚tur
1833 3352 1947 3398 unde

216 3411 326 3454 niit
336 3424 364 3454 a
392 3412 553 3469 pacis
565 3415 688 3468 ,iin
698 3417 784 3461 tia
813 3420 1140 3476 nuptiarum
1168 3422 1311 3465 Varro
1340 3420 1394 3464 R.
1424 3418 1477 3464 R.
1506 3420 1567 3464 11.
1595 3414 1637 3461 4.
1659 3416 1700 3460 9.
1729 3387 1804 3459 vel,
1821 3411 1945 3471 quasi
