2158 3848
829 212 1282 256 ORPHICA.
1825 197 1949 258 307

165 343 266 403 43.
294 342 373 423 [¹⁹]
429 344 525 401 cui
580 335 942 420 interpretes
1000 349 1348 419 opportune
1393 338 1686 400 adhibent
1729 342 1950 402 Aristi-

165 442 261 501 dis
305 444 773 501 testimoniumz‘
815 439 921 503 καὶ
963 436 1231 501 λεόντων
1273 437 1435 524 γάλα
1469 442 1766 525 ’ἀμέλγειν
1810 443 1952 506 ἂνέ-

162 542 324 619 θηκὲ
372 567 465 611 τις
522 544 695 622 αὐτῷ
751 538 1091 621 (Dionyso)
1146 541 1516 610 Λακωνικὸς
1559 539 1840 620 ποιητής,
1883 539 1953 600 id

75 678 77 681 .
161 650 255 699 est
298 639 573 699 Alcman.
653 640 753 698 De
796 638 1128 710 Pisandro,
1167 641 1278 720 qui
1322 639 1554 699 Rheam
1600 640 1955 723 Κυβελλίὸα

162 758 271 798 seu
324 743 720 825 Κυβεληγενῆ
782 738 1048 799 celebrat
1106 757 1204 819 ap.
1265 738 1477 820 steph.
1512 759 1582 800 s.
1626 741 1953 823 Κυβὲλεια,

161 839 417 899 dubium
464 850 558 899 est
598 851 806 899 utrum
851 849 1031 901 vetus
1075 841 1157 898 sit
1189 839 1528 901 Heracleae
1570 838 1835 922 scriptor
1861 858 1957 903 van
2027 918 2031 922 Ι

163 950 232 999 ut
270 939 536 1016 Heynio
595 942 802 1002 visum
846 939 993 998 Exc.
1037 939 1083 997 Ι.
1127 937 1207 996 ad
1250 941 1404 999 Aen.
1447 942 1524 999 Π.
1569 959 1629 1019 p.
1673 942 1817 1001 287.
1854 942 1957 1019 ju-

161 1041 300 1099 nior
343 1040 774 1101 LarandensiS.
803 1039 946 1100 'Sed
988 1037 1281 1097 indubius
1325 1048 1538 1098 auctor
1579 1039 1808 1113 Arion,
1852 1043 1958 1120 qui

158 1142 399 1220 primus
433 1138 1222 1216 omniumDithyrambum
1264 1149 1326 1197 et
1362 1140 1714 1201 nominavit
1755 1148 1818 1199 et
1848 1140 1958 1199 do-

163 1242 289 1298 cuit
341 1239 575 1300 Herod.
619 1240 667 1298 I.
712 1239 812 1299 23.
868 1240 987 1300 hoc
1031 1250 1124 1299 est
1165 1239 1483 1300 imitandis
1527 1239 1960 1302 bacchantium

160 1338 451 1418 tripudiis
504 1357 754 1401 novum<
797 1339 1110 1420 quoddam
1166 1341 1375 1420 poesis
1412 1351 1620 1419 ‘genus
1665 1341 1957 1401 condidit.

161 1439 327 1499 Huic
385 1458 620 1520 suppar
660 1439 1264 1502 AntheasRhodius
1322 1439 1604 1502 Cleobuli
1657 1444 1959 1524 sapientis

161 1540 487 1600 familiaris
531 1539 741 1605 πάντα
781 1543 898 1606 τὸν
939 1541 1086 1625 βίον
1119 1542 1505 1618 ἐδιονυσίαζε
1540 1547 1778 1624 ἐσθῆτα
1810 1549 1960 1607 Διο-

163 1641 468 1720 νυσιακὴν
525 1649 744 1725 φορῶν
775 1640 878 1723 [ἢ]
923 1643 1028 1705 καὶ
1070 1644 1333 1714 πολλοὺς
1375 1645 1624 1726 τρέφων
1669 1642 1960 1726 συμβάκ-

158 1760 329 1820 χους·
377 1745 546 1827 ἐξῆγε
589 1741 660 1805 δὲ
702 1750 920 1824 κῶμον
964 1744 1059 1806 ἀεὶ
1101 1745 1246 1824 μεθ’
1291 1744 1530 1826 ἡμέραν
1572 1745 1678 1807 καὶ
1710 1741 1960 1827 νύκτωρ

165 1879 249 1887 —-
291 1842 398 1903 καὶ
439 1841 773 1924 κωμῳδίας
818 1843 1003 1905 ἐποίει
1046 1844 1154 1905 καὶ
1198 1845 1353 1905 ἄλλα
1381 1880 1465 1889 -—
1493 1845 1535 1906 δὲ
1580 1848 1787 1926 ἐξῆρχε
1818 1850 1960 1932 τοῖς

162 1943 302 2024 μετ’
361 1942 557 2004 αὐτοῦ
617 1941 1038 2027 φαλλοφόροις
1079 1941 1303 2003 Athen.
1348 1942 1426 2005 X.
1471 1941 1616 2003 445.
1661 1943 1730 2003 B.
1778 1963 1961 2024 quem

163 2042 367 2101 locum
413 2043 530 2102 etsi
570 2061 698 2102 non
735 2046 1173 2121 gravissimu-m
1215 2062 1349 2103 esse
1386 2054 1599 2126 putem
1641 2047 1810 2123 (nam
1847 2044 1959 2104 illo

162 2142 458 2203 illiterato
511 2152 792 2223 tempore
831 2154 961 2204 tam
998 2145 1266 2206 levicula
1300 2163 1399 2204 res
1437 2147 1548 2207 vix
1581 2146 1777 2230 literis
1819 2163 1962 2204 con-

164 2244 403 2319 signata
445 2247 562 2321 est)
606 2253 817 2303 tamen
859 2246 926 2303 in
970 2244 1230 2304 historia
1254 2242 1650 2304 Comicorum
1683 2254 1963 2326 praeter-

164 2344 329 2401 mitti
387 2344 580 2402 miror
608 2344 716 2424 [*].
804 2344 886 2403 Et
929 2344 1025 2404 his
1071 2345 1461 2425 temporibus
1505 2345 1769 2405 fortasse
1811 2347 1963 2405 assi-

166 2441 394 2520 gnandi
438 2453 582 2502 sunt
612 2443 854 2520 Hymni
886 2443 1208 2513 Homerici
1242 2444 1410 2505 XIII.
1447 2455 1509 2505 et
1540 2444 1768 2506 XVIII.
1812 2463 1961 2526 quo-

165 2562 305 2603 rum
351 2561 510 2603 unus
551 2539 618 2602 in
663 2541 925 2603 deorum
968 2555 1230 2605 matrem
1276 2547 1541 2627 scriptus
1587 2555 1711 2606 est:

307 2640 342 2719 ᾗ
378 2643 641 2718 κροτάλων
676 2646 917 2701 τυπάνων
953 2648 1005 2702 τ’
1046 2649 1166 2720 ἰαχὴ
1203 2647 1296 2704 σύν
1332 2669 1385 2704 τε
1419 2649 1620 2723 βρόμος
1657 2651 1825 2706 αὐλῶν

306 2731 510 2798 εὔαδεν,
549 2731 642 2800 ἠδὲ
674 2729 842 2786 λύκων
876 2734 1067 2804 κλαγγὴ
1096 2741 1346 2806 χαροπῶν
1382 2758 1435 2790 τε
1467 2734 1704 2791 λεόντων.

285 2890 347 2948 [†]
379 2890 599 2948 Vulgatae
638 2890 815 2934 lectioni
855 2894 1066 2937 λεοντεου
1095 2895 1359 2938 παλαθεισα
1388 2895 1627 2951 proximum
1658 2899 1726 2937 est
1755 2898 1962 2941 λεοντέου

169 2944 288 3006 γάλα
322 2946 578 3003 πλᾶθοισα,
618 2963 731 3006 quae
771 2950 826 2993 de
870 2951 1043 3007 Cyrene
1079 2956 1156 2995 aut
1184 2952 1391 2996 Atalante
1432 2954 1579 3009 aliqua
1616 2952 1706 2995 dici
1735 2953 1961 3007 videntur3

169 3020 431 3108 pfldugscam
459 3008 642 3052 dedecet
670 3008 786 3051 casei
816 3010 1045 3064 confectio,
1076 3011 1133 3054 ad
1163 3026 1290 3068 quam
1318 3012 1530 3055 invitatur
1560 3010 1750 3056 Galatea
1772 3013 1961 3056 Theocr.

290 3122 386 3181 [Η]
417 3124 586 3169 Similia
624 3125 679 3168 de
721 3125 930 3182 Magnete
965 3127 1262 3186 antiquissimo
1294 3128 1624 3184 Smyrnaeorum
1654 3134 1786 3187 poeta
1813 3135 1963 3174 narrat

173 3182 385 3225 Nicolaus
413 3181 706 3228 Damascenus
736 3199 779 3242 p.
809 3184 910 3228 450.

294 3240 348 3297 [⁸]
397 3240 730 3286 Celeberrimum
773 3247 839 3286 est
877 3243 1020 3288 Rhodi
1063 3246 1264 3302 templum
1302 3244 1449 3287 Liberi
1489 3245 1632 3289 Patris
1670 3247 1797 3290 Diod.
1837 3247 1959 3291 XIX.

174 3297 244 3342 45.
285 3299 466 3342 Lucian.
510 3301 655 3345 Amor.
695 3305 735 3356 §.
777 3301 818 3344 8.
856 3301 955 3345 264.
997 3304 1054 3347 Τ.
1097 3305 1174 3346 IV.
1215 3308 1297 3346 etc.
1338 3303 1606 3360 Hesychius:
1662 3305 1896 3356 Θυωνίδας
1936 3305 1960 3349 ὁ

176 3354 398 3407 Διόνυσος
427 3357 552 3417 παρὰ
577 3358 765 3410 Ῥοδίοις
795 3358 898 3410 τοὺς
927 3366 1138 3413 συκίνους
1171 3359 1390 3416 Φάλητας.

1459 3438 1543 3498 20
1588 3441 1621 3480 *
