2158 3848
776 229 1229 276 onrnch.
1765 218 1893 280 417

115 367 383 426 formam
424 371 713 424 revocata
753 332 1001 429 fueiint,
1044 357 1427 436 interpositis
1465 360 1769 435 ejusmodi
1792 383 1893 423 ex-

118 464 342 536 ordiiS‚
429 460 650 540 quibus
718 476 908 519 unum
980 454 1061 515 ad
1129 455 1393 514 alterum
1447 457 1780 518 referretur
1834 471 1898 521 et

119 564 296 644 quasi
328 560 851 638 agglutinaretur,
917 555 986 616 id
1029 556 1184 615 scire
1225 557 1461 615 nemini
1517 574 1897 634 concessum3

117 660 229 722 sed
270 662 477 741 ipsum
532 657 691 717 illud
735 663 824 719 »Εἰ
852 655 934 719 ’δὲ
978 655 1317 742 γεωπονίης
1360 658 1664 718 sermonis
1710 660 1902 718 conti-

117 762 291 821 nuati
332 758 631 819 indicium
674 756 958 838 praebet,
1012 775 1213 835 neque
1253 755 1612 816 incredibile
1653 757 1902 820 videtur

115 862 254 921 illas
297 860 520 937 viginti
575 868 839 939 quatuor
894 855 1296 936 rhapsodiaS,
1358 875 1618 935 quarum
1661 867 1910 935 veteres

115 961 530 1022 meminerunt
573 959 660 1040 (v.
705 958 770 1017 P.
813 958 890 1017 Π.
936 954 1001 1016 C.
1033 955 1104 1014 V.
1141 953 1194 1036 ξ.
1231 953 1335 1032 5.),
1378 957 1470 1014 ita
1510 956 1703 1016 fuisse
1743 959 1905 1016 inter

122 1080 190 1121 se
235 1068 551 1120 contextas
584 1068 667 1117 -ut
707 1066 916 1137 partes
967 1057 1150 1114 unius
1205 1056 1479 1133 corporis
1534 1073 1668 1114 esse
1712 1075 1906 1136 appa-

119 1169 314 1234 reret,
377 1178 560 1239 quam
604 1155 684 1215 ad
726 1175 858 1215 rem
902 1163 1036 1214 tum
1077 1154 1251 1212 illam
1298 1153 1688 1231 Theogoniae
1730 1173 1908 1234 prae-

118 1260 419 1320 sationem
433 1267 442 1321 J
461 1253 840 1334 Δωδεκάτην
898 1254 978 1333 δὴ
1035 1251 1222 1332 τήνδε
1282 1254 1479 1334 παραὶ
1538 1253 1637 1317 σέο
1691 1257 1910 1320 ἔκλυον

120 1357 334 1443 ὀμφήν
383 1362 468 1436 (v.
515 1352 580 1415 G.
625 1354 714 1437 V.¹
743 1351 798 1434 ξ.
848 1352 929 1434 l.)
972 1363 1106 1411 tum
1150 1353 1310 1412 hanc
1350 1353 1594 1413 Musaei
1638 1356 1910 1435 appella-

121 1459 360 1519 tionem
385 1481 406 1495 *
432 1453 799 1515 idemtidem
865 1454 1200 1533 repetitam
1241 1457 1320 1531 {et
1375 1453 1737 1514 Palinodiae
1788 1457 1913 1536 ipsi

120 1559 526 1639 praemissam
593 1561 905 1635 spectasse
974 1553 1239 1612 arbitror
1254 1551 1348 1634 [gJ.
1436 1553 1560 1614 Sed
1613 1555 1748 1632 jam
1802 1555 1912 1614 ho-

123 1677 343 1718 runcce
382 1656 751 1718 'carminum
815 1654 1152 1734 particulas
1219 1671 1331 1733 per
1398 1663 1674 1714 saturam
1689 1654 1695 1694 ‘'-
1740 1655 1917 1724 exhi-,

124 1756 304 1818 bebo.

242 1925 309 1982 [ε]
344 1924 483 1971 Simili
517 1923 706 1968 ‘nodam
749 1924 939 1967 artificio
981 1922 1176 1979 suspicor
1214 1928 1439 1979 poetarum
1480 1922 1696 1983 epicorum
1726 1926 1917 1968 carmina

128 1985 186 2030 ab
213 1983 321 2042 ipsis
351 1938 586 2041 separagm
613 1983 736 2026 effice
763 1984 850 2040 per*
875 1982 1171 2024 diasceuastas
1202 1981 1257 2023 ad
1288 1983 1472 2038 speciem
1503 1981 1617 2037 cycli
1647 1983 1850 2040 copulata
1873 1990 1919 2027 et

129 2059 240 2102 quae
270 2043 326 2097 ad
356 2041 949 2100 commissuramnecessaria
977 2041 1255 2093 viderentur,
1299 2040 1471 2095 adjecta
1500 2053 1621 2093 esse,
1652 2041 1919 2100 interpositis

126 2099 320 2146 und-'aut
335 2095 545 2158 'pluribus‘
573 2094 799 2153 versibus,
832 2099 987 2156 quibus
1014 2099 1139 2141 unius
1170 2099 1379 2155 poematis
1410 2098 1553 2141 exitus
1585 2099 1763 2142 alterius
1792 2115 1921 2144 exor—

129 2162 200 2205 dio
230 2161 284 2217 ad
393 2166 554 2216 retur,-
572 2159 695 2217 quod
714 2173 853 2216 vquom
883 2158 1013 2213 facile
1043 2158 1203 2200 effectu
1233 2157 1390 2209 fuerit,
1433 2157 1627 2214 exemplo
1658 2158 1847 2202 Timolai
1877 2166 1923 2203 et

131 2218 255 2263 Idaei
337 2217 456 2261 hodii
496 2214 722 2270 docemur,
763 2231 942 2272 quorum
971 2222 1154 2271 uterque
1184 2213 1366 2270 singulis
1395 2215 1575 2258 Homeri
1603 2217 1803 2261 versibus
1833 2218 1922 2260 sin-

131 2279 256 2335 gulos
294 2287 403 2319 auos.
435 2275 659 2319 subtexuit
688 2275 935 2331 etquidem
965 2281 1044 2331 pez:
1070 2280 1205 2316 totam
1234 2272 1414 2315 Iliadem
1444 2278 1490 2315 et
1517 2273 1758 2330 Odysseam
1771 2307 1784 2329 ,
1826 2292 1922 2319 πα-

134 2332 375 2397 ρεμβαλὼν
415 2334 571 2395 ᾲτίχον
597 2336 765 2393 Δᾳῑίχῳ.
834 2332 988 2376 Iliadis
1025 2333 1070 2375 in
1101 2331 1355 2388 quibusdam
1383 2322 1698 2390 e‘xemplaribus
1728 2333 1810 2379 hoc
1838 2335 1924 2378 fuit

133 2392 356 2438 exordium
369 2402 385 2435 τ
476 2396 485 2417 ¹
882 2432 884 2434 ,
1731 2393 1734 2395 ’

258 2515 264 2521 ,
292 2468 380 2521 ιὩς
406 2472 454 2515 οἵ
478 2469 518 2529 γ’
553 2463 793 2529 ἀμφίὲπον
821 2464 972 2540 τάφον
990 2466 1226 2526 Ἕκτορος·
1258 2460 1371 2519 ἦλθε
1403 2466 1443 2511 6⁰
1472 2465 1679 2526 Ἀμαζών

293 2525 455 2589 ’Ἀρηος
483 2525 689 2593 θυγάτηρ
717 2528 1033 2587 μεγαλητορος
1056 2523 1390 2589 ἀνδροφόνοιο.
1818 2581 1819 2585 ¹
1919 2582 1923 2585 .

135 2606 219 2667 quo
259 2602 564 2653 additamento
593 2595 854 2662 Amazonia,
879 2604 1008 2662 *q'uae
1049 2605 1208 2648 Suidas
1247 2605 1362 2648 inter
1391 2604 1567 2649 Homeri
1610 2599 1751 2664 opera
1774 2595 1926 2662 refert,

135 2667 268 2714 lliadi
318 2668 523 2717 subtexta
545 2666 808 2717 widenitur„
822 2700 825 2713 ἶ
841 2665 1124 2720 similiterque
1159 2664 1415 2721 Aethiopis,
1457 2664 1636 2708 Halosis
1676 2670 1722 2708 et
1763 2672 1923 2722 cetera,

136 2741 247 2784 quae
289 2725 344 2769 ad
387 2725 552 2782 cyclum
596 2724 834 2780 Trojanum
873 2723 1103 2780 pertinent.
1177 2723 1379 2766 Ceterum
1410 2723 1601 2766 arbitror
1630 2738 1782 2767 nomen
1812 2727 1926 2782 cycli

136 2785 338 2829 bifariam
367 2783 453 2827 dici
466 2817 479 2837 ,
508 2783 666 2841 partim
696 2782 758 2842 dp,
777 2783 956 2834 numero
986 2781 1219 2824 carminum
1249 2781 1513 2825 diversomm
1527 2814 1540 2834 ,
1586 2794 1699 2838 quae
1728 2784 1927 2827 similitu-

139 2843 238 2886 dine
279 2843 522 2899 argumenti
565 2840 873 2898 quodammodo
919 2844 1207 2896 congruerent
1248 2855 1328 2883 nec
1366 2844 1510 2883 tamen
1539 2840 1584 2882 in
1612 2856 1740 2883 unum
1758 2856 1926 2898 ,corpus

140 2901 281 2945 relata
318 2907 486 2954 essent,
527 2901 639 2943 sicut
678 2898 808 2942 hodie
828 2936 832 2941 .
850 2900 1087 2957 scriptores
1127 2911 1270 2942 rerum
1312 2900 1590 2955 Anglicarum
1605 2930 1618 2951 ‚
1659 2899 1925 2954 Italicarum,

140 2958 444 3004 Polonicarnm
466 2959 662 3016 plerique
691 2958 922 3016 separatim
951 2964 1127 3011 extant3
1157 2958 1314 3015 partim
1345 2957 1399 3000 de
1426 2957 1651 3014 complexu
1675 2963 1720 3000 et
1743 2958 1927 3002 collectu

144 3023 358 3062 certorum
397 3019 627 3061 carminum
671 3030 782 3072 quae
819 3031 846 3059 a
876 3017 1159 3060 diasceuastis
1189 3017 1232 3058 in
1263 3030 1388 3058 unum
1416 3016 1615 3058 volumen
1643 3017 1930 3074 transscripta

145 3082 279 3132 atque
317 3076 382 3120 ita
421 3077 506 3120 sibi
544 3074 867 3126 accommodata¹
895 3082 1064 3129 essent,
1094 3082 1144 3118 ut
1173 3076 1325 3127 seriem
1357 3074 1568 3130 quandam
1595 3073 1802 3122 historiae
1832 3077 1930 3119 effi-

147 3138 324 3187 cerent,
369 3133 529 3179 additis
542 3167 555 3188 ,
587 3147 698 3191 quae
728 3132 784 3176 ad
811 3131 1105 3190 integritatem
1137 3133 1398 3176 narrationis
1427 3132 1649 3186 deessent,
1680 3134 1929 3179 contrariis-

177 3206 232 3235 ue
258 3191 432 3245 recisis,
476 3193 591 3250 quod
618 3193 664 3235 in
692 3191 767 3234 illo
798 3191 1015 3236 scribendi
1035 3207 1231 3248 genere,
1274 3206 1358 3247 quo
1390 3190 1560 3246 Cyclici
1588 3191 1655 3235 usi
1683 3197 1808 3245 sunt,
1839 3193 1930 3236 sine

147 3207 277 3293 dubio
310 3248 512 3294 facillime
540 3250 658 3294 effici
701 3254 888 3312 poterat.
957 3250 1142 3297 Praeter
1179 3250 1299 3293 illum
1339 3255 1480 3292 autem
1518 3249 1818 3306 imaginarium
1859 3266 1930 3307 cy-

148 3308 260 3352 clum
289 3314 334 3352 et
363 3308 490 3362 hunc,
518 3309 591 3366 qui
620 3323 701 3367 pro
732 3309 940 3364 cujusque
970 3309 1108 3369 copiis
1136 3309 1260 3352 modo
1289 3308 1415 3365 plura
1443 3308 1567 3352 modo
1597 3309 1803 3365 pauciora
1833 3323 1931 3352 car-

149 3366 261 3411 mina
289 3365 562 3421 continebat‚
591 3367 761 3420 tertius,
793 3372 841 3408 ut
872 3365 1047 3423 opinor,
1079 3369 1163 3411 fuit
1193 3368 1232 3409 is
1262 3368 1385 3423 cujus
1413 3372 1566 3411 auctor
1596 3367 1819 3411 ferebatur
1839 3367 1932 3410 Ho-

1512 3441 1596 3499 27
