2158 3848
705 243 1286 290 ΕιΕυειΝιΑ.
1767 238 1894 298 227
1978 307 1981 313 A

115 386 222 444 nio
265 381 559 459 adsignat.
644 376 747 440 Ad
788 376 1062 437 similem·
1109 392 1294 434 usum
1351 389 1750 457 comparatae
1799 385 1894 444 vi·
1984 436 1985 439 ,

118 484 338 544 dentur
390 481 814 540 Romanorum
865 475 1228 536 subsiles.
1335 474 1559 536 Festus
1624 498 1684 559 p.
1751 481 1893 543 539.

109 580 498 644 Subsilles
559 589 772 656 sunt,
845 593 1038 657 quas
1090 575 1329 636 aliter
1383 578 1714 657 ipsilles
1764 600 1894 641 vo-

107 691 310 755 cant,
370 679 740 740 lamellae
792 679 1315 738 necessariae
1354 679 1636 753 sacris,
1696 700 1895 760 quae

106 781 200 843 ad
254 800 412 840 rem
469 779 817 842 divinam
888 778 1253 838 conferre
1319 777 1687 840 dicuntur
1742 800 1896 841 ma-

103 884 348 954 xime,
418 882 683 961 specie
736 872 991 941 virum
1063 888 1139 938 et
1197 879 1634 940 mulierum.
1720 881 1895 941 Idem

101 1001 162 1062 p.
189 978 334 1042 295.
377 980 806 1061 Ipsullices
851 979 1221 1039 bracteae
1263 982 1342 1038 in
1385 981 1708 1041 virilem
1750 1002 1898 1042 mu-

33 1092 39 1096 “
102 1081 584 1160 liebremque
627 1082 966 1161 speciem
1004 1070 1574 1160 'c*o·nversae[†],
1616 1080 1725 1140 ubi
1754 1081 1898 1141 Sca-

103 1183 255 1260 liger
310 1182 630 1263 ipsiplices
663 1182 957 1260 reponit,
1031 1178 1205 1259 quod
1263 1197 1496 1239 nomen
1565 1182 1632 1238 in
1695 1181 1897 1241 GlosS.

104 1282 207 1341 Gr.
251 1282 387 1341 Lat.
414 1323 418 1327 -
444 1280 824 1344 aduinwzoe
861 1277 1073 1362 ’φύλλα
1127 1278 1426 1339 redditur.
1512 1279 1680 1341 Num
1726 1292 1898 1343 vete—

101 1382 272 1442 ribus
313 1390 493 1441 notas
544 1380 740 1440 fuisse
792 1378 1057 1461 putabat
1101 1380 1255 1440 illas
1311 1389 1545 1441 ceratas
1600 1381 1899 1457 bracteas),

102 1501 251 1563 quas
296 1482 722 1554 circulatores,
768 1482 943 1560 quasi
988 1479 1077 1540 ad,
1113 1481 1614 1561 explorationem
1659 1492 1898 1565 tem-pe-

103 1592 554 1654 ramentorum,
624 1581 909 1641 manibus
967 1583 1494 1641 circumstantium
1549 1584 1899 1664 imponunt,

105 1684 576 1763 complicaturas
622 1701 757 1741 sese
800 1683 995 1759 magis
1050 1683 1337 1740 minusve
1398 1700 1514 1761 pro
1562 1675 1765 1743 calore
1811 1695 1900 1744 te-

104 1783 345 1842 nentis&
431 1783 503 1840 In
546 1781 713 1842 Nott.
771 1781 853 1840 ad
913 1780 1107 1841 Catal.
1162 1802 1223 1861 p.
1268 1781 1371 1840 74.
1429 1781 1678 1843 easdem
1738 1788 1901 1844 auri-

104 1884 299 1964 plices
347 1882 539 1941 dictas
585 1892 766 1961 putat
810 1892 872 1940 et
899 1881 1031 1939 ‘hoc
1074 1899 1301 1939 nomen
1347 1883 1619 1941 restituit
1652 1885 1719 1942 in
1762 1904 1901 1946 ver-

106 1983 273 2043 sibus
329 1982 550 2042 Laevii
606 2001 704 2061 ap.
759 1979 1004 2060 Apulej.
1059 1980 1243 2060 Apol.
1300 1961 1446 2041 4'55.
1503 1982 1613 2042 ubi
1670 1963 1902 2063 philtra

0 2153 3 2161 μ
104 2092 554 2143 enumerantur.
642 2080 995 2141 Gerhardus
1024 2080 1283 2142 Vossius
1312 2083 1380 2141 in
1403 2083 1615 2161 Etym.
1659 2103 1721 2163 p.
1753 2083 1898 2143 269.

0 2166 2 2176 ’
66 2180 72 2186 ’
105 2203 334 2243 nomen
376 2182 692 2262 ipsullices
738 2181 815 2240 ab
859 2183 997 2262 ipse
1034 2192 1095 2242 et
1130 2183 1264 2241 ilex
1303 2185 1717 2264 compositum
1747 2185 1902 2243 ima-

108 2284 395 2362 gunculas
450 2283 788 2360 significare
850 2283 1174 2341 existimat
1226 2302 1263 2341 a
1304 2282 1502 2359 Magis
1559 2284 1761 2357 fictaS,
1829 2293 1901 2343 ut

111 2402 286 2455 eum,
349 2383 518 2459 cujus
577 2400 649 2440 ea
708 2382 914 2460 imago
974 2393 1162 2457 esset,
1218 2382 1576 2463 pellicerent
1618 2385 1683 2441 in
1730 2401 1900 2442 amo-

110 2503 260 2542 rem.
347 2484 520 2541 Isaac
565 2480 823 2540 Vossius
869 2482 947 2541 ad
996 2466 1215 2542 Catull.
1260 2503 1321 2563 p.
1366 2482 1470 2542 46.
1515 2493 1726 2542 narrat
1768 2503 1933 2554 rem·

113 2584 343 2643 nemini
390 2590 803 2661 compertam,
859 2584 1178 2662 pontifices
1236 2593 1298 2642 et
1341 2582 1543 2642 Salios
1599 2585 1664 2642 in
1709 2565 1915 2664 ponte

113 2683 371 2743 sublicio
434 2683 727 2742 saltantes
782 2686 972 2743 sacris
1018 2685 1147 2743 suis
1192 2682 1547 2743 adhibuisse
1592 2685 1899 2762 ejusmodi

113 2781 419 2857 bracteaS‚
481 2785 547 2842 in
592 2781 811 2862 quibus
866 2801 1201 2863 expressae
1245 2794 1449 2843 essent
1492 2783 1749 2844 deorum
1795 2787 1899 2844 he-

114 2899 408 2963 roumque
450 2884 746 2961 imagines
766 2883 860 2965 [²].
947 2882 1275 2943 Kircherus
1320 2886 1385 2942 in
1432 2883 1684 2963 Sphing.
1710 2884 1897 2962 Myst.

118 2998 179 3059 p.
219 2981 318 3041 41.
371 2982 449 3042 de
503 3001 650 3056 suo,
711 2993 781 3043 ut
833 2983 1027 3057 solet,
1090 2983 1303 3063 adjicit
1347 2984 1721 3043 characteres
1769 3005 1897 3044 ma-

232 3120 300 3178 [†]
330 3122 538 3168 Diversae
578 3124 677 3167 hinc
716 3124 913 3168 videntur
951 3127 1242 3170 sacerdotales
1275 3127 1504 3177 bracteae,
1537 3126 1730 3182 mysticis
1760 3127 1897 3170 literis

120 3178 378 3235 inscriptae,
406 3183 558 3240 quibus
588 3182 791 3238 Assyrios
829 3198 875 3226 se
905 3183 1021 3241 ipsos
1052 3185 1324 3228 sanctificare
1355 3199 1409 3226 ex
1439 3184 1682 3241 Porphyrio
1713 3193 1758 3228 et
1787 3187 1895 3229 Pro-

119 3236 215 3280 culo
245 3238 379 3281 tradit
405 3241 585 3284 Nicetas
616 3241 776 3283 comm.
807 3242 862 3284 ad
893 3243 1029 3299 Greg.
1059 3245 1171 3287 Naz.
1203 3244 1280 3285 Or.
1311 3243 1447 3285 XLII.
1478 3257 1520 3299 p.
1556 3241 1680 3290 1132.
1711 3244 1765 3287 D.

240 3295 304 3352 [⁸]
338 3296 533 3342 Obscure
568 3299 844 3355 Hesychiusz
883 3298 1099 3362 Πλάστρα
1140 3299 1300 3346 ἐνώτια
1343 3299 1370 3356 ἢ
1407 3304 1532 3346 θεῶν
1572 3299 1719 3345 τύποι.
1780 3302 1895 3344 Num

117 3354 419 3409 significantur
458 3356 627 3401 deorum
667 3358 761 3415 typi
798 3358 889 3400 sive
932 3359 1073 3418 clypei
1105 3360 1369 3418 pectorales,
1402 3375 1508 3416 quos
1541 3360 1660 3402 Galli
1692 3367 1737 3403 et
1766 3360 1896 3403 Isiaci

116 3413 368 3468 gestabant,
399 3429 453 3458 an
482 3415 593 3472 quod
623 3416 802 3459 Vossius
831 3418 997 3460 sentit?
