2158 3848
728 229 1311 279 annuuslNlA.
1834 223 1916 284 95

132 368 611 449 grammaticam,
657 368 1024 448 saepissime
1057 383 1305 426 sensum
1332 374 1664 446 pervertat.
1709 365 1916 442 Quum

131 469 306 532 verbi
358 485 541 531 causa
596 467 948 527 in.2Proculi
1001 467 1139 527 loco
1185 463 1454 546 quodam
1498 465 1590 547 (in
1632 466 1810 527 Polit.
1852 489 1915 549 p.

131 569 300 645 376.)
351 569 389 647 ἡ
446 568 604 638 δυὰς
657 566 938 651 προςήκει
990 575 1122 631 τῶν
1176 573 1416 649 νοερῶν
1470 567 1784 648 βασιλέων
1824 575 1916 650 τῷ

127 668 553 752 ὃημιουργικῷ
604 676 721 731 τοῦ
774 667 1048 742 παντὸς,
1104 666 1263 737 δυὰς
1303 666 1428 752 γὰρ
1473 666 1677 749 παρὰ
1719 667 1917 749 τῷδε

129 765 513 847 κάθηται,
571 768 725 850 φησὶ
776 769 849 831 τὸ
909 766 1121 854 λόγιον
1175 767 1281 829 καὶ
1333 766 1404 828 τὸ
1457 769 1778 849 κυβερνᾷν
1834 766 1916 830 τὰ

126 866 334 931 πάντα
389 868 495 930 καὶ
547 866 794 931 τάττειν
850 871 1112 931 ἕκαστον
1121 914 1142 940 ,
1213 862 1288 930 οὗ
1344 865 1585 945 ταχθὲν
1639 874 1916 930 νικῶσαν

125 966 242 1049 μὲν
287 968 532 1050 ἀρετὴν,
577 968 803 1032 κακίαν
846 967 915 1031 δὲ
946 968 1308 1048 ἡττωμένην
1345 966 1681 1039 ἀποδείξει,
1726 982 1915 1045 quum

124 1068 312 1144 igitur
365 1086 541 1127 casus
596 1069 869 1140 tulisset,
924 1076 994 1126 ut
1045 1085 1160 1146 pro
1217 1062 1292 1127 οὗ
1333 1067 1572 1145 ταχθέν
1626 1075 1916 1145 typogra-

122 1167 285 1247 phus
329 1170 405 1231 οὐ
446 1170 704 1248 ταχθέν,
749 1160 1037 1248 apposito
1082 1176 1312 1247 puncto
1358 1165 1586 1238 ederet,
1628 1165 1736 1224 ille
1761 1165 1916 1224 alter

122 1266 377 1326 Rufinus
446 1266 754 1345 ejusmodi
821 1267 1136 1327 oraculum
1207 1264 1606 1327 Chaldaicum
1666 1266 1915 1329 ‚concin-

122 1367 328 1428 navit:
1054 1358 1056 1360 ’

122 1479 273 1540 Δυας
305 1499 403 1550 γαρ
440 1500 583 1550 παρα
618 1482 750 1552 τῳδε
786 1485 1016 1549 καᾶηται
1052 1502 1135 1533 και
1182 1500 1381 1551 νοεραις
1418 1478 1697 1551 ἄστραπτει
1731 1497 1917 1545 τομαις

121 1585 206 1615 και
241 1584 300 1616 το
337 1569 587 1636 κυβερναν
622 1586 688 1617 τα
724 1587 895 1619 παντα
931 1588 1015 1618 και
1051 1587 1252 1619 ταττειν
1289 1564 1350 1618 οὗ
1384 1570 1596 1633 ταχθεν.
1624 1562 1689 1633 [f]

125 1674 187 1724 et
210 1674 590 1744 postremam
614 1667 797 1745 hujus
818 1667 1134 1727 Saturnini
1162 1669 1447 1728 carminis
1471 1677 1732 1747 partem,
1759 1684 1915 1745 quae

121 1765 432 1825 intellectu
479 1778 673 1840 caret,
717 1768 871 1827 nihil
917 1778 1230 1828 cunctatus
1275 1770 1363 1829 sic
1398 1767 1712 1843 {reddiditz
1757 1767 1915 1846 pla-

121 1865 292 1942 cing
343 1866 420 1924 in
481 1867 710 1926 order
766 1887 1006 1944 every
1060 1869 1307 1946 thing,
1362 1868 1615 1930 Which
1669 1868 1738 1926 is
1782 1875 1916 1925 not

117 1965 523 2044 regularly
584 1967 1046 2050 disposzedff]
1106 1987 1184 2027 ne
1237 1967 1467 2028 indicio
1529 1966 1779 2049 quidem
1834 1964 1916 2025 ad

117 2065 411 2125 lectorem
454 2067 651 2142 facte,
694 2066 859 2128 unde
902 2068 1012 2129 illa
1055 2068 1248 2131 Verba
1290 2075 1534 2153 νοεραῖς
1578 2066 1918 2152 ἀστράπτει

115 2173 336 2247 τομαῖς
378 2169 685 2241 sumserit,
729 2188 991 2248 quorum
1035 2170 1272 2229 nullum
1315 2171 1380 2228 in
1423 2170 1463 2228 l.
1502 2190 1549 2229 c.
1581 2170 1917 2245 vestigium

119 2275 290 2325 extat
330 2266 442 2326 sed
485 2287 520 2326 e
566 2265 803 2328 Comm.
836 2271 903 2329 in
939 2269 1097 2330 Tim.
1134 2271 1240 2329 111.
1276 2269 1419 2329 216.
1462 2269 1582 2329 huc
1615 2268 1915 2328 translata

117 2376 263 2426 sunt
278 2362 373 2446 [¹¹].
419 2366 629 2427 Alium
674 2367 952 2446 ejusdem
994 2369 1239 2429 Proculi
1281 2369 1487 2429 locum
1531 2371 1596 2428 in
1622 2369 1779 2428 Tim.
1804 2369 1911 2427 III.

125 2465 265 2526 167.
308 2475 587 2537 τοιοῦτος
627 2469 752 2554 γὰρ
799 2470 830 2531 ὃ
879 2473 1002 2532 ἐκεῖ
1041 2479 1191 2540 νοῦς
1233 2471 1354 2553 πρὸ
1401 2469 1706 2555 ἐνεργείας
1743 2473 1911 2552 ἐνερ-

34 2611 45 2615 -
118 2573 275 2650 γῶν,
320 2568 415 2629 ὅτι
455 2567 613 2649 μηδὲ
656 2572 1138 2652 προῆλθενᾶλῖ
1176 2574 1243 2633 ἐν
1275 2577 1679 2654 τῷπατρικῷ
1714 2573 1910 2652 βυθῷ

117 2675 231 2725 etc.
276 2665 578 2743 Taylorus
621 2662 724 2728 sic'
762 2673 1101 2745 truncavit,
1157 2680 1228 2730 ut
1283 2670 1531 2730 schema
1573 2668 1908 2731 Alabandi-

118 2785 276 2840 cum,
318 2785 534 2829 sensus
578 2779 784 2830 autem
828 2771 1033 2831 nullus
1077 2781 1402 2852 appareat:
1447 2771 1637 2852 Μηδὲ
1682 2778 1910 2853 προῆλ-

119 3005 205 3051 338
234 2949 296 3010 [f]
330 2954 461 3007 „The
489 2955 708 3012 privation
738 2957 788 2999 of
813 2963 965 2999 accent
987 2956 1023 2999 is
1046 2957 1120 2999 the
1148 2962 1308 3013 system
1331 2958 1380 3000 of
1399 2956 1471 3000 the
1494 2955 1683 2998 author“
1713 2954 1767 2998 T.
1789 2953 1909 2997 XVI.

235 3083 301 3139 [ε]
330 3086 455 3129 Haec
496 3086 637 3129 omnia
675 3087 809 3131 tacite
852 3088 1002 3131 sumsit
1045 3103 1071 3130 a
1112 3089 1325 3130 Kirchero
1367 3087 1476 3130 Oed.
1518 3088 1626 3142 Aeg.
1668 3086 1726 3131 T.
1765 3086 1824 3130 11.
1871 3102 1908 3129 c.

114 3139 200 3240 {11-
239 3156 283 3243 pi
339 3144 434 3188 131.
492 3146 566 3202 qui
618 3146 766 3189 eadem
816 3149 951 3191 verba
993 3147 1141 3190 eodem
1182 3148 1305 3190 modo
1348 3146 1521 3204 scripsit
1562 3154 1607 3190 et
1646 3145 1908 3204 interpreta—

139 3213 189 3240 ιιι
218 3214 264 3244 es
284 3233 296 3243 .

237 3270 301 3329 [Β]
330 3274 510 3344 „Eadem
552 3278 756 3333 leguntur
796 3291 836 3333 p.
877 3278 978 3321 200.
1019 3285 1159 3321 sumta
1198 3294 1252 3321 ex
1291 3277 1467 3320 oraculo
1508 3278 1622 3335 quod
1651 3277 1905 3321 Damascius

118 3333 310 3405 seryavit
340 3337 451 3435 ξὲἒι
479 3334 568 3394 γὰρ
600 3336 736 3390 ἀλκῆς
766 3335 1039 3395 ἀμφιφαοῦς
1077 3334 1269 3395 δύναμις
1300 3341 1477 3396 νοεραῖς
1506 3335 1794 3396 στράπτουσα
1825 3352 1902 3380 το·-

116 3404 244 3446 μαισι
278 3405 319 3447 p.
440 3425 450 3435 .
