2158 3848
269 224 394 283 380
799 237 1038 281 LIBER
1079 237 1509 291 SECUNDUS.

265 376 406 449 pter
449 368 654 431 varias
698 367 1014 427 stellarum
1039 363 1312 448 'picturas
1342 368 1446 429 vel
1471 371 1832 434 universum
1874 389 2047 432 mun-

266 467 415 528 dum
459 469 648 548 peplo
709 469 1085 540 assimilant,
1147 469 1322 529 velut
1365 469 1674 532 Eusebius
1734 471 1811 531 de
1854 471 2048 531 Laud.

268 566 476 628 Const.
521 568 623 626 VI.
668 568 813 626 728.
857 568 972 631 τὸν
1017 565 1352 649 σύμπαντα
1396 572 1672 652 οὐρανὸν
1682 618 1704 645 ,
1766 572 1901 635 οἷον
1943 573 2051 654 μέ-

262 694 388 754 γαν
431 670 662 730 πέπλον
704 666 1019 736 παντοίοις
1056 675 1303 752 γραφῆς
1330 667 1616 743 κάλλεσιν
1643 670 2048 755 ἐστεφάνωσε.

263 768 440 827 Philo
488 767 822 826 devSomn.
866 766 912 825 I.
960 786 1019 846 p.
1065 766 1165 825 92.
1211 766 1347 827 Vol.
1393 769 1465 828 V.
1510 771 1704 831 Pfeiff.
1765 772 1836 834 τὸ
1882 797 2050 854 παμ-

262 868 541 934 ποίκιλον
583 868 870 951 ὕφασμα,
914 867 1167 930 τουτονὶ
1208 867 1321 931 τὸν
1355 868 1611 951 κόσμον.
1670 854 2050 952 Porphyrius

263 968 341 1028 de
383 967 458 1028 A.
502 966 576 1030 N.
622 988 669 1027 c.
699 967 863 1027 XIV.
905 976 1037 1031 τῶν
1080 975 1367 1033 παλαιῶν
1408 971 1523 1034 τὸν
1567 973 1844 1056 οὐρανὸν
1886 979 2050 1055 εἰρη-

260 1068 466 1133 κότων
511 1069 644 1132 οἷον
687 1072 862 1131 θεῶν
906 1068 1222 1151 οὐρανίων
1265 1070 1649 1154 περίβλημα,
1684 1071 1864 1152 -quod
1892 1072 2050 1132 Hes-

261 1171 451 1230 selius
498 1169 578 1229 ad
603 1170 874 1228 Ennium
917 1189 977 1248 p.
1003 1169 1146 1228 201.
1192 1189 1268 1228 ex
1311 1173 1568 1251 antiqua
1595 1172 1829 1252 Orphei
1853 1171 2053 1231 Theo-

259 1273 426 1348 logia
469 1280 740 1330 sumtum
788 1271 1108 1348 opinatur,
1155 1269 1448 1350 deceptus
1476 1272 1930 1333 Platonicorum
1958 1290 2052 1330 ar-

260 1373 462 1449 gutiis,
551 1370 674 1430 Sed
733 1370 1015 1450 Orpheus
1073 1373 1209 1451 ipse
1274 1373 1342 1430 in
1394 1371 1665 1449 Hymnis
1722 1370 1892 1431 Xlx.
1955 1370 2052 1429 12.

259 1473 376 1531 hac
420 1472 787 1551 metaphora
829 1489 1006 1529 usus:
1079 1470 1406 1552 ὃιαρρήξας
1450 1473 1519 1535 δὲ
1572 1480 1814 1553 χιτῶνα
1844 1469 2053 1554 ὀὖρά-

258 1596 398 1636 νιον
461 1568 898 1654 προκάλυμμα.
956 1580 1036 1652 et
1106 1572 1489 1649 Pherecydes
1560 1572 1745 1631 deum
1810 1571 2054 1630 induxit

259 1672 478 1731 mundi
522 1672 697 1752 quasi
740 1671 1134 1753 προκέντημα
1177 1673 1243 1730 in
1285 1692 1492 1752 panno
1521 1672 1955 1745 delineantem,
1998 1673 2053 1731 si

258 1771 448 1832 modo
493 1782 658 1832 recte
700 1772 1073 1850 interpretor
1110 1772 1304 1832 verba
1330 1773 1784 1857 obscurissima
1809 1773 2052 1851 Fragm.

259 1894 320 1954 p.
365 1872 467 1932 41.
494 1873 645 1941 ’Ζὰς
688 1872 874 1933 ποιέει
904 1879 1105 1954 φᾶρος
1148 1875 1308 1959 μέγα
1351 1899 1415 1935 τε
1459 1874 1565 1936 καὶ
1607 1874 1803 1938 καλὸν
1843 1873 1949 1936 καὶ
1986 1877 2053 1937 ἐν

262 1976 436 2055 αὐτῷ
492 1972 784 2035 ποικίλλει
837 1979 961 2056 γᾶν
1018 1997 1083 2034 τε
1128 1975 1246 2035 ’καὶ
1298 1975 1571 2058 Ὼγῆνον
1624 1975 1731 2035 καὶ
1779 1971 2050 2058 Ὡγήνου

259 2072 542 2155 δώματα.
631 2071 919 2132 Neander
963 2073 1468 2154 (Entwickelung
1519 2072 1628 2132 der
1674 2074 1890 2132 Gnost.
1937 2072 2086 2157 Sy-v

259 2183 456 2232 steme
514 2193 574 2253 p.
631 2171 771 2252 65.)
832 2181 1034 2255 φᾶρος
1077 2174 1342 2233 *coelum
1399 2192 1532 2233 esse
1591 2175 2052 2253 interpretatur,

261 2274 428 2353 quod
470 2273 805 2353 Euripides
852 2272 1100 2354 Sisyph.
1144 2274 1190 2332 I.
1238 2273 1338 2333 34.
1396 2273 1632 2357 χρόνου
1676 2274 1872 2338 καλὸν
1914 2273 2052 2336 ποί-

2030 2730 2158 3431 ,

258 2383 445 2456 κιλμα
501 2385 716 2449 vocat,
803 2373 977 2433 illam
1035 2383 1243 2434 autem
1297 2373 1649 2459 ὑπόπτερον
1704 2376 1868 2460 δρῦν
1937 2364 2051 2434 na-

261 2487 479 2534 turam.
2049 2546 2052 2550 Ι

430 2574 532 2634 Ad
574 2574 849 2650 Dictyon
906 2573 1074 2653 quod
1120 2576 1370 2647 attinet,
1432 2575 1931 2636 Eschenbachius
1987 2595 2049 2654 p.

261 2673 362 2735 51.
408 2675 757 2755 suspicatur
803 2674 917 2732 hoc
963 2675 1230 2733 carmine
1290 2683 1421 2733 rete
1464 2670 1622 2734 illud
1667 2676 2050 2752 cosmogoni-

261 2795 398 2835 cum
456 2775 829 2834 celebratum
887 2788 1050 2847 esse,
1119 2793 1240 2854 quo
1295 2773 1606 2833 Vulcanus
1662 2774 1930 2836 Martem
1988 2786 2051 2836 et

260 2876 595 2949 Venerem,
651 2874 721 2933 id
765 2884 890 2947 est,
931 2874 1305 2952 Demiurgus
1348 2885 1605 2934 naturae
1652 2878 2047 2936 contrarieta-

262 2988 353 3037 tes
400 2977 743 3055 colligavit,
789 2973 956 3054 quod
999 2975 1179 3035 facile
1225 2975 1566 3050 crederem,
1610 2978 1665 3035 si
1706 2996 1831 3036 non
1855 2978 2051 3038 Bron-

261 3105 465 3160 Apsinem
503 3105 599 3147 Art.
641 3103 772 3145 Rhet.
815 3117 859 3159 p.
891 3100 992 3145 713.
1036 3107 1129 3152 τοῖς
1158 3103 1362 3175 ἀρχαίοις
1402 3104 1480 3147 καὶ
1523 3103 1664 3152 ξένοις
1692 3106 1783 3147 τῶν
1811 3101 2048 3176 ὀνομάτων

262 3179 477 3235 καταμιαι
464 3167 575 3205 ι’νειν
613 3160 662 3206 τὸ
704 3164 838 3219 σῶμα
873 3162 950 3211 τῆς
990 3162 1147 3211 λέξεως
1188 3165 1264 3206 καὶ
1292 3160 1374 3217 τὴν
1389 3156 1528 3232 ἁφήν
1556 3162 1784 3218 legendum
1813 3169 1880 3206 est
1908 3159 2044 3221 ὑφήν.

262 3222 340 3263 Sic
381 3221 429 3265 τὸ
462 3224 595 3294 σῶμα
625 3223 700 3274 τῆς
729 3222 928 3278 ἰστοοίας
956 3226 1295 3278 καταμιαίνεται
1324 3216 1494 3269 τούτοις
1521 3221 1647 3263 Anna
1676 3221 1802 3265 Alex.
1833 3222 1912 3265 VI.
1947 3220 2045 3264 182.

263 3280 317 3322 Β.
361 3286 406 3322 et
445 3278 495 3323 τὸ
536 3277 655 3337 ὕφος
692 3281 769 3333 τῆς
807 3281 1022 3351 ἱστορίας
1022 3285 1359 3350 καταμιαίνειν
1398 3278 1454 3321 Χ.
1497 3279 1596 3322 289.
1641 3280 1697 3324 D.
1771 3281 1886 3324 Hinc
1929 3285 2045 3322 tex-

266 3344 375 3381 tum
417 3339 619 3390 dicimus,
665 3337 781 3393 quod
812 3337 974 3380 Graeci
1004 3334 1135 3395 ὕφος.
1166 3354 1209 3383 v.
1241 3339 1311 3382 Du
1344 3339 1481 3393 Cang.
1515 3338 1660 3382 Gloss.
1692 3354 1735 3397 Ρ.
1769 3338 1895 3383 1651.
1955 3336 2044 3380 Sed

266 3400 453 3455 φαίνειν
484 3393 646 3451 ἀοιδήν
674 3397 801 3440 Hom.
835 3396 920 3440 od.
954 3397 1077 3440 VIII.
1109 3398 1212 3442 499.
1244 3399 1434 3442 Theocr.
1467 3396 1544 3440 IX.
1577 3396 1646 3440 28.

2139 2646 2158 2756 -“).-÷

2148 3171 2158 3240 f
