2158 3848
236 199 360 259 362
775 211 1010 255 LIBER
1052 211 1478 256 SECUNDUS.

234 350 440 422 potest
478 357 667 419 genus
710 339 868 400 illud
912 339 1310 403 divinationis
1355 340 1521 422 quod
1548 342 1880 404 Pausanias
1909 342 2011 404 VI.

234 444 291 501 2.
335 442 642 525 μαντικὴν
686 444 748 512 ἐξ
791 443 1006 524 ἀρνῶν
1059 450 1274 515 vocat,
1341 460 1538 521 neque
1592 443 1863 504 alienum
1920 455 2013 504 est

233 540 309 600 ab
369 540 600 620 Orphei
655 560 952 621 persona,
1039 541 1144 619 qui
1198 541 1343 600 licet
1397 561 1642 602 omnem
1703 539 2010 603 lanienam

231 640 626 701 vehementer
669 639 1088 712 damnaverit,
1130 649 1336 700 tamen
1378 644 1514 722 ipse
1556 645 1622 704 in
1648 642 1875 721 Argon.
1906 644 2011 703 34.

229 740 485 799 Musaeo
529 757 640 798 suo
688 749 749 798 et
792 740 945 799 alias
987 741 1446 802 vaticinationis
1489 745 1626 804 vias
1666 742 2015 804 ostendisse

229 858 295 898 se
353 838 503 898 dicit
555 840 661 902 καὶ
713 841 751 920 ἢ
825 838 1199 926 σπλάγχνων
1250 842 1427 911 θέσις
1483 843 1626 905 ἐστί.
1726 844 2011 923 Denique

227 942 522 999 succurrit
565 940 1021 1022 ἅνεμοσκοπία,
1086 940 1165 999 de
1222 950 1549 1002 ventorum
1605 945 2011 1021 prognosticis

225 1060 285 1100 v.
330 1039 508 1100 Voss.
554 1039 632 1099 de
677 1039 830 1100 Idol.
872 1040 980 1102 111.
1031 1041 1126 1100 14.
1170 1060 1317 1100 nam
1371 1043 1437 1100 in
1476 1044 2009 1120 prognosticorum

225 1140 624 1220 scriptoribus
663 1140 927 1199 ineditis
989 1139 1274 1219 Orpheus
1341 1160 1585 1221 quoque
1651 1150 2012 1201 numeratur

225 1261 282 1301 v.
328 1240 567 1299 Fabric.
612 1260 672 1319 p.
724 1238 860 1299 159.
915 1240 1016 1300 vel
1063 1241 1519 1321 ἄστροσκοπία,
1580 1259 1703 1321 quo
1758 1241 2010 1300 nomine

222 1350 476 1399 utuntur
519 1339 807 1398 Hermias
852 1341 916 1397 in
961 1339 1216 1398 Phaedr.
1268 1341 1404 1400 109.
1470 1340 1733 1418 Syncell.
1782 1338 2005 1400 Chron.

220 1460 280 1520 p.
331 1439 426 1499 12.
473 1436 726 1498 Cedren.
771 1439 936 1498 Hist.
981 1458 1041 1518 p.
1091 1439 1187 1499 10.
1234 1441 1288 1499 b.
1337 1439 1503 1521 C.[*]

390 1540 466 1599 II.
523 1537 874 1624 Ἀργολικά,
930 1557 1044 1618 pro
1092 1540 1312 1618 quibus
1368 1540 1539 1598 solus
1581 1538 1847 1619 spondet
1888 1540 2005 1598 La—

220 1641 437 1713 scaris‚
496 1659 529 1698 e
572 1638 812 1698 familia
870 1640 1210 1699 carminum
1257 1639 1670 1720 Orphicorum
1713 1639 1847 1698 sine
1892 1637 2002 1697 du-

219 1740 322 1800 bio
365 1738 746 1802 removenda
790 1747 949 1798 sunt.
992 1776 1077 1784 —

385 1840 491 1898 III.
529 1837 989 1926 Ἀργοναυτικά.
1075 1838 1454 1917 Hujusmodi
1499 1839 1743 1899 carmen
1786 1838 1865 1898 ab
1891 1838 2005 1897 Or-

216 1940 378 2020 pheo
435 1939 749 1998 conditum
805 1957 969 2012 esse,
1036 1942 1348 2017 ignoravit
1390 1950 1551 1999 certe
1602 1938 2004 2015 Pherecydes,

217 2043 324 2120 qui
407 2049 659 2121 poetam
729 2041 982 2099 omnino
1055 2040 1548 2118 Argonautarum
1622 2039 2003 2121 expeditioni

215 2141 566 2200 interfuisse
623 2142 873 2217 negavit
927 2139 1127 2199 Schol.
1181 2141 1388 2221 Apoll.
1432 2140 1479 2200 I.
1537 2139 1639 2200 23.
1727 2137 2003 2222 ‹beomo-

215 2241 328 2320 ὃης
399 2239 798 2323 Φιλάμμωνά
871 2261 1024 2322 φησι
1101 2242 1207 2304 καὶ
1277 2243 1392 2305 οὐκ
1453 2242 1688 2324 Ὀρφέα
1765 2261 2000 2322 συμπε-

215 2342 556 2407 πλευκέναι.
645 2341 746 2400 De
786 2339 1249 2418 Argonauticis‚
1316 2360 1473 2422 quae
1527 2340 1716 2401 hodie
1768 2349 2006 2400 restant·

212 2443 390 2501 varia
454 2449 603 2500 sunt
652 2441 950 2520 longeque
1006 2441 1256 2501 dissona
1312 2441 1735 2514 Valckenarii3
1790 2440 2001 2504 Hem-

215 2541 522 2613 sterhusii‚
567 2541 935 2613 Ruhnkenii‚
979 2541 1322 2601 Hermanni
1367 2553 1429 2601 et
1465 2541 1517 2601 J.
1544 2542 1625 2602 H.
1657 2541 1866 2601 Vossii
1900 2542 2001 2618 ju-

216 2641 378 2702 dicia
432 2660 631 2719 nuper
690 2640 768 2699 ab
825 2638 1092 2700 Uckerto
1148 2641 1473 2701 recollecta
1526 2644 1592 2700 in
1649 2635 1996 2720 Geograph.

217 2742 429 2801 Graec.
474 2749 537 2798 et
580 2741 755 2800 Rom.
802 2741 872 2799 T.
916 2742 961 2799 I.
1021 2742 1086 2800 Ρ.
1129 2741 1205 2800 Il.
1251 2742 1394 2802 334.
1476 2741 1690 2821 Neque
1734 2741 1999 2801 arbitror

214 2852 322 2902 aut
375 2842 558 2919 hujus
613 2843 722 2901 aut'
775 2841 932 2901 alius
987 2843 1302 2922 scriptoris
1361 2851 1628 2902 aetatem
1682 2842 1870 2921 plane
1925 2841 1996 2900 li-

214 2942 401 3023 quido
461 2943 770 3021 explorari
824 2959 1039 3021 posse,
1107 2943 1226 3002 nisi
1284 2942 1577 3020 Syntaxis
1625 2961 1875 3020 graecae
1932 2950 1996 3000 et

215 3045 592 3122 singularum
620 3043 917 3102 orationis
947 3043 1218 3123 partium
1264 3059 1410 3102 usus
1453 3060 1579 3101 non
1619 3043 1994 3115 summatim,

335 3185 389 3241 [*]
421 3185 596 3227 Lexicis
638 3185 750 3227 adde
778 3181 1138 3242 ἀστεροσκοπικοέ
1169 3199 1253 3240 quo
1285 3185 1450 3227 nomine
1480 3185 1563 3227 fuit
1589 3185 1852 3228 Zoroastrae
1881 3184 1991 3226 liber

216 3260 285 3301 ap.
316 3243 438 3285 Suid.
470 3243 801 3301 ἆστεροσκοπία
830 3243 1034 3287 Artemid.
1066 3244 1124 3285 II.
1154 3243 1222 3285 26.
1259 3243 1354 3286 129.
1385 3244 1480 3286 Joh.
1502 3243 1729 3300 Philopon.
1761 3244 1815 3286 de
1840 3242 1987 3284 Creat.

219 3303 366 3346 Mund.
397 3303 474 3345 IV.
507 3302 572 3343 18.
603 3300 701 3344 588.
742 3300 1094 3360 ἀστεροσκοπεῖν
1136 3302 1257 3344 Sext.
1301 3315 1337 3345 c.
1367 3302 1527 3344 Astrol.
1557 3302 1609 3344 V.
1640 3300 1740 3346 342.
1769 3300 1987 3359 ἀεροσκο-

219 3366 300 3404 πιά
313 3361 498 3418 Syncell.
524 3361 604 3406 l.c.
630 3365 675 3404 et
699 3362 876 3404 latinum
907 3361 1285 3418 astroscopia
1315 3362 1470 3404 Acron.
1502 3361 1557 3403 ad
1586 3361 1741 3404 Horat.
1757 3358 1887 3402 Od.1.
1916 3357 1987 3400 28.

2152 2254 2158 2326 ι’,
