2158 3848
107 171 112 178 ⁷
214 193 339 251 602
720 201 957 245 menn
1000 200 1429 246 SECUNDUS.

207 338 432 415 inopes
474 348 695 392 isumus
750 340 1276 410 argumentorum,
1342 341 1542 390 utne
1573 333 1979 410 conjecturam

204 434 457 515 quidem
513 433 728 492 afferre
782 434 1090 512 possimus
1107 474 1123 503 ,
1176 446 1379 510 neq-ue
1439 441 1566 492 tam
1621 433 1902 514 instntmti
1924 452 1983 493 :xa

206 533 531 606 subsidiis,
575 542 646 590 ut
685 532 943 590 ulterius
987 531 1248 609 provehi
1285 532 1486 603 liceat,
1556 532 1803 605 Etenim
1847 551 1983 592 ver.-

211 654 390 694 suum
450 631 888 711 Orphicorum,
945 648 1095 709 quos
1149 630 1440 691 Proculus
1490 633 1983 711 caeteriquenae-

208 734 482 813 qualium
526 730 683 790 bene
724 731 955 789 multos
998 730 1292 804 afferunt,
1344 731 1513 809 apud
1555 737 1797 793 veteres
1841 733 1984 791 scri-

208 839 419 912 ptores
461 829 668 889 nullus
709 830 963 908 legitur-3¹
996 849 1198 909 neque
1234 829 1318 888 ab
1358 831 1482 889 hac·
1514 832 1766 910 quidem
1779 838 1987 910 spathe

211 931 542 1012 quidquam
600 930 833 1003 obstat,
887 928 1212 1009 quominus
1253 938 1451 989 totam
1494 931 1666 990 1113111
1706 932 1987 1011 :Theogoe

208 1034 376 1092 niam
430 1032 532 1093 vel
586 1049 627 1089 ‘a
677 1028 1011 1090 Platonicis
1065 1033 1218 1111 ipsis
1276 1031 1376 1091 vei
1430 1031 1640 1110 paullo
1687 1035 1838 1090 ante
1882 1049 1987 1090 eos

204 1134 619 1213 compositam
662 1131 987 1211 'putemus
1098 1129 1417 1189 Attamen
1441 1130 1616 1210 apud
1668 1131 1987 1207 Pkffnnem

202 1232 336 1292 duo
381 1234 660 1310 leguntur
707 1230 937 1311 Orphei
979 1249 1194 1292 versus
1231 1230 1317 1289 de
1358 1231 1606 1290 Oceani*
1629 1238 1690 1291 et
1714 1231 1987 1305 'Eethyos

204 1334 444 1413 nuptiis
483 1350 548 1393 v.
596 1329 648 1409 ξ.
683 1332 777 1389 12.
822 1335 973 1409 quos
1017 1349 1199 1389 nemo
1226 1330 1615 1408 Theogoniae
1635 1330 1986 1390 adnm-ibere

201 1431 608 1492 cunctabitur.
707 1427 919 1508 Neque
984 1430 1101 1488 hoc
1152 1432 1422 1488 unicum.
1461 1442 1571 1488 est·
1596 1432 1921 1489 carmini&
1948 1449 1988 1489 a

205 1533 466 1591 Platone
518 1530 664 1590 lecti
715 1528 1031 1588 indicium.
1133 1529 1585 1608 Namsqueoer
1629 1530 1750 1588 3113
1791 1529 1987 1608 Lyco-

208 1633 366 1712 phro
412 1650 620 1708 augur,
669 1649 848 1709 quem
891 1628 1059 1687 idem
1102 1630 1168 1688 in
1212 1629 1662 1709 Euthypzhrone
1704 1628 1987 1689 01111180(-

211 1741 375 1792 crate
421 1731 819 1790 disserentem
862 1728 1127 1802 inducit,
1185 1730 1380 1809 impio
1426 1731 1620 1808 patris
1666 1728 1988 1788 accusandi

211 1832 463 1891 consilio
520 1830 774 1889 deorum
833 1832 1291 1903 auctoritatem,
1347 1828 1522 1890 Jovis
1580 1831 1884 1908 imprimis
1931 1839 1991 1887 et

213 1933 492 2003 Saturni,
537 1927 914 2009 praetendit,
958 1945 1218 2007 quorum
1256 1904 1417 1987 alter
1459 1939 1698 2007 patrem
1744 1949 1988 1988 exsecu-

214 2034 347 2104 erit,
392 2032 547 2090 alter
587 2032 654 2088 in
700 2029 1024 2087 Tartarum
1069 2028 1394 2105 abjecerit,-
1411 2028 1780 2108 Socratique
1806 2045 1987 2108 quae-

212 2134 379 2194 renti
416 2128 716 2207 numquid
761 2149 1006 2201 eorum,
1052 2147 1207 2207 quae
1252 2127 1330 2186 de
1375 2127 1631 2186 deorum
1667 2129 1987 2190 discordiis

214 2240 308 2289 etx
347 2229 778 2288 certaminibus
837 2247 874 2287 a
928 2230 1128 2308 poetis
1185 2227 1307 2287 dici
1361 2238 1422 2286 et
1476 2231 1543 2287 in
1597 2231 1782 2289 sacris
1833 2231 1987 2310 ipsis

217 2331 421 2416 effingi
463 2329 729 2405 soleant,
765 2328 886 2387 fide
931 2327 1179 2405 dignum
1226 2327 1427 2400 ducat,
1470 2329 1577 2387 ille
1619 2348 1745 2389 non
1787 2329 1987 2388 solum

216 2430 366 2487 haec
420 2427 539 2487 sibi
592 2419 921 2506 verissima
973 2427 1174 2489 videri
1226 2413 1580 2508 profitetur,
1630 2404 1766 2488 sed
1801 2422 1987 2525 etiam

215 2529 338 2588 3113
381 2529 700 2602 atrociora,
744 2524 898 2606 quae
939 2530 1148 2604 ignota
1190 2529 1498 2608 plerisque
1526 2509 1851 2629 Socrates
1833 2529 1986 2615 ipse,

214 2631 269 2687 si
311 2625 651 2697 audiverit,
710 2627 1104 2685 vehementer
1146 2629 1228 2685 sit
1271 2607 1699 2685 admiraturus
1714 2616 1774 2705 p.
1777 2608 1874 2684 Β.
1919 2626 1984 2684 Β.

219 2749 266 2786 c.
313 2726 414 2785 VI.
471 2724 656 2798 Quod
713 2727 919 2784 nescio
963 2725 1113 2805 quid
1157 2745 1289 2785 esse
1330 2728 1530 2804 possit
1561 2727 1692 2784 nisi
1732 2725 1984 2787 Saturni

217 2821 501 2899 exsectio,
547 2824 758 2904 Zagrei
802 2826 1142 2884 interfectio
1189 2825 1585 2905 aliorumque
1616 2824 1869 2886 deorum
1891 2826 1983 2904 fa-

217 2929 428 2986 cinora
479 2927 546 2984 in
603 2925 968 2985 carminibus
1031 2925 1313 3004 Orphicis
1372 2943 1482 2983 nec
1537 2943 1818 3017 usquam
1836 2925 1982 2983 alibi

220 3025 465 3085 tradita.
521 3025 604 3083 Et
646 3026 801 3084 hanc
844 3027 1017 3104 quasi
1062 3023 1360 3084 officinam
1406 3026 1595 3084 fuisse
1638 3002 1983 3083 fabularum
2030 3098 2033 3102 Ι

218 3126 604 3185 abnormium
691 3134 753 3183 et
832 3135 1355 3184 monstruosarum
1372 3169 1388 3197 ,
1421 3191 1425 3196 .
1468 3126 1723 3184 clarius
1745 3112 1984 3189 indicat

219 3227 515 3285 Isocrates
571 3225 787 3303 Paneg.
846 3247 891 3285 c.
933 3225 1096 3285 XVI.
1142 3226 1282 3285 379.
1340 3225 1385 3283 P
1401 3244 1436 3283 o
1451 3245 1484 3283 e
1496 3236 1522 3284 t
1536 3244 1573 3284 a
1585 3245 1618 3283 e
1663 3243 1702 3304 q
1713 3215 1751 3283 u
1762 3223 1840 3282 id
1855 3242 1981 3310 em,

224 3327 453 3409 inquit,
539 3327 665 3405 qui
732 3328 1100 3400 servitia,
1187 3328 1394 3386 furta
1462 3334 1531 3384 et
1587 3323 1984 3384 adulteria

2143 2843 2158 3012 ·.-.-—s.5
