2158 3848
856 201 1305 243 oapnch.
1841 186 1965 243 763

205 330 326 402 dit,
381 347 505 389 non
548 327 702 389 adeo
748 345 785 386 a
829 327 1042 386 ceteris
1088 324 1405 408 discrepat.
1461 325 1618 386 Nam
1665 325 1967 388 Centima-

203 432 267 490 ni
329 429 635 493 Titanum}
671 427 1076 506 antiquissimi
1119 425 1392 500 fuerunt3
1449 425 1698 485 Titanes
1742 436 1967 500 autem,

203 531 346 607 quia
387 538 533 610 post
571 527 882 587 naturales
928 526 1097 600 deoS,
1141 523 1395 587 Goelum
1433 533 1495 584 et
1529 525 1813 598 Terram,
1843 529 1968 606 pri—

201 631 286 688 mi
317 631 589 688 extitere
629 627 867 706 quibus·
891 628 1145 687 nomina
1187 628 1441 707 propria
1485 636 1546 685 et
1589 627 1748 685 actio
1788 645 1967 705 quae-

199 727 339 787 dam
408 718 573 787 vitae
629 727 1023 800 tribueretur,
1090 728 1469 786 animantum
1529 727 1809 794 omnium⁴
1860 743 1969 804 pa-

196 836 397 885 rentes
453 826 645 886 habiti
702 838 873 899 sunt,
934 825 1452 906 quemadmodum
1506 809 1590 899 in*
1633 825 1967 886 Homerico

197 926 427 1002 hymno
473 925 698 986 dicitur
734 930 803 986 'in
850 926 1052 1007 Apoll.
1092 921 1240 986 335.

341 1066 551 1134 Τιτῆνές
587 1087 638 1118 τε
666 1068 789 1140 ’θεοὶ
829 1072 929 1118 τῶν
966 1066 1022 1128 ’ἐξ
1058 1057 1239 1135 ἄνδρες
1275 1087 1326 1117 τε
1364 1067 1484 1118 θεοί
1515 1086 1566 1117 τε

198 1192 257 1239 et
300 1182 685 1266 in·Orphico¹
723 1176 1010 1240 XXXVI.

340 1312 551 1375 Τιτῆνες
588 1337 655 1345 —-
691 1304 946 1378 ἡμετέρων
982 1303 1221 1377 πρόγονοι
1259 1304 1491 1375 πατέρων
1557 1337 1596 1343 v*

334 1391 485 1461 ἀρχαὶ
523 1394 607 1462 καὶ
644 1393 798 1462 πηγαὶ
838 1389 1043 1444 πάντων
1078 1395 1290 1460 θνητῶν
1329 1386 1696 1456 πολυμόχθων.

198 1519 438 1579 Deinde
484 1517 879 1579 Centimanos
922 1522 1093 1600 ipsos
1135 1488 1393 1579 fuerunt(
1426 1519 1528 1598 qui
1574 1528 1792 1580 ventos
1839 1536 1972 1579 esse

197 1620 483 1681 dicerent.
531 1639 590 1681 v.
638 1619 838 1680 Schol.
883 1620 1032 1681 Hes.
1068 1620 1292 1698 Theog.
1334 1619 1472 1679 139.
1515 1620 1587 1678 In
1630 1620 1746 1679 hoc
1788 1621 1973 1696 igitur

198 1740 409 1780 omnes
451 1723 871 1794 consentiunt,
917 1721 1299 1802 Tritopatres
1323 1721 1558 1798 generis
1584 1720 1838 1779 humani
1866 1737 1975 1778 au-

198 1832 393 1880 ctores
422 1840 572 1894 esse,
618 1824 753 1883 sive
775 1820 924 1881 deos
951 1824 1085 1882 sive
1112 1822 1394 1880 homines
1422 1840 1459 1880 a
1485 1820 1579 1879 dis
1607 1820 1972 1897 genitalibus

198 1924 377 2000 tertio
437 1921 630 1999 gradu
683 1930 880 1995 ortos3
954 1921 1117 1981 unde
1172 1924 1360 1982 etiam
1415 1920 1697 1979 nonnulli
1749 1936 1977 1979 nomen

196 2039 407 2079 eorum
455 2020 770 2082 derivasse
815 2020 1133 2097 videntur3
1178 2023 1286 2083 alii
1329 2021 1590 2080 fortasse
1635 2039 1672 2106 a
1714 2035 1974 2091 numero

195 2139 307 2179 suo
351 2130 608 2180 vocatos
650 2129 966 2200 putarunt,
1011 2131 1120 2181 aut
1163 2127 1345 2206 (quae
1390 2115 1849 2201 simplicissima
1881 2136 1975 2177 ra-

197 2219 312 2298 tio)
359 2221 503 2300 quia
545 2219 967 2304 τριτοπάτωρ,
1013 2222 1260 2282 Polluce
1304 2231 1491 2294 teste,
1545 2238 1853 2300 proavum
1897 2219 1975 2277 si-

196 2320 441 2398 gnificat
506 2321 686 2400 (sicut
755 2316 1080 2400 quartus
1147 2332 1366 2402 pater
1438 2320 1707 2381 abavum
1762 2316 1974 2396 virgil.

197 2420 347 2479 Aen.
407 2420 484 2481 X.
529 2420 700 2502 619.)
743 2423 966 2500 proavi
1010 2432 1217 2482 autem
1260 2424 1327 2482 in
1370 2422 1675 2499 majorum
1719 2435 1976 2477 numero

197 2522 608 2601 principatum
668 2521 979 2596 obtinent,
1036 2522 1200 2582 unde
1255 2525 1354 2594 fit,
1409 2530 1478 2579 ut
1534 2527 1742 2599 pater,
1801 2536 1976 2591 aVuS,

197 2639 468 2699 proavus
535 2623 786 2701 proprie
813 2690 828 2691 ff
852 2629 1053 2708 γονεῖς
1107 2622 1391 2683 dicantur
1447 2631 1509 2680 et
1561 2619 1752 2680 iidem
1808 2617 1976 2698 apud

196 2721 506 2785 Romanos
550 2719 836 2784 universe
877 2731 1277 2803 parentes3
1334 2721 1670 2801 eademque
1714 2718 1793 2778 de
1838 2737 1975 2778 cau-

198 2838 267 2879 sa
320 2819 722 2882 Athenienses
778 2824 1023 2901 ingenui
1077 2823 1411 2904 quamlibet
1467 2822 1693 2884 veteris
1751 2829 1813 2879 et
1864 2836 1975 2877 nu-

198 2938 475 2998 merosae
518 2925 863 3002 prosapiae,
909 2934 1116 2985 tamen
1160 2923 1327 2985 haud
1370 2924 1578 3005 plures
1622 2939 1811 3002 quam
1852 2921 1974 2979 tres

200 3018 516 3098 indigenas
572 3024 838 3101 majores
895 3026 1052 3085 ciere
1107 3025 1415 3098 solebant,
1471 3025 1623 3084 satis
1679 3021 1972 3082 habentes

202 3120 253 3176 Si
333 3123 396 3182 ἐκ
461 3124 776 3208 τριγονίας
850 3126 1168 3206 Ἀθηναῖοι
1241 3124 1593 3187 viderentur
1617 3123 1732 3205 [⁰⁰].
1848 3118 1972 3191 Sed

322 3287 404 3343 [00]
437 3290 561 3344 Apud
601 3290 753 3343 indos,
795 3302 843 3334 ut
882 3293 1171 3337 Philostratus
1211 3275 1358 3338 narrat
1379 3293 1440 3336 v.
1473 3293 1612 3351 Apon.
1644 3292 1702 3335 11.
1732 3289 1800 3333 30.
1831 3304 1871 3345 p.
1903 3287 1973 3329 80.

206 3346 238 3386 si
283 3344 354 3400 qui
385 3345 696 3405 philosophiam
728 3350 919 3406 profiteri
953 3354 1123 3405 volunt,
1166 3353 1342 3409 primum
1373 3358 1572 3410 parentes
1602 3364 1745 3394 eorum
1777 3349 1850 3405 qui
1880 3348 1970 3389 sue-
