<?xml version="1.0" encoding="UTF-8"?>
<!DOCTYPE html PUBLIC "-//W3C//DTD XHTML 1.0 Transitional//EN"
    "http://www.w3.org/TR/xhtml1/DTD/xhtml1-transitional.dtd">
<html xmlns="http://www.w3.org/1999/xhtml" xml:lang="en" lang="en">
 <head>
  <title>
</title>
<meta http-equiv="Content-Type" content="text/html;charset=utf-8" />
  <meta name='ocr-system' content='tesseract 3.04.00' />
  <meta name='ocr-capabilities' content='ocr_page ocr_carea ocr_par ocr_line ocrx_word'/>
</head>
<body>
  <div class='ocr_page' id='page_1' title='image "./aglaophamussived01lobeuoft_0147.png"; bbox 0 0 2158 3848; ppageno 0'>
   <div class='ocr_carea' id='block_1_1' title="bbox 0 1875 53 3848">
    <p class='ocr_par' dir='ltr' id='par_1_1' title="bbox 0 1875 53 3848">
     <span class='ocr_line' id='line_1_1' title="bbox 0 1875 53 3848; baseline 0 0"><span class='ocrx_word' id='word_1_1' title='bbox 0 1875 53 3848; x_wconf 95' lang='lat' dir='ltr'><strong> </strong></span> 
     </span>
    </p>
   </div>
   <div class='ocr_carea' id='block_1_2' title="bbox 730 231 1900 293">
    <p class='ocr_par' dir='ltr' id='par_1_2' title="bbox 730 231 1900 293">
     <span class='ocr_line' id='line_1_2' title="bbox 730 231 1900 293; baseline 0.008 -9"><span class='ocrx_word' id='word_1_2' title='bbox 730 241 1303 285; x_wconf 72' lang='lat' dir='ltr'><strong>ELEUSINIA.</strong></span> <span class='ocrx_word' id='word_1_3' title='bbox 1786 231 1900 293; x_wconf 80' lang='lat'><strong>131</strong></span> 
     </span>
    </p>
   </div>
   <div class='ocr_carea' id='block_1_3' title="bbox 38 371 1911 3455">
    <p class='ocr_par' dir='ltr' id='par_1_3' title="bbox 121 371 1907 1052">
     <span class='ocr_line' id='line_1_3' title="bbox 129 371 1905 458; baseline -0.001 -21"><span class='ocrx_word' id='word_1_4' title='bbox 129 377 339 458; x_wconf 87' lang='lat' dir='ltr'><strong>phiam</strong></span> <span class='ocrx_word' id='word_1_5' title='bbox 381 374 705 434; x_wconf 81' lang='lat' dir='ltr'><strong>teletarum</strong></span> <span class='ocrx_word' id='word_1_6' title='bbox 748 373 1054 442; x_wconf 48' lang='lat' dir='ltr'><strong>adstites</strong></span> <span class='ocrx_word' id='word_1_7' title='bbox 1096 371 1353 431; x_wconf 84' lang='lat' dir='ltr'><strong>initiatis</strong></span> <span class='ocrx_word' id='word_1_8' title='bbox 1398 375 1753 449; x_wconf 75' lang='lat' dir='ltr'>exposuisse</span> <span class='ocrx_word' id='word_1_9' title='bbox 1796 394 1905 456; x_wconf 89' lang='lat' dir='ltr'><strong>ap-</strong></span> 
     </span>
     <span class='ocr_line' id='line_1_4' title="bbox 127 469 1904 556; baseline 0 -19"><span class='ocrx_word' id='word_1_10' title='bbox 127 483 303 556; x_wconf 85' lang='lat' dir='ltr'><strong>paret</strong></span> <span class='ocrx_word' id='word_1_11' title='bbox 344 494 380 532; x_wconf 93' lang='lat' dir='ltr'><strong>e</strong></span> <span class='ocrx_word' id='word_1_12' title='bbox 403 474 670 534; x_wconf 78' lang='lat' dir='ltr'><strong>Theonis</strong></span> <span class='ocrx_word' id='word_1_13' title='bbox 712 473 869 546; x_wconf 85' lang='lat' dir='ltr'><strong>loco,</strong></span> <span class='ocrx_word' id='word_1_14' title='bbox 913 473 969 531; x_wconf 92' lang='lat' dir='ltr'><strong>si</strong></span> <span class='ocrx_word' id='word_1_15' title='bbox 1011 472 1147 553; x_wconf 83' lang='lat' dir='ltr'><strong>quis</strong></span> <span class='ocrx_word' id='word_1_16' title='bbox 1190 473 1310 531; x_wconf 85' lang='lat' dir='ltr'><strong>isto</strong></span> <span class='ocrx_word' id='word_1_17' title='bbox 1335 469 1523 531; x_wconf 91' lang='lat' dir='ltr'><strong>modo</strong></span> <span class='ocrx_word' id='word_1_18' title='bbox 1546 471 1904 553; x_wconf 83' lang='lat' dir='ltr'><strong>interprete-</strong></span> 
     </span>
     <span class='ocr_line' id='line_1_5' title="bbox 127 571 1903 658; baseline 0.002 -24"><span class='ocrx_word' id='word_1_19' title='bbox 127 583 244 648; x_wconf 77' lang='lat' dir='ltr'><strong>tur,</strong></span> <span class='ocrx_word' id='word_1_20' title='bbox 288 592 409 655; x_wconf 83' lang='lat' dir='ltr'><strong>quo</strong></span> <span class='ocrx_word' id='word_1_21' title='bbox 457 573 791 653; x_wconf 74' lang='lat' dir='ltr'>Chrysippi</span> <span class='ocrx_word' id='word_1_22' title='bbox 832 572 1028 635; x_wconf 86' lang='lat' dir='ltr'><strong>verba</strong></span> <span class='ocrx_word' id='word_1_23' title='bbox 1053 573 1264 652; x_wconf 72' lang='lat' dir='ltr'><strong>&#39;accipi</strong></span> <span class='ocrx_word' id='word_1_24' title='bbox 1304 571 1535 630; x_wconf 79' lang='lat' dir='ltr'><strong>solent:</strong></span> <span class='ocrx_word' id='word_1_25' title='bbox 1578 579 1654 652; x_wconf 82' lang='grc' dir='ltr'><strong>τῇ</strong></span> <span class='ocrx_word' id='word_1_26' title='bbox 1698 583 1903 658; x_wconf 79' lang='grc' dir='ltr'><em>τελετῇ</em></span> 
     </span>
     <span class='ocr_line' id='line_1_6' title="bbox 124 669 1906 757; baseline 0.001 -21"><span class='ocrx_word' id='word_1_27' title='bbox 124 677 321 737; x_wconf 71' lang='grc' dir='ltr'><em>ἔοικεν</em></span> <span class='ocrx_word' id='word_1_28' title='bbox 374 675 412 754; x_wconf 81' lang='grc' dir='ltr'>ἡ</span> <span class='ocrx_word' id='word_1_29' title='bbox 468 682 599 737; x_wconf 87' lang='grc' dir='ltr'><em>τῶν</em></span> <span class='ocrx_word' id='word_1_30' title='bbox 653 674 814 737; x_wconf 82' lang='grc' dir='ltr'><em>κατὰ</em></span> <span class='ocrx_word' id='word_1_31' title='bbox 870 672 1247 757; x_wconf 77' lang='grc' dir='ltr'><em>φιλοσοφίαν</em></span> <span class='ocrx_word' id='word_1_32' title='bbox 1301 669 1733 755; x_wconf 72' lang='grc' dir='ltr'><em>θεωρημάτων</em></span> <span class='ocrx_word' id='word_1_33' title='bbox 1785 698 1906 737; x_wconf 88' lang='grc' dir='ltr'><strong>πα-</strong></span> 
     </span>
     <span class='ocr_line' id='line_1_7' title="bbox 124 772 1906 861; baseline 0.001 -24"><span class='ocrx_word' id='word_1_34' title='bbox 124 772 378 858; x_wconf 73' lang='grc' dir='ltr'><em>ράδοσις</em></span> <span class='ocrx_word' id='word_1_35' title='bbox 431 782 566 837; x_wconf 87' lang='grc' dir='ltr'><em>τῶν</em></span> <span class='ocrx_word' id='word_1_36' title='bbox 620 799 686 836; x_wconf 85' lang='grc' dir='ltr'><em>τε</em></span> <span class='ocrx_word' id='word_1_37' title='bbox 741 783 1006 861; x_wconf 77' lang='grc' dir='ltr'><em>λογικῶν</em></span> <span class='ocrx_word' id='word_1_38' title='bbox 1047 773 1153 837; x_wconf 79' lang='grc' dir='ltr'><strong>καὶ</strong></span> <span class='ocrx_word' id='word_1_39' title='bbox 1195 781 1529 837; x_wconf 79' lang='grc' dir='ltr'><em>πολιτικῶν</em></span> <span class='ocrx_word' id='word_1_40' title='bbox 1570 772 1676 834; x_wconf 80' lang='grc' dir='ltr'><strong>καὶ</strong></span> <span class='ocrx_word' id='word_1_41' title='bbox 1719 795 1906 856; x_wconf 76' lang='grc' dir='ltr'><em>φυσι-</em></span> 
     </span>
     <span class='ocr_line' id='line_1_8' title="bbox 121 873 1907 957; baseline 0.002 -21"><span class='ocrx_word' id='word_1_42' title='bbox 121 881 269 937; x_wconf 81' lang='grc' dir='ltr'><em>κῶν·</em></span> <span class='ocrx_word' id='word_1_43' title='bbox 340 874 667 938; x_wconf 76' lang='grc' dir='ltr'><em>ἐποπτείαν</em></span> <span class='ocrx_word' id='word_1_44' title='bbox 733 874 803 937; x_wconf 75' lang='grc' dir='ltr'><strong>δὲ</strong></span> <span class='ocrx_word' id='word_1_45' title='bbox 877 874 1168 957; x_wconf 79' lang='grc' dir='ltr'><em>ὀνομάζει</em></span> <span class='ocrx_word' id='word_1_46' title='bbox 1219 875 1334 954; x_wconf 82' lang='grc' dir='ltr'><em>τὴν</em></span> <span class='ocrx_word' id='word_1_47' title='bbox 1388 873 1528 955; x_wconf 71' lang='grc' dir='ltr'><em>περὶ</em></span> <span class='ocrx_word' id='word_1_48' title='bbox 1579 874 1660 935; x_wconf 77' lang='grc' dir='ltr'><strong>τὰ</strong></span> <span class='ocrx_word' id='word_1_49' title='bbox 1713 877 1907 955; x_wconf 78' lang='grc' dir='ltr'><em>νοητὰ</em></span> 
     </span>
     <span class='ocr_line' id='line_1_9' title="bbox 122 973 1665 1052; baseline -0.003 -16"><span class='ocrx_word' id='word_1_50' title='bbox 122 973 228 1036; x_wconf 80' lang='grc' dir='ltr'><strong>καὶ</strong></span> <span class='ocrx_word' id='word_1_51' title='bbox 266 973 349 1036; x_wconf 79' lang='grc' dir='ltr'><strong>τὰ</strong></span> <span class='ocrx_word' id='word_1_52' title='bbox 393 977 591 1045; x_wconf 79' lang='grc' dir='ltr'><em>ὄντως</em></span> <span class='ocrx_word' id='word_1_53' title='bbox 635 977 790 1039; x_wconf 76' lang='grc' dir='ltr'><em>ὄντα</em></span> <span class='ocrx_word' id='word_1_54' title='bbox 832 976 898 1034; x_wconf 89' lang='lat' dir='ltr'><strong>in</strong></span> <span class='ocrx_word' id='word_1_55' title='bbox 939 974 1233 1033; x_wconf 88' lang='lat' dir='ltr'><strong>Mathem.</strong></span> <span class='ocrx_word' id='word_1_56' title='bbox 1279 994 1326 1031; x_wconf 88' lang='lat' dir='ltr'><strong>c.</strong></span> <span class='ocrx_word' id='word_1_57' title='bbox 1370 975 1415 1032; x_wconf 90' lang='lat' dir='ltr'><strong>I.</strong></span> <span class='ocrx_word' id='word_1_58' title='bbox 1459 993 1519 1052; x_wconf 91' lang='lat' dir='ltr'><strong>p.</strong></span> <span class='ocrx_word' id='word_1_59' title='bbox 1570 973 1665 1032; x_wconf 89' lang='grc'><strong>19.</strong></span> 
     </span>
    </p>

    <p class='ocr_par' dir='ltr' id='par_1_4' title="bbox 110 1068 1911 2954">
     <span class='ocr_line' id='line_1_10' title="bbox 291 1068 1910 1151; baseline 0.001 -17"><span class='ocrx_word' id='word_1_60' title='bbox 291 1073 458 1147; x_wconf 81' lang='lat' dir='ltr'><strong>Quid</strong></span> <span class='ocrx_word' id='word_1_61' title='bbox 510 1085 717 1138; x_wconf 88' lang='lat' dir='ltr'><strong>tamen</strong></span> <span class='ocrx_word' id='word_1_62' title='bbox 772 1083 866 1134; x_wconf 91' lang='lat' dir='ltr'><strong>est</strong></span> <span class='ocrx_word' id='word_1_63' title='bbox 917 1072 1068 1132; x_wconf 83' lang='lat' dir='ltr'><strong>illud</strong></span> <span class='ocrx_word' id='word_1_64' title='bbox 1085 1116 1103 1146; x_wconf 87' lang='lat'>‚</span> <span class='ocrx_word' id='word_1_65' title='bbox 1160 1071 1325 1151; x_wconf 90' lang='lat' dir='ltr'><strong>quod</strong></span> <span class='ocrx_word' id='word_1_66' title='bbox 1369 1068 1754 1151; x_wconf 81' lang='lat' dir='ltr'><strong>Chrysippus</strong></span> <span class='ocrx_word' id='word_1_67' title='bbox 1797 1076 1910 1139; x_wconf 80' lang='grc' dir='ltr'><em>τὸν</em></span> 
     </span>
     <span class='ocr_line' id='line_1_11' title="bbox 121 1171 1905 1258; baseline -0.002 -21"><span class='ocrx_word' id='word_1_68' title='bbox 121 1173 260 1257; x_wconf 81' lang='grc' dir='ltr'><em>περὶ</em></span> <span class='ocrx_word' id='word_1_69' title='bbox 314 1183 446 1238; x_wconf 85' lang='grc' dir='ltr'><em>τῶν</em></span> <span class='ocrx_word' id='word_1_70' title='bbox 472 1175 686 1239; x_wconf 73' lang='grc' dir='ltr'><em>,θείων</em></span> <span class='ocrx_word' id='word_1_71' title='bbox 744 1177 879 1236; x_wconf 84' lang='lat' dir='ltr'><strong>sive</strong></span> <span class='ocrx_word' id='word_1_72' title='bbox 920 1178 1096 1236; x_wconf 74' lang='grc' dir='ltr'><em>θεῶν</em></span> <span class='ocrx_word' id='word_1_73' title='bbox 1139 1171 1327 1258; x_wconf 80' lang='grc' dir='ltr'><em>λόγον</em></span> <span class='ocrx_word' id='word_1_74' title='bbox 1369 1173 1571 1232; x_wconf 87' lang='lat' dir='ltr'><strong>teletis</strong></span> <span class='ocrx_word' id='word_1_75' title='bbox 1615 1183 1905 1254; x_wconf 84' lang='lat' dir='ltr'><strong>tanquam</strong></span> 
     </span>
     <span class='ocr_line' id='line_1_12' title="bbox 118 1271 1906 1354; baseline 0.001 -22"><span class='ocrx_word' id='word_1_76' title='bbox 118 1275 444 1354; x_wconf 89' lang='lat' dir='ltr'><strong>proprium</strong></span> <span class='ocrx_word' id='word_1_77' title='bbox 498 1273 780 1352; x_wconf 80' lang='lat' dir='ltr'><strong>adsignat</strong></span> <span class='ocrx_word' id='word_1_78' title='bbox 832 1271 1299 1352; x_wconf 60' lang='lat' dir='ltr'><strong>argumentmn‘e</strong></span> <span class='ocrx_word' id='word_1_79' title='bbox 1359 1272 1501 1333; x_wconf 89' lang='lat' dir='ltr'><strong>Non</strong></span> <span class='ocrx_word' id='word_1_80' title='bbox 1555 1282 1719 1332; x_wconf 86' lang='lat' dir='ltr'><strong>certe</strong></span> <span class='ocrx_word' id='word_1_81' title='bbox 1772 1275 1906 1350; x_wconf 85' lang='lat' dir='ltr'><strong>hoc,</strong></span> 
     </span>
     <span class='ocr_line' id='line_1_13' title="bbox 118 1371 1907 1454; baseline 0.002 -23"><span class='ocrx_word' id='word_1_82' title='bbox 118 1371 284 1454; x_wconf 85' lang='lat' dir='ltr'><strong>quod</strong></span> <span class='ocrx_word' id='word_1_83' title='bbox 350 1373 536 1450; x_wconf 83' lang='lat' dir='ltr'><strong>vulgo</strong></span> <span class='ocrx_word' id='word_1_84' title='bbox 604 1373 888 1434; x_wconf 79' lang='lat' dir='ltr'><strong>creditur.</strong></span> <span class='ocrx_word' id='word_1_85' title='bbox 948 1372 1162 1433; x_wconf 84' lang='lat' dir='ltr'><strong>·-Nam</strong></span> <span class='ocrx_word' id='word_1_86' title='bbox 1233 1375 1288 1432; x_wconf 86' lang='lat' dir='ltr'><strong>si</strong></span> <span class='ocrx_word' id='word_1_87' title='bbox 1354 1372 1503 1452; x_wconf 90' lang='lat' dir='ltr'><strong>quid</strong></span> <span class='ocrx_word' id='word_1_88' title='bbox 1559 1373 1789 1436; x_wconf 80' lang='lat' dir='ltr'><strong>divinis</strong></span> <span class='ocrx_word' id='word_1_89' title='bbox 1843 1378 1907 1434; x_wconf 87' lang='lat' dir='ltr'><strong>in</strong></span> 
     </span>
     <span class='ocr_line' id='line_1_14' title="bbox 118 1471 1908 1550; baseline 0.001 -17"><span class='ocrx_word' id='word_1_90' title='bbox 118 1473 432 1550; x_wconf 82' lang='lat' dir='ltr'><strong>mysteriis</strong></span> <span class='ocrx_word' id='word_1_91' title='bbox 491 1472 725 1533; x_wconf 88' lang='lat' dir='ltr'><strong>dictum</strong></span> <span class='ocrx_word' id='word_1_92' title='bbox 782 1484 877 1534; x_wconf 88' lang='lat' dir='ltr'><strong>est</strong></span> <span class='ocrx_word' id='word_1_93' title='bbox 892 1517 909 1547; x_wconf 89' lang='lat'>‚</span> <span class='ocrx_word' id='word_1_94' title='bbox 961 1471 1031 1532; x_wconf 88' lang='lat' dir='ltr'><strong>id</strong></span> <span class='ocrx_word' id='word_1_95' title='bbox 1089 1482 1219 1532; x_wconf 89' lang='lat' dir='ltr'><strong>erat</strong></span> <span class='ocrx_word' id='word_1_96' title='bbox 1262 1472 1340 1531; x_wconf 91' lang='lat' dir='ltr'><strong>de</strong></span> <span class='ocrx_word' id='word_1_97' title='bbox 1385 1472 1487 1531; x_wconf 91' lang='lat' dir='ltr'><strong>dei</strong></span> <span class='ocrx_word' id='word_1_98' title='bbox 1528 1475 1629 1531; x_wconf 84' lang='lat' dir='ltr'><strong>cui</strong></span> <span class='ocrx_word' id='word_1_99' title='bbox 1670 1489 1769 1533; x_wconf 85' lang='lat' dir='ltr'><strong>res</strong></span> <span class='ocrx_word' id='word_1_100' title='bbox 1813 1490 1908 1534; x_wconf 84' lang='lat' dir='ltr'><strong>sa-</strong></span> 
     </span>
     <span class='ocr_line' id='line_1_15' title="bbox 121 1571 1906 1654; baseline 0.001 -22"><span class='ocrx_word' id='word_1_101' title='bbox 121 1590 222 1633; x_wconf 88' lang='lat' dir='ltr'><strong>cra</strong></span> <span class='ocrx_word' id='word_1_102' title='bbox 262 1571 481 1646; x_wconf 88' lang='lat' dir='ltr'><strong>fiebat,</strong></span> <span class='ocrx_word' id='word_1_103' title='bbox 538 1583 676 1633; x_wconf 91' lang='lat' dir='ltr'><strong>ortu</strong></span> <span class='ocrx_word' id='word_1_104' title='bbox 725 1584 786 1633; x_wconf 93' lang='lat' dir='ltr'><strong>et</strong></span> <span class='ocrx_word' id='word_1_105' title='bbox 828 1572 1013 1634; x_wconf 88' lang='lat' dir='ltr'><strong>rebus</strong></span> <span class='ocrx_word' id='word_1_106' title='bbox 1058 1575 1260 1651; x_wconf 84' lang='lat' dir='ltr'><strong>gestis.</strong></span> <span class='ocrx_word' id='word_1_107' title='bbox 1347 1574 1644 1633; x_wconf 88' lang='lat' dir='ltr'><strong>Isocrates</strong></span> <span class='ocrx_word' id='word_1_108' title='bbox 1689 1575 1906 1654; x_wconf 81' lang='lat' dir='ltr'><strong>Paneg.</strong></span> 
     </span>
     <span class='ocr_line' id='line_1_16' title="bbox 121 1658 1909 1762; baseline 0.003 -30"><span class='ocrx_word' id='word_1_109' title='bbox 121 1692 169 1732; x_wconf 83' lang='lat' dir='ltr'><strong>c.</strong></span> <span class='ocrx_word' id='word_1_110' title='bbox 226 1672 285 1732; x_wconf 84' lang='lat'><strong>6.</strong></span> <span class='ocrx_word' id='word_1_111' title='bbox 342 1692 406 1753; x_wconf 75' lang='lat' dir='ltr'><strong>p.</strong></span> <span class='ocrx_word' id='word_1_112' title='bbox 451 1671 553 1733; x_wconf 84' lang='lat'><strong>59.</strong></span> <span class='ocrx_word' id='word_1_113' title='bbox 611 1673 938 1758; x_wconf 85' lang='grc' dir='ltr'><em>Δήμητρος</em></span> <span class='ocrx_word' id='word_1_114' title='bbox 992 1674 1369 1756; x_wconf 76' lang='grc' dir='ltr'><em>ἀφικομένης</em></span> <span class='ocrx_word' id='word_1_115' title='bbox 1412 1679 1496 1762; x_wconf 76' lang='grc' dir='ltr'><em>εἷς</em></span> <span class='ocrx_word' id='word_1_116' title='bbox 1538 1673 1654 1753; x_wconf 85' lang='grc' dir='ltr'><em>τὴν</em></span> <span class='ocrx_word' id='word_1_117' title='bbox 1688 1658 1909 1758; x_wconf 68' lang='grc' dir='ltr'><em>χώραν</em></span> 
     </span>
     <span class='ocr_line' id='line_1_17' title="bbox 117 1770 1910 1856; baseline 0.001 -21"><span class='ocrx_word' id='word_1_118' title='bbox 117 1772 328 1854; x_wconf 83' lang='grc' dir='ltr'><em>ἡμῶν,</em></span> <span class='ocrx_word' id='word_1_119' title='bbox 384 1774 485 1836; x_wconf 82' lang='grc' dir='ltr'><em>ὅτε</em></span> <span class='ocrx_word' id='word_1_120' title='bbox 542 1774 863 1854; x_wconf 75' lang='grc' dir='ltr'><strong>ἐπλανήθη</strong></span> <span class='ocrx_word' id='word_1_121' title='bbox 918 1781 1026 1853; x_wconf 84' lang='grc' dir='ltr'><strong>τῆς</strong></span> <span class='ocrx_word' id='word_1_122' title='bbox 1083 1770 1289 1856; x_wconf 80' lang='grc' dir='ltr'><em>Κόρης</em></span> <span class='ocrx_word' id='word_1_123' title='bbox 1334 1774 1910 1856; x_wconf 71' lang='grc' dir='ltr'><em>ἄρπασθείσης-καὶ</em></span> 
     </span>
     <span class='ocr_line' id='line_1_18' title="bbox 118 1873 1908 1960; baseline 0.002 -26"><span class='ocrx_word' id='word_1_124' title='bbox 118 1874 274 1955; x_wconf 85' lang='grc' dir='ltr'><em>πρὸς</em></span> <span class='ocrx_word' id='word_1_125' title='bbox 314 1873 462 1942; x_wconf 82' lang='grc' dir='ltr'><em>τοὺς</em></span> <span class='ocrx_word' id='word_1_126' title='bbox 504 1873 854 1960; x_wconf 78' lang='grc' dir='ltr'><em>προγόνους</em></span> <span class='ocrx_word' id='word_1_127' title='bbox 896 1874 1044 1942; x_wconf 76' lang='grc' dir='ltr'><em>τοὺς</em></span> <span class='ocrx_word' id='word_1_128' title='bbox 1085 1873 1418 1956; x_wconf 77' lang='grc' dir='ltr'><em>ἡμετέρους</em></span> <span class='ocrx_word' id='word_1_129' title='bbox 1462 1875 1734 1955; x_wconf 79' lang='grc' dir='ltr'><em>εὐμενῶς</em></span> <span class='ocrx_word' id='word_1_130' title='bbox 1769 1875 1908 1937; x_wconf 77' lang='grc' dir='ltr'><em>ὃια-</em></span> 
     </span>
     <span class='ocr_line' id='line_1_19' title="bbox 118 1971 1908 2058; baseline 0.001 -24"><span class='ocrx_word' id='word_1_131' title='bbox 118 1971 401 2052; x_wconf 75' lang='grc' dir='ltr'><em>τεθείσης</em></span> <span class='ocrx_word' id='word_1_132' title='bbox 443 1976 511 2036; x_wconf 77' lang='grc' dir='ltr'><strong>ἐκ</strong></span> <span class='ocrx_word' id='word_1_133' title='bbox 550 1982 683 2037; x_wconf 90' lang='grc' dir='ltr'><em>τῶν</em></span> <span class='ocrx_word' id='word_1_134' title='bbox 725 1976 1112 2058; x_wconf 76' lang='grc' dir='ltr'><em>εὐεργεσιῶν,</em></span> <span class='ocrx_word' id='word_1_135' title='bbox 1162 1973 1248 2041; x_wconf 78' lang='grc' dir='ltr'><strong>ἃς</strong></span> <span class='ocrx_word' id='word_1_136' title='bbox 1293 1974 1378 2035; x_wconf 79' lang='grc' dir='ltr'><strong>οὗ</strong></span> <span class='ocrx_word' id='word_1_137' title='bbox 1384 1998 1430 2052; x_wconf 87' lang='grc' dir='ltr'><strong><em>χ</em></strong></span> <span class='ocrx_word' id='word_1_138' title='bbox 1473 1971 1592 2036; x_wconf 82' lang='grc' dir='ltr'><strong>οἷό</strong></span> <span class='ocrx_word' id='word_1_139' title='bbox 1606 1997 1645 2037; x_wconf 91' lang='grc' dir='ltr'><em>ν</em></span> <span class='ocrx_word' id='word_1_140' title='bbox 1688 1975 1738 2035; x_wconf 71' lang='grc' dir='ltr'><strong>τ’</strong></span> <span class='ocrx_word' id='word_1_141' title='bbox 1788 1976 1829 2036; x_wconf 80' lang='grc' dir='ltr'><em>ἄ</em></span> <span class='ocrx_word' id='word_1_142' title='bbox 1843 1983 1908 2036; x_wconf 83' lang='grc' dir='ltr'><strong>λ-</strong></span> 
     </span>
     <span class='ocr_line' id='line_1_20' title="bbox 119 2068 1908 2157; baseline -0.001 -23"><span class='ocrx_word' id='word_1_143' title='bbox 119 2080 283 2142; x_wconf 82' lang='grc' dir='ltr'><em>λοις</em></span> <span class='ocrx_word' id='word_1_144' title='bbox 324 2072 567 2152; x_wconf 79' lang='grc' dir='ltr'><em>ἢτοῒς</em></span> <span class='ocrx_word' id='word_1_145' title='bbox 610 2074 1147 2157; x_wconf 77' lang='grc' dir='ltr'><em>μεμυημένοις</em></span> <span class='ocrx_word' id='word_1_146' title='bbox 1194 2068 1537 2136; x_wconf 74' lang='grc' dir='ltr'><em>ἀκούειν.</em></span> <span class='ocrx_word' id='word_1_147' title='bbox 1627 2073 1790 2151; x_wconf 87' lang='lat' dir='ltr'><strong>Ergo</strong></span> <span class='ocrx_word' id='word_1_148' title='bbox 1834 2076 1908 2133; x_wconf 82' lang='lat' dir='ltr'><strong>il-</strong></span> 
     </span>
     <span class='ocr_line' id='line_1_21' title="bbox 116 2171 1910 2236; baseline 0.002 -5"><span class='ocrx_word' id='word_1_149' title='bbox 116 2172 180 2232; x_wconf 88' lang='lat' dir='ltr'><strong>la</strong></span> <span class='ocrx_word' id='word_1_150' title='bbox 233 2173 560 2233; x_wconf 78' lang='lat' dir='ltr'><strong>notissima</strong></span> <span class='ocrx_word' id='word_1_151' title='bbox 602 2172 817 2233; x_wconf 89' lang='lat' dir='ltr'><strong>fabula</strong></span> <span class='ocrx_word' id='word_1_152' title='bbox 861 2172 940 2232; x_wconf 89' lang='lat' dir='ltr'><strong>de</strong></span> <span class='ocrx_word' id='word_1_153' title='bbox 984 2171 1224 2233; x_wconf 84' lang='lat' dir='ltr'><strong>Cereris</strong></span> <span class='ocrx_word' id='word_1_154' title='bbox 1245 2191 1249 2201; x_wconf 58' lang='lat'>‘</span> <span class='ocrx_word' id='word_1_155' title='bbox 1268 2175 1335 2232; x_wconf 89' lang='lat' dir='ltr'><strong>in</strong></span> <span class='ocrx_word' id='word_1_156' title='bbox 1377 2173 1649 2233; x_wconf 86' lang='lat' dir='ltr'><strong>Atticam</strong></span> <span class='ocrx_word' id='word_1_157' title='bbox 1693 2174 1910 2236; x_wconf 87' lang='lat' dir='ltr'><strong>dever-</strong></span> 
     </span>
     <span class='ocr_line' id='line_1_22' title="bbox 120 2272 1910 2353; baseline 0.002 -22"><span class='ocrx_word' id='word_1_158' title='bbox 120 2272 312 2331; x_wconf 86' lang='lat' dir='ltr'><strong>santis</strong></span> <span class='ocrx_word' id='word_1_159' title='bbox 377 2273 687 2353; x_wconf 80' lang='lat' dir='ltr'><strong>hospitio,</strong></span> <span class='ocrx_word' id='word_1_160' title='bbox 763 2291 1047 2332; x_wconf 89' lang='lat' dir='ltr'><strong>moerore</strong></span> <span class='ocrx_word' id='word_1_161' title='bbox 1101 2283 1164 2331; x_wconf 90' lang='lat' dir='ltr'><strong>et</strong></span> <span class='ocrx_word' id='word_1_162' title='bbox 1222 2272 1300 2331; x_wconf 91' lang='lat' dir='ltr'><strong>ob</strong></span> <span class='ocrx_word' id='word_1_163' title='bbox 1354 2282 1665 2351; x_wconf 81' lang='lat' dir='ltr'><strong>receptam</strong></span> <span class='ocrx_word' id='word_1_164' title='bbox 1718 2275 1910 2334; x_wconf 87' lang='lat' dir='ltr'><strong>filiam</strong></span> 
     </span>
     <span class='ocr_line' id='line_1_23' title="bbox 115 2369 1911 2452; baseline 0.001 -22"><span class='ocrx_word' id='word_1_165' title='bbox 115 2369 346 2448; x_wconf 87' lang='lat' dir='ltr'><strong>gaudio</strong></span> <span class='ocrx_word' id='word_1_166' title='bbox 393 2381 455 2430; x_wconf 92' lang='lat' dir='ltr'><strong>et</strong></span> <span class='ocrx_word' id='word_1_167' title='bbox 495 2373 929 2445; x_wconf 88' lang='lat' dir='ltr'><strong>munificentia,</strong></span> <span class='ocrx_word' id='word_1_168' title='bbox 984 2390 1127 2452; x_wconf 86' lang='lat' dir='ltr'><strong>pars</strong></span> <span class='ocrx_word' id='word_1_169' title='bbox 1171 2372 1292 2431; x_wconf 89' lang='lat' dir='ltr'><strong>fuit</strong></span> <span class='ocrx_word' id='word_1_170' title='bbox 1332 2373 1501 2431; x_wconf 89' lang='lat' dir='ltr'><strong>illius</strong></span> <span class='ocrx_word' id='word_1_171' title='bbox 1541 2374 1911 2432; x_wconf 86' lang='lat' dir='ltr'><strong>sanctissimi</strong></span> 
     </span>
     <span class='ocr_line' id='line_1_24' title="bbox 114 2471 1908 2552; baseline 0.001 -22"><span class='ocrx_word' id='word_1_172' title='bbox 114 2472 357 2544; x_wconf 82' lang='lat' dir='ltr'><strong>secreti,</strong></span> <span class='ocrx_word' id='word_1_173' title='bbox 403 2471 573 2551; x_wconf 89' lang='lat' dir='ltr'><strong>quod</strong></span> <span class='ocrx_word' id='word_1_174' title='bbox 614 2473 916 2532; x_wconf 82' lang='lat' dir='ltr'><strong>Isocrates</strong></span> <span class='ocrx_word' id='word_1_175' title='bbox 960 2473 1167 2533; x_wconf 87' lang='lat' dir='ltr'><strong>verbis</strong></span> <span class='ocrx_word' id='word_1_176' title='bbox 1213 2472 1457 2545; x_wconf 86' lang='lat' dir='ltr'><strong>celavit,</strong></span> <span class='ocrx_word' id='word_1_177' title='bbox 1500 2490 1567 2529; x_wconf 90' lang='lat' dir='ltr'><strong>re</strong></span> <span class='ocrx_word' id='word_1_178' title='bbox 1611 2472 1908 2552; x_wconf 81' lang='lat' dir='ltr'><strong>prodidit,</strong></span> 
     </span>
     <span class='ocr_line' id='line_1_25' title="bbox 118 2571 1911 2655; baseline 0.002 -26"><span class='ocrx_word' id='word_1_179' title='bbox 118 2571 406 2651; x_wconf 84' lang='lat' dir='ltr'><strong>factoque</strong></span> <span class='ocrx_word' id='word_1_180' title='bbox 459 2571 751 2652; x_wconf 86' lang='lat' dir='ltr'><strong>probavit</strong></span> <span class='ocrx_word' id='word_1_181' title='bbox 804 2591 1106 2655; x_wconf 86' lang='lat' dir='ltr'><strong>persaepe</strong></span> <span class='ocrx_word' id='word_1_182' title='bbox 1150 2581 1368 2652; x_wconf 79' lang='lat' dir='ltr'><strong>aperta</strong></span> <span class='ocrx_word' id='word_1_183' title='bbox 1411 2590 1526 2651; x_wconf 89' lang='lat' dir='ltr'><strong>pro</strong></span> <span class='ocrx_word' id='word_1_184' title='bbox 1571 2575 1803 2652; x_wconf 80' lang='lat' dir='ltr'><strong>opertis</strong></span> <span class='ocrx_word' id='word_1_185' title='bbox 1848 2584 1911 2633; x_wconf 87' lang='lat' dir='ltr'><strong>et</strong></span> 
     </span>
     <span class='ocr_line' id='line_1_26' title="bbox 116 2659 1908 2753; baseline 0.001 -23"><span class='ocrx_word' id='word_1_186' title='bbox 116 2670 283 2730; x_wconf 81' lang='lat' dir='ltr'><strong>tradi</strong></span> <span class='ocrx_word' id='word_1_187' title='bbox 339 2680 401 2730; x_wconf 87' lang='lat' dir='ltr'><strong>et</strong></span> <span class='ocrx_word' id='word_1_188' title='bbox 457 2673 668 2752; x_wconf 83' lang='lat' dir='ltr'><strong>accipi.</strong></span> <span class='ocrx_word' id='word_1_189' title='bbox 763 2659 1063 2732; x_wconf 80' lang='lat' dir='ltr'><strong>Similiter</strong></span> <span class='ocrx_word' id='word_1_190' title='bbox 1109 2673 1470 2731; x_wconf 88' lang='lat' dir='ltr'><strong>Theocritus</strong></span> <span class='ocrx_word' id='word_1_191' title='bbox 1524 2690 1655 2731; x_wconf 87' lang='lat' dir='ltr'><strong>rem</strong></span> <span class='ocrx_word' id='word_1_192' title='bbox 1698 2676 1908 2753; x_wconf 84' lang='lat' dir='ltr'><strong>pueris</strong></span> 
     </span>
     <span class='ocr_line' id='line_1_27' title="bbox 114 2772 1911 2852; baseline 0.003 -22"><span class='ocrx_word' id='word_1_193' title='bbox 114 2779 332 2831; x_wconf 81' lang='lat' dir='ltr'><strong>notam</strong></span> <span class='ocrx_word' id='word_1_194' title='bbox 384 2782 450 2832; x_wconf 89' lang='lat' dir='ltr'><strong>et</strong></span> <span class='ocrx_word' id='word_1_195' title='bbox 507 2772 585 2831; x_wconf 90' lang='lat' dir='ltr'><strong>ab</strong></span> <span class='ocrx_word' id='word_1_196' title='bbox 642 2772 781 2832; x_wconf 89' lang='grc'><strong>81113</strong></span> <span class='ocrx_word' id='word_1_197' title='bbox 837 2774 971 2832; x_wconf 83' lang='lat' dir='ltr'><strong>sine</strong></span> <span class='ocrx_word' id='word_1_198' title='bbox 1015 2772 1271 2850; x_wconf 83' lang='lat' dir='ltr'><strong>ambage</strong></span> <span class='ocrx_word' id='word_1_199' title='bbox 1317 2774 1667 2852; x_wconf 78' lang='lat' dir='ltr'><strong>expositam</strong></span> <span class='ocrx_word' id='word_1_200' title='bbox 1710 2783 1911 2836; x_wconf 24' lang='lat' dir='ltr'><strong>extre-¹.</strong></span> 
     </span>
     <span class='ocr_line' id='line_1_28' title="bbox 110 2870 1702 2954; baseline 0.001 -24"><span class='ocrx_word' id='word_1_201' title='bbox 110 2872 236 2931; x_wconf 70' lang='lat' dir='ltr'><strong>mis</strong></span> <span class='ocrx_word' id='word_1_202' title='bbox 279 2870 490 2951; x_wconf 81' lang='lat' dir='ltr'><strong>digitis</strong></span> <span class='ocrx_word' id='word_1_203' title='bbox 529 2874 712 2954; x_wconf 78' lang='lat' dir='ltr'><strong>quasi</strong></span> <span class='ocrx_word' id='word_1_204' title='bbox 749 2887 1042 2951; x_wconf 81' lang='lat' dir='ltr'><strong>magnum</strong></span> <span class='ocrx_word' id='word_1_205' title='bbox 1088 2876 1381 2933; x_wconf 79' lang='lat' dir='ltr'><strong>arcanum</strong></span> <span class='ocrx_word' id='word_1_206' title='bbox 1427 2874 1702 2949; x_wconf 85' lang='lat' dir='ltr'><strong>attingit:</strong></span> 
     </span>
    </p>

    <p class='ocr_par' dir='ltr' id='par_1_5' title="bbox 327 2986 1696 3063">
     <span class='ocr_line' id='line_1_29' title="bbox 327 2986 1696 3063; baseline 0 -20"><span class='ocrx_word' id='word_1_207' title='bbox 327 2990 577 3052; x_wconf 82' lang='grc' dir='ltr'><em>Ζαλωτὸς</em></span> <span class='ocrx_word' id='word_1_208' title='bbox 611 2990 706 3057; x_wconf 68' lang='grc' dir='ltr'><strong>μὲν</strong></span> <span class='ocrx_word' id='word_1_209' title='bbox 741 2990 852 3058; x_wconf 72' lang='grc' dir='ltr'><em>ἐμὶν</em></span> <span class='ocrx_word' id='word_1_210' title='bbox 888 2989 915 3044; x_wconf 76' lang='grc' dir='ltr'><em>ὃ</em></span> <span class='ocrx_word' id='word_1_211' title='bbox 953 2991 1045 3045; x_wconf 85' lang='grc' dir='ltr'><em>τὸν</em></span> <span class='ocrx_word' id='word_1_212' title='bbox 1081 2990 1307 3063; x_wconf 72' lang='grc' dir='ltr'><em>ἔτροπον</em></span> <span class='ocrx_word' id='word_1_213' title='bbox 1342 2990 1500 3042; x_wconf 73' lang='grc' dir='ltr'><em>ὕπνον</em></span> <span class='ocrx_word' id='word_1_214' title='bbox 1536 2986 1696 3043; x_wconf 79' lang='grc' dir='ltr'><em>ιάὗων</em></span> 
     </span>
    </p>

    <p class='ocr_par' dir='ltr' id='par_1_6' title="bbox 323 3074 1579 3149">
     <span class='ocr_line' id='line_1_30' title="bbox 323 3074 1579 3149; baseline -0.003 -18"><span class='ocrx_word' id='word_1_215' title='bbox 323 3076 623 3143; x_wconf 80' lang='grc' dir='ltr'><em>Ἐνδυμίων·</em></span> <span class='ocrx_word' id='word_1_216' title='bbox 664 3078 798 3142; x_wconf 61' lang='lat' dir='ltr'><strong>cam</strong></span> <span class='ocrx_word' id='word_1_217' title='bbox 829 3079 917 3142; x_wconf 74' lang='grc' dir='ltr'><strong>δὲ,</strong></span> <span class='ocrx_word' id='word_1_218' title='bbox 956 3080 1083 3149; x_wconf 82' lang='grc' dir='ltr'><em>φίλα</em></span> <span class='ocrx_word' id='word_1_219' title='bbox 1118 3077 1262 3148; x_wconf 75' lang='grc' dir='ltr'><em>γύναι</em></span> <span class='ocrx_word' id='word_1_220' title='bbox 1273 3116 1288 3141; x_wconf 84' lang='grc'>,</span> <span class='ocrx_word' id='word_1_221' title='bbox 1323 3074 1579 3141; x_wconf 72' lang='grc' dir='ltr'><em>Ἰασίωνα,</em></span> 
     </span>
    </p>

    <p class='ocr_par' dir='ltr' id='par_1_7' title="bbox 38 3158 1906 3455">
     <span class='ocr_line' id='line_1_31' title="bbox 330 3158 1755 3233; baseline 0 -19"><span class='ocrx_word' id='word_1_222' title='bbox 330 3159 390 3224; x_wconf 76' lang='grc' dir='ltr'><strong>ὃς</strong></span> <span class='ocrx_word' id='word_1_223' title='bbox 423 3159 627 3217; x_wconf 86' lang='grc' dir='ltr'><em>τόσσων</em></span> <span class='ocrx_word' id='word_1_224' title='bbox 664 3158 929 3233; x_wconf 76' lang='grc' dir='ltr'><em>ἐκύρησεν,</em></span> <span class='ocrx_word' id='word_1_225' title='bbox 967 3163 1043 3217; x_wconf 74' lang='lat'><strong>30²</strong></span> <span class='ocrx_word' id='word_1_226' title='bbox 1085 3164 1145 3216; x_wconf 79' lang='grc' dir='ltr'><strong>οὗ</strong></span> <span class='ocrx_word' id='word_1_227' title='bbox 1181 3166 1453 3215; x_wconf 74' lang='grc' dir='ltr'><em>πευσεῖσθε</em></span> <span class='ocrx_word' id='word_1_228' title='bbox 1488 3161 1715 3230; x_wconf 76' lang='grc' dir='ltr'><em>βέβηλοι.</em></span> <span class='ocrx_word' id='word_1_229' title='bbox 1752 3197 1755 3200; x_wconf 61' lang='grc'><strong><em>«</em></strong></span> 
     </span>
     <span class='ocr_line' id='line_1_32' title="bbox 120 3265 1906 3350; baseline 0.003 -24"><span class='ocrx_word' id='word_1_230' title='bbox 120 3265 312 3346; x_wconf 89' lang='lat' dir='ltr'><strong>Atqui</strong></span> <span class='ocrx_word' id='word_1_231' title='bbox 354 3285 535 3331; x_wconf 88' lang='lat' dir='ltr'><strong>nemo</strong></span> <span class='ocrx_word' id='word_1_232' title='bbox 591 3269 930 3346; x_wconf 81' lang='lat' dir='ltr'><strong>nesciebat,</strong></span> <span class='ocrx_word' id='word_1_233' title='bbox 973 3291 1053 3332; x_wconf 91' lang='lat' dir='ltr'><strong>ne</strong></span> <span class='ocrx_word' id='word_1_234' title='bbox 1099 3271 1442 3331; x_wconf 86' lang='lat' dir='ltr'><strong>Scholiasta</strong></span> <span class='ocrx_word' id='word_1_235' title='bbox 1486 3269 1765 3350; x_wconf 87' lang='lat' dir='ltr'><strong>quidem,</strong></span> <span class='ocrx_word' id='word_1_236' title='bbox 1808 3272 1906 3334; x_wconf 77' lang='grc' dir='ltr'><strong>ὅτι</strong></span> 
     </span>
     <span class='ocr_line' id='line_1_33' title="bbox 38 3368 1902 3455; baseline 0.001 -26"><span class='ocrx_word' id='word_1_237' title='bbox 38 3404 41 3441; x_wconf 78' lang='grc'>;</span> <span class='ocrx_word' id='word_1_238' title='bbox 122 3368 535 3451; x_wconf 84' lang='grc' dir='ltr'><em>παρεμφαίνει</em></span> <span class='ocrx_word' id='word_1_239' title='bbox 574 3372 690 3436; x_wconf 89' lang='grc' dir='ltr'><em>τὸν</em></span> <span class='ocrx_word' id='word_1_240' title='bbox 732 3373 1035 3453; x_wconf 85' lang='grc' dir='ltr'><em>μυστικὸν</em></span> <span class='ocrx_word' id='word_1_241' title='bbox 1081 3375 1278 3455; x_wconf 75' lang='grc' dir='ltr'><em>ἔρωτα</em></span> <span class='ocrx_word' id='word_1_242' title='bbox 1297 3371 1605 3440; x_wconf 82' lang='grc' dir='ltr'><em>Ἰασίωνος</em></span> <span class='ocrx_word' id='word_1_243' title='bbox 1648 3371 1754 3433; x_wconf 80' lang='grc' dir='ltr'><strong>καὶ</strong></span> <span class='ocrx_word' id='word_1_244' title='bbox 1769 3369 1902 3449; x_wconf 54' lang='grc' dir='ltr'><strong>’Λήβ</strong></span> 
     </span>
    </p>
   </div>
   <div class='ocr_carea' id='block_1_4' title="bbox 1452 3473 1564 3531">
    <p class='ocr_par' dir='ltr' id='par_1_8' title="bbox 1452 3473 1564 3531">
     <span class='ocr_line' id='line_1_34' title="bbox 1452 3473 1564 3531; baseline 0 -25"><span class='ocrx_word' id='word_1_245' title='bbox 1452 3473 1564 3531; x_wconf 74' lang='lat'><strong>9*</strong></span> 
     </span>
    </p>
   </div>
  </div>
 </body>
</html>
