2176 3886
173 171 257 232 24
540 239 546 243 ἧ
761 176 998 222 tumn
1041 174 1350 222 PMMus,

176 314 351 387 „bus
397 307 572 369 diab
589 308 699 368 oli
742 308 1079 369 tradidit
1122 306 1563 388 disciplina.
1648 307 1733 366 In
1775 326 1946 388 quo-

176 413 385 486 „dam
430 410 758 491 templo,
812 419 895 469 ut
923 400 1013 468 'in
1055 409 1479 468 interiores
1522 416 1786 485 partes
1827 408 1948 467 ho-

174 529 355 586 „mo
397 529 513 570 mo
530 512 857 591 riturus
898 507 1234 588 (oraturus)
1300 506 1558 587 possit
1615 503 1952 578 admitti,

175 611 432 686 „dicit‚
478 611 564 669 de
599 618 967 692 tympano
1005 605 1495 678 manducavi,
1539 603 1627 664 de
1658 606 1951 685 cymba-

175 712 281 786 „lo
360 710 523 769 bibi
586 718 664 768 et
723 708 1152 786 religionis
1214 726 1456 765 sacra
1506 706 1954 788 perdidici;

174 809 268 885 „Q
284 829 376 870 uo
393 809 434 868 d
477 827 747 886 graeco
793 826 1095 867 sermon
1113 827 1146 866 e
1190 805 1482 865 dicitur
1525 810 1590 868 ἐκ
1625 803 1954 889 τυμπάνου

174 958 194 984 ,
198 912 514 993 ,βέβρωκα
531 955 551 982 ,
614 912 679 970 ἐκ
744 907 1073 991 κυμβάλου
1124 908 1373 968 πέπωκα
1387 951 1407 978 ,
1473 907 1700 991 γέγονα
1733 928 1955 989 μυστι-

178 1008 365 1083 ,,κός“
381 1006 501 1090 [¹¹¹³].
542 1009 645 1067 De
687 1009 1036 1089 postremiS,
1081 1026 1237 1087 quae
1283 1004 1361 1065 ab
1406 1004 1608 1063 aliena
1637 1024 1826 1066 manu
1849 1006 1959 1067 ad-

176 1109 307 1169 dita
350 1108 639 1171 videntur
657 1153 674 1183 ‚
718 1108 1002 1168 dissentit
1045 1103 1326 1166 Clemens
1338 1148 1357 1179 ‚
1401 1103 1565 1164 unde
1605 1104 1715 1165 illa
1755 1115 1962 1166 sumta

177 1210 348 1269 sunt:
394 1215 599 1289 Δηοῦς
635 1208 947 1293 μυστήρια
983 1208 1087 1270 καὶ
1123 1206 1261 1288 (leg.
1300 1205 1390 1286 αἱ)
1442 1206 1592 1276 Διὸς
1639 1206 1794 1290 πρὸς
1838 1231 1960 1289 μη-

175 1311 323 1393 τέρα
360 1308 661 1394 Δήμητρα
709 1308 1067 1394 ἅφροὸίσιοι
1106 1306 1456 1390 συμπλοκαὶ
1491 1306 1598 1369 καὶ
1635 1315 1820 1390 μῆνις
1852 1315 1960 1386 τῆς

176 1414 383 1489 Δηοῦς
445 1411 550 1472 καὶ
613 1412 762 1481 Διὸς
832 1407 1144 1490 ἱκετηρίαν
1207 1415 1412 1470 ταῦτα
1468 1407 1855 1472 τελίσκουσιν
1903 1409 1964 1471 οἱ

181 1507 431 1594 Φρύγες
451 1510 661 1572 ’Άττιὸ
664 1536 684 1571 ι
707 1511 812 1572 καὶ
835 1510 1082 1592 Κυβέλη
1108 1507 1214 1570 καὶ
1236 1495 1564 1591 Κορύβασι
1587 1546 1673 1554 —-
1693 1508 1772 1571 τὰ
1803 1506 1962 1591 σύμ·-

177 1610 339 1690 βολα
376 1616 485 1687 τῆς
520 1606 802 1690 μυήσεως
841 1607 1070 1687 ταύτης
1097 1611 1197 1669 Ἐκ
1220 1606 1551 1689 τυμπάνου
1597 1610 1854 1693 ἔφαγον,
1899 1612 1965 1671 ἐκ

179 1705 508 1790 κυμβάλου
576 1710 749 1770 ἔπιον
759 1753 780 1780 ,
839 1705 1299 1790 ἐκερνοφόρησα
1312 1751 1333 1778 ,
1391 1707 1513 1769 ὑπὸ
1563 1707 1678 1770 τὸν
1724 1708 1967 1772 παστόν

180 1807 456 1870 ῦπὲὃυον
495 1803 744 1865 Cohort.
798 1808 845 1866 I.
890 1807 948 1865 2.
975 1872 978 1875 Α
999 1806 1094 1865 13.
1123 1806 1192 1885 [⁰]
1248 1801 1286 1862 J
1289 1823 1392 1863 am
1435 1804 1735 1866 admirari
1776 1806 1970 1868 libeat

181 1909 588 1985 interpretum
659 1905 1114 1966 verecundiam.
1224 1901 1409 1976 Quod
1460 1904 1762 1966 Firmicus
1819 1907 1970 1967 dicit

182 2008 263 2066 in
307 2008 346 2086 q
359 2024 401 2064 u
416 2023 453 2063 o
470 2004 510 2062 d
525 2023 639 2064 am
683 2015 827 2065 tem
840 2005 974 2086 plo
1019 2005 1253 2064 factum
1297 2023 1459 2079 esse,
1504 2005 1790 2087 quodque
1834 2005 1964 2068 Cle-

305 2147 395 2206 [bb]
427 2148 549 2192 Idem
590 2164 634 2206 p.
663 2145 735 2193 43.
774 2149 1108 2193 Invenimus
1148 2149 1322 2192 etiam
1362 2147 1482 2192 dici
1512 2151 1775 2211 Ελελίκερες
1803 2149 1970 2211 ‹Qudq-

187 2222 292 2268 φει,
333 2208 409 2251 ubi
452 2209 683 2251 Wowerus
723 2207 924 2251 emendat
957 2204 1245 2266 Ἐλιξόκερως
1285 2207 1502 2267 δίμορφε.
1562 2209 1770 2254 Praefero
1795 2210 1972 2255 Ἐλελεῦ

186 2281 369 2382 moe-[⁰]
400 2325 536 2368 Pater
564 2323 791 2378 Lafiteau,
822 2323 1095 2380 Symbolicus
1125 2327 1226 2366 ante
1256 2323 1573 2380 symbolicam,
1602 2325 1711 2368 illud
1741 2326 1806 2370 de
1836 2330 1972 2384 tym-

187 2397 330 2443 pano
359 2383 733 2437 manducare,
764 2384 1002 2439 symbolum
1031 2397 1125 2425 esse
1154 2387 1280 2440 putat
1308 2397 1393 2439 pau
1425 2383 1577 2427 ertatis
1607 2384 1824 2430 clericalis
1855 2387 1970 2430 elee-

189 2455 409 2498 mosynam
446 2442 664 2498 poscentis
677 2474 690 2494 ‚
741 2442 796 2484 de
837 2442 924 2483 aris
961 2441 1149 2484 viventis
1193 2442 1295 2497 (imo
1320 2441 1397 2495 ,hel
1414 2443 1580 2498 uantis)
1611 2449 1656 2486 et
1683 2441 1974 2489 renunciantis

189 2500 487 2557 voluptatibus
514 2499 815 2552 mundialibus,
845 2500 1074 2542 Moeurs
1104 2500 1200 2541 des
1230 2500 1463 2555 Sauvag.
1495 2501 1552 2542 T.
1582 2501 1619 2542 Ι.
1649 2502 1750 2545 272.
1777 2504 1974 2548 Eschen-

191 2559 388 2611 bachius,
429 2559 498 2601 vir
539 2558 928 2614 ingeniosissirnuS‚
973 2572 1099 2614 quem
1140 2557 1179 2599 si
1208 2562 1358 2600 nostra
1386 2564 1508 2601 aetas
1538 2558 1737 2614 tulisset,
1767 2566 1974 2618 tanquam

190 2614 611 2675 primipilarem
649 2622 1074 2659 venerarentur
1114 2615 1462 2673 spiritualia
1514 2624 1735 2672 castra,
1802 2621 1974 2677 sing-ula

191 2677 329 2720 verba
364 2675 555 2733 explicat
582 2675 629 2718 in
657 2675 791 2733 Epig.
820 2690 863 2733 p.
895 2673 964 2717 14.
994 2677 1077 2718 hoc
1106 2674 1253 2718 modo:
1286 2675 1616 2732 „Interrogatus
1647 2682 1806 2735 mystes
1835 2693 1974 2723 novus

194 2736 283 2789 „ab
323 2733 628 2791 Hierophanta
665 2748 722 2777 an
758 2734 943 2787 edisset,
994 2734 1283 2790 respondebat
1319 2735 1486 2779 animae
1527 2735 1695 2779 nomine
1731 2733 1975 2793 ἐνήστευσα

166 2788 176 2801 ’
195 2794 255 2847 „i.
285 2808 324 2836 e.
355 2807 383 2836 a
409 2792 592 2835 terrenis
622 2792 792 2849 quidem
819 2793 1116 2849 voluptatibus
1147 2793 1363 2847 abstinui,
1409 2792 1500 2837 ἀλλ’
1533 2795 1666 2839 ἔπιον
1693 2793 1774 2839 τὸν
1802 2801 1975 2842 κυκεῶ-
2024 2794 2026 2798 ’

196 2867 286 2905 ,,να
312 2850 585 2894 nihilominus
625 2851 854 2895 allabentis
894 2852 1100 2895 materiae
1138 2856 1283 2908 potum
1323 2852 1473 2906 hausi3
1513 2849 1821 2914 ἐργασάμενος
1859 2855 1976 2901 ἀπε-

197 2913 403 2969 ,,θέμην,
444 2911 528 2953 hoc
555 2911 699 2963 facto,
738 2911 821 2953 hoc
849 2915 944 2963 est,
983 2909 1198 2955 materiali
1232 2914 1338 2967 potu
1376 2912 1423 2954 in
1462 2926 1618 2969 corpus
1658 2913 1832 2957 condita
1869 2930 1976 2970 sum,

198 2972 308 3021 „aaz
337 2969 388 3012 ἔκ
417 2964 622 3013 καλάθου
653 2970 716 3019 εἰς
744 2972 899 3024 κίστην
924 2983 978 3012 ex
1007 2982 1187 3026 corpore
1217 2983 1329 3012 nunc
1356 2970 1474 3024 illuc,
1504 2972 1618 3015 unde
1640 2970 1859 3026 descendi,
1889 2975 1978 3017 sal—

201 3031 321 3079 „tem
361 3032 527 3070 contem
557 3027 719 3070 latione
753 3031 995 3072 revertor.“
1053 3028 1310 3071 Sancrucius
1351 3029 1410 3072 Τ.
1438 3030 1474 3072 Ι.
1505 3029 1604 3073 320.
1643 3035 1859 3088 postrema
1887 3031 1977 3078 ὑπὸ

200 3084 283 3129 τὸν
321 3083 499 3129 παστὸν
525 3086 655 3130 υπέδ.
699 3087 834 3130 vertit
863 3086 925 3129 Je
953 3101 1030 3130 me
1060 3086 1175 3129 suis
1206 3087 1359 3142 glise
1388 3088 1527 3131 dans
1555 3089 1608 3131 le
1638 3089 1710 3132 lit
1738 3092 1978 3148 nuptial,
2047 3097 2051 3100 ⁴

204 3148 252 3186 et
289 3142 482 3186 illustrat
520 3158 545 3186 e
573 3144 808 3189 Plutarcho
849 3145 982 3189 Phoc.
1024 3161 1060 3188 c.
1103 3145 1307 3188 XXVIII.
1344 3147 1419 3190 ubi
1456 3147 1775 3192 Eleusiniorum
1812 3162 1978 3208 μυστι-

205 3201 284 3244 καὶ
312 3205 457 3246 κοῖται
486 3207 890 3258 commemorantur,
930 3205 1011 3247 hoc
1039 3208 1106 3247 est
1135 3205 1330 3248 cistae
1361 3207 1570 3262 mysticae
1601 3220 1683 3249 non
1712 3206 1764 3250 le
1780 3208 1902 3263 cti,
1931 3215 1979 3252 ut

203 3260 278 3302 ille
306 3261 529 3317 opinatur3
559 3275 672 3318 quae
700 3262 755 3305 de
781 3263 1015 3308 Heraclide
1042 3262 1295 3322 philosopho
1326 3265 1471 3319 addit,
1513 3264 1727 3311 Heracliti
1755 3271 1854 3311 sunt
1879 3282 1978 3318 ver-

205 3319 289 3372 ba,
320 3319 376 3363 ab
407 3319 487 3363 hoc
515 3319 608 3364 loco
640 3320 909 3366 alienissima.
1496 3349 1499 3351 >

2173 1943 2176 2015 -<....
2166 1565 2176 1924 ——m--a-ffl-Y—.e.
2173 1526 2176 1532 .
2162 1430 2176 1487 ⁴-..'
