2158 3848
161 212 163 215 ’
245 219 363 278 136
827 230 1062 273 Lmen
1106 229 1414 273 PRIMUS.

240 370 674 423 canerenturve
730 364 923 443 tropis
980 372 1041 421 et
1094 362 1399 440 allegoriis
1443 359 1725 421 involuta
1768 356 2015 438 quidem

241 481 349 520 nec
404 471 608 521 tamen
664 462 755 520 ita
809 452 1018 521 abdita
1072 462 1259 521 fuisse
1272 505 1288 534 ,
1334 461 1477 540 quin
1523 479 1560 518 a
1604 458 2016 536 sagacioribus

239 563 464 641 aperiri
503 571 569 620 ‘et
613 559 692 618 ad
735 563 1052 620 rationem
1081 563 1358 622 revocari
1401 560 1732 640 potuerint.
1786 558 2017 617 Verum

236 661 389 720 hanc
433 678 671 740 quoque
716 663 1167 719 excusationem
1188 646 1412 731 ssaufert
1435 678 1675 719 summa
1700 666 2019 718 auctorum

238 761 644 839 discrepantia
656 802 674 831 ‚
710 792 714 794 -
742 742 1177 835 mysteriorum
1234 778 1445 818 causas
1485 760 1779 820 diversas
1839 767 2020 836 atque

237 861 441 919 etiam‘
458 859 805 917 'contrarias
849 858 1223 918 tradentium
1237 902 1253 931 ‚
1311 861 1485 937 quasi
1531 869 1746 938 aperta
1787 858 2021 938 profes-

235 961 406 1019 sione
421 1002 438 1031 ,
496 978 671 1017 suam
729 947 1031 1038 quemque
1075 959 1486 1036 conjecturam
1530 960 1759 1017 afferre.
1815 959 2018 1035 Augu—

234 1060 430 1118 stinus
488 1055 620 1119 Civ.
680 1057 811 1118 VII.
869 1080 916 1118 c.
977 1061 1080 1120 20.
1137 1058 1192 1116 V
1209 1077 1383 1116 arro
1441 1057 1531 1116 de
1585 1058 2021 1116 Eleusiniis

235 1159 438 1218 nihil
460 1142 1089 1239 interpretatur,
1134 1160 1210 1217 ni
1228 1159 1295 1217 si
1350 1157 1550 1238 quod
1593 1158 1886 1216 attinet
1908 1169 1910 1173 ·
1929 1154 2024 1215 ad

235 1260 356 1318 fru
375 1267 712 1318 mentum
756 1295 841 1307 —-
884 1260 1027 1319 Pro
1045 1246 1437 1339 serpinam
1466 1257 1678 1317 —dicit
1719 1256 2023 1334 signifi-

237 1378 402 1418 care
458 1359 531 1417 fe
548 1359 1024 1420 cunditatem
1058 1395 1062 1398 <
1084 1348 1456 1418 seminum
1476 1402 1493 1432 ,
1555 1375 1747 1437 quae
1803 1375 2024 1436 quum

237 1458 632 1518 defuisset
675 1469 1056 1540 tempore,
1102 1469 1456 1518 exortam
1502 1477 1696 1517 esse·
1719 1458 2024 1537 opinio-

217 1546 436 1631 nem,
484 1559 685 1637 quod
731 1558 1042 1618 Cereris
1088 1542 1349 1618 filiam
1395 1559 1631 1617 Orcus
1689 1556 1947 1616 abstul
1965 1577 2025 1615 e-

235 1658 343 1716 rit
399 1692 483 1702 --
538 1658 756 1718 Dicit
821 1658 1104 1718 deinde
1170 1659 1416 1717 multa
1480 1659 1560 1716 in
1615 1658 2025 1733 mysteriis

212 1741 402 1835 ,ejus
425 1763 434 1792 ³
477 1757 719 1831 tradi,
803 1778 1017 1838 quae·
1051 1760 1207 1818 nisi
1234 1794 1240 1798 ·
1263 1748 1715 1835 ad--frugum
1769 1758 2026 1817 inven-

209 1842 213 1900 ἕ
236 1858 348 1915 tio
367 1876 453 1915 ne
469 1877 530 1916 m
587 1875 734 1915 non
791 1878 833 1937 p
850 1860 1052 1917 ertin
1069 1868 1211 1917 ent.
1319 1858 1494 1917 Haec
1549 1857 1758 1936 qualia
1800 1856 2030 1915 fuerint

203 1972 207 1990 ²
238 1957 520 2035 colligere
574 1975 903 2037 possumus
949 1979 982 2017 e
1027 1958 1294 2017 Diodori
1328 1947 1764 2038 ‘disputatione
1784 1995 1788 1997 >
1807 1955 1880 2015 V.
1925 1956 2026 2016 49.

197 2089 205 2132 2
240 2062 300 2128 ἐξ
316 2059 644 2128 Ἰασίωνος
699 2060 803 2121 καὶ
848 2046 1187 2143 Δήμητρος
1218 2062 1513 2145 Πλοῦτον
1539 2059 1860 2144 γενέσθαι
1905 2081 2028 2140 φα-

200 2148 222 2179 ”’
242 2158 343 2221 σὶν
389 2161 454 2220 οἱ
488 2163 706 2239 μῦθοι·
732 2174 737 2246 J
752 2161 822 2222 τὸ
870 2162 928 2223 δ’
978 2159 1237 2239 ἀληθὲς,
1292 2159 1407 2221 τὸν
1428 2194 1434 2198 -
1459 2165 1572 2219 τοῦ
1620 2157 1793 2221 σίτου
1821 2165 2030 2220 πλοῦ-

239 2282 352 2322 τον
395 2258 767 2342 ὃωρηθῆναι
812 2263 876 2323 ἐν
917 2268 1009 2341 τῷ
1052 2268 1160 2339 τῆς
1197 2256 1523 2341 Ἁρμονίας
1579 2255 1783 2343 γάμῳ.
1877 2256 2029 2316 Var-

238 2360 406 2417 ronis
428 2388 431 2391 ¹
474 2361 814 2418 sententiae
882 2358 1078 2419 affinis
1146 2359 1267 2419 fuit
1333 2355 1577 2416 Prodici
1654 2359 1816 2418 ratio
1831 2400 1850 2431 ‚
1927 2359 2030 2436 qui

241 2476 429 2536 quum
474 2476 547 2516 ea
559 2502 576 2531 ‚
622 2477 777 2536 quae
796 2472 799 2475 ’
819 2460 1206 2538 prodessent
1229 2459 1551 2517 hominum
1595 2458 1765 2519 vitae
1787 2474 2030 2515 eorum-

242 2576 357 2636 que
413 2550 767 2618 inventores
786 2597 789 2599 -
824 2558 1079 2620 deorum
1134 2561 1200 2616 in
1241 2575 1500 2615 numero
1544 2557 1762 2616 haberi
1803 2565 2031 2616 statue—

242 2662 336 2715 ret
382 2654 533 2734 [Cic'.
579 2658 651 2717 N.
686 2658 765 2716 D.
790 2648 866 2718 'L
884 2658 1016 2738 41.]
1039 2665 1042 2670 '
1061 2659 1427 2718 memoriam
1471 2657 1864 2717 inventarum
1906 2657 2029 2716 fru-

245 2774 390 2833 gum
415 2798 418 2803 -
434 2759 610 2816 statis
655 2750 1151 2837 solemnibusque
1209 2757 1554 2816 cerimoniis
1616 2766 2028 2816 consecratam

248 2875 381 2916 esse
422 2860 871 2937 pronunciavit.
923 2859 1298 2919 Themistius
1332 2856 1448 2918 Or.
1490 2855 1722 2919 XXIX.
1767 2856 1909 2916 349.
1954 2856 2028 2916 A.

248 2949 696 3042 πλησιάζωμεν
732 2960 855 3039 ἤδη
910 2967 1046 3030 ταῖς
1086 2963 1352 3027 τελεταῖς
1396 2957 1501 3017 καὶ
1542 2958 1658 3036 τὴν
1702 2957 2028 3039 Προδίκου

253 3057 482 3139 σοφίαν
535 3066 662 3128 τοῖς
720 3058 920 3145 λόγοις
977 3058 1478 3145 ἐγκαταμίξωμεν
1488 3103 1508 3130 ,
1565 3058 1632 3126 ὃς
1677 3057 2029 3142 ἱερουργίαν

252 3165 461 3222 πᾶσαν
527 3146 891 3241 ἀνθρώπων
955 3159 1060 3222 καὶ
1081 3229 1083 3233 ,
1124 3156 1436 3240 μυστήρια
1500 3157 1605 3219 καὶ
1659 3155 2029 3244 πανηγύρεις
2118 3220 2120 3227 ,

256 3259 360 3318 καὶ
411 3242 650 3349 τεῇεῆἂς
704 3269 832 3324 τῶν
886 3258 1186 3346 γεωργίας
1230 3257 1465 3330 ἐξάπτει
1507 3265 1731 3321 καλοῦν.
1818 3255 2028 3336 Neque

251 3357 560 3438 discrepat
614 3359 870 3420 Maximi
926 3359 1099 3436 Tyrii
1147 3358 1451 3436 judicium
1510 3356 1612 3416 Or.
1668 3350 1868 3416 XXX.
1927 3355 2026 3415 93.
