2158 3848
229 187 354 247 262
758 198 995 244 LIBER
1038 196 1472 243 SECUNDUS.

233 328 474 393 ἐκάλεσε
487 374 509 403 ,
552 328 755 392 καίτοι
796 328 868 391 τὸ
913 334 1027 390 τοῦ
1053 326 1334 410 μάντεως
1377 329 1579 409 ὄνομα
1621 329 1727 392 καὶ
1766 330 1806 409 ἡ
1846 354 2009 412 μαν-

231 430 368 509 τικὴ
423 429 583 492 κατὰ
641 435 864 491 πασῶν
917 435 1048 491 τῶν
1090 429 1255 491 οὕτω
1297 436 1732 514 προλεγουσῶν
1773 438 2011 510 τεχνῶν

232 529 606 613 ἐπιφέρεται·
666 525 922 610 μάντεις
963 527 1086 611 γὰρ
1130 535 1468 593 καλοῦνται
1522 532 1586 592 οῗ
1630 553 1695 592 τε
1739 529 2014 614 ἱεροσκό-

233 654 338 691 ποι
381 630 487 691 καὶ
531 630 589 690 οἱ
633 624 954 690 οἶιονισταὶ
996 625 1102 686 καὶ
1144 629 1203 688 οἱ
1228 630 1620 712 γενεθλιακοὶ
1660 630 1766 692 καὶ
1807 632 1867 693 οἱ
1907 631 2017 694 διὰ

235 726 575 810 συμβόλων
629 726 735 788 καὶ
794 727 852 787 οἱ
907 724 1015 786 διὰ
1072 726 1309 807 ἱερείων
1365 730 1792 815 προλέγοντες,
1861 730 2017 813 πρὸς

233 825 475 895 τούτοις
527 824 597 887 δὲ
646 821 1068 909 χρησμολόγοι
1122 824 1230 887 καὶ
1281 827 1690 910 θεομάντεις·Δ
1755 832 1904 893 ἔνιοι
1946 827 2018 892 δὲ
2108 887 2112 896 ,

234 927 339 988 καὶ
380 926 528 995 τοὺς
573 922 1006 1008 ὀνειροπόλους
1049 923 1170 986 ὑπὸ
1214 934 1329 989 τοῦ
1373 935 1630 1006 ποιητοῦ
1674 930 2018 1008 κληθέντας

237 1031 303 1090 ἐν
342 1032 474 1095 τοῖς
515 1023 776 1107 μάντεσι
818 1025 1296 1110 καταλέγουσιν’
1360 1029 1487 1089 ἄλλ’
1545 1028 1650 1113 ὅγε
1696 1027 2020 1112 Ἱπποκράὲ

234 1152 343 1206 της
397 1127 544 1196 τοὺς
600 1126 929 1195 οἷωνιστόις
981 1122 1217 1206 μόνους
1273 1125 1568 1210 ὀνομάζει
1608 1124 1861 1210 μάντεις
1905 1128 2022 1198 ὥς-

236 1225 441 1296 αύτως
483 1234 573 1308 τῷ
606 1234 824 1306 ποιητῇ
863 1226 1045 1287 Ἀλλ’
1094 1227 1231 1311 ἄγε
1274 1225 1367 1307 δή
1411 1252 1592 1292 τινα
1633 1225 1923 1309 μάντιν
1964 1251 2019 1289 κ.

234 1351 287 1391 τ.
335 1336 386 1389 λ.
433 1328 594 1410 ἱερέα
637 1326 755 1409 μὲν
800 1327 996 1410 λέγων
1037 1326 1153 1389 τὸν
1195 1325 1580 1410 ἱεροσκόπον,
1626 1325 2024 1411 ὀνειροπόλον
2105 1351 2108 1354 ’

236 1427 305 1490 δὲ
349 1428 462 1491 τὸν
505 1426 646 1509 περὶ
685 1425 833 1495 τοὺς
878 1424 1159 1508 ὀνείρους
1204 1428 1458 1506 ἔχοντα,
1519 1426 1754 1511 μάντιν
1796 1425 1867 1491 δὲ
1908 1427 2024 1491 τὸν

237 1525 593 1606 οἰωνιστήν·
641 1527 715 1588 οὔ
759 1525 883 1611 γὰρ
928 1524 1007 1603 δὴ
1040 1526 1382 1607 ’παρέλιπεν
1426 1527 1511 1591 ὀὲν
1554 1528 1772 1601 αὐτὸν,
1818 1533 1902 1598 εἰς
1943 1527 2022 1590 τὰ

235 1629 496 1714 μέγιστα
539 1623 889 1706 πολλαχόθι
930 1632 1039 1703 τῆς
1081 1623 1381 1705 ποιήσεως
1423 1629 1530 1690 καὶ
1579 1636 1657 1711 τῇ
1701 1627 1840 1710 περὶ
1880 1627 2028 1697 τοὺς

240 1727 499 1796 οἰωνοὺς
554 1729 739 1806 τέχνῃ
786 1722 1111 1807 χριόμενος
1141 1721 1229 1806 [fJ.
1319 1724 1642 1788 Postrema
1698 1728 2063 1789 verissime

239 1826 350 1885 sed
394 1836 596 1885 cetera
639 1828 705 1884 in
749 1824 970 1884 eodem
1015 1843 1221 1883 errore
1279 1837 1635 1900 versantur,
1698 1846 1820 1906 quo
1866 1827 2031 1887 Stoi-

241 1945 452 1987 corum
497 1927 726 2005 opinio.
813 1925 974 1984 Nam
1032 1924 1202 2004 apud
1244 1923 1592 1984 Homerum
1645 1944 1829 1986 nemo
1889 1936 2030 1986 exta

243 2026 534 2098 consulit,
602 2043 802 2104 neque
860 2026 1111 2084 omnino
1169 2023 1343 2084 aliud
1397 2043 1587 2102 genus
1647 2026 2030 2087 vaticinandi

240 2126 364 2183 illis
415 2126 479 2183 in
533 2144 648 2184 usu
703 2114 853 2196 fuit,
922 2133 1166 2203 praeter
1223 2143 1378 2204 quae
1433 2143 1622 2206 supra
1682 2129 2031 2187 nominavi-

243 2245 400 2285 mus.
487 2224 713 2285 Narrat
755 2223 1003 2302 quidem
1047 2222 1245 2282 multa
1287 2225 1523 2285 Plinius
1567 2226 1701 2286 VII.
1748 2225 1848 2286 57.
1893 2227 2033 2288 Au-

184 2355 185 2364 *
244 2327 461 2404 guria
518 2344 605 2384 ex
648 2323 932 2385 avibus
979 2320 1124 2382 Car
1176 2326 1513 2400 invenit3
1579 2326 1883 2405 adjecit
1936 2345 2033 2387 ex

248 2427 534 2484 ceteris
592 2423 1067 2483 animalibus
1113 2422 1495 2504 Orpheus3
1550 2428 2034 2507 aruspicium

244 2524 627 2605 DelphuS‚
682 2524 1110 2602 ignispicia
1162 2523 1714 2603 Amphiaraus,
1772 2530 2035 2608 auspi-

249 2628 364 2684 cia
407 2625 664 2684 avium
692 2622 1071 2696 TiresiaS‚
1115 2622 1226 2682 sed
1271 2625 1376 2702 qui
1421 2634 1621 2685 totum
1660 2628 1864 2686 locum
1907 2647 2035 2686 me-

251 2725 441 2785 ditate
484 2726 730 2803 legerit,
777 2742 861 2782 ex
891 2723 1263 2782 futilissimis
1297 2723 1423 2783 illis
1451 2725 1846 2808 Εὑρημάτων
1889 2729 2035 2787 Scri,
2082 2709 2090 2727 ³
2142 2706 2154 2733 ‘²

250 2825 532 2907 ptoribus
572 2825 859 2883 haustum
896 2841 1029 2881 esse
1061 2823 1375 2902 intelliget.
1463 2824 1884 2906 Apollodorus
1927 2842 2036 2888 au-

252 2936 407 3000 tem,
458 2927 586 3005 :qui
627 2925 1009 3003 Melampum
1065 2923 1256 2983 tradit
1316 2925 1484 3006 apud
1527 2926 1837 3007 Alpheum
1896 2946 2033 2987 cum

256 3025 544 3104 Apolline
589 3042 979 3104 congressum
1019 3023 1133 3103 τὴν
1179 3025 1277 3087 ἐπὶ
1318 3035 1448 3090 τῶν
1503 3029 1688 3109 ἱερῶν
1729 3030 2035 3110 μαντικὴν

375 3233 435 3293 [f]
469 3237 574 3280 Fuit
612 3238 723 3280 liber
763 3237 817 3281 τὰ
848 3239 954 3297 περὶ
993 3239 1270 3293 οῗωνιστικῆς
1310 3243 1385 3293 τῆς
1423 3238 1524 3284 καθ’
1559 3238 1763 3300 Ὅμηρον
1803 3241 2033 3296 inscriptus

222 3325 224 3327 ψ
259 3297 400 3338 Schol.
442 3296 493 3338 ΙΙ.
535 3301 589 3339 Β.
631 3295 729 3339 305.
772 3297 894 3353 cujus
934 3303 1084 3339 auctor
1125 3298 1293 3352 Polles,
1335 3299 1417 3352 nisi
1454 3299 1568 3342 fallit
1608 3301 1856 3357 conjectura
1884 3298 2031 3343 Wolfii

262 3355 458 3411 Prolegg.
492 3370 534 3412 p.
567 3354 762 3398 CXCVI.
795 3370 835 3398 v.
868 3355 1041 3399 Fabric.
1075 3356 1130 3400 ad
1161 3357 1320 3401 Marin.
1350 3357 1420 3400 88.
1456 3355 1549 3400 147.
