2158 3848
206 245 291 305 86
805 253 1040 319 Lmen
1083 249 1392 296 PRIMUS.

210 385 487 446 Clemens
531 383 757 444 Strom.
800 385 903 444 IV.
939 385 1082 446 633.
1124 390 1438 467 μυστικῶς
1481 381 1588 443 καὶ
1627 381 1698 443 τὸ
1746 383 1984 445 Πυθα-

206 483 452 570 γόρειον
518 486 745 569 ἐλέγετο
803 488 911 549 ἕνα
966 486 1261 570 γενέσθαι
1313 483 1418 545 καὶ
1472 482 1586 544 τὸν
1642 482 1987 562 ἄνθρωπον

208 584 358 648 δεῖν.
444 583 760 644 Himerius
804 585 930 644 Ecl.
975 582 1198 644 XVIII.
1233 583 1375 642 262.
1422 581 1646 644 ὤδινεν
1691 582 1753 650 ἐξ
1798 581 1987 662 οὖρα-

208 692 321 747 νοῦ
391 685 506 763 τὴν
553 683 922 767 Ἀφροδίτην
975 685 1012 763 ἡ
1069 681 1398 755 θάλασσα,
1466 682 1579 751 τὰς
1634 678 1703 742 δὲ
1759 679 1990 748 ὠδῖνας

207 783 438 852 ταύτας
483 785 704 851 αἵτινές
744 786 874 846 ποτ’
922 783 1067 854 εἶσὶ,
1123 781 1412 863 μυστικοὶ
1473 778 1644 865 λόγοι
1698 775 1991 862 κρύπτειν

209 880 550 954 κελεύουσι,
616 883 960 959 significans
1018 879 1327 960 quandam
1371 879 1757 939 subtiliorem
1802 879 1992 938 ratio-

208 999 350 1039 nem
392 999 504 1039 nec
549 981 836 1040 omnibus
877 983 943 1040 in
985 989 1284 1061 promptu
1326 980 1614 1060 positam.
1700 978 1992 1042 Sidonius

208 1079 414 1161 Apoll.
459 1081 576 1160 Ep.
620 1079 728 1139 IX.
773 1081 915 1141 264.
960 1082 1292 1158 mystico
1340 1079 1703 1159 amplexu
1746 1087 1993 1137 tecum

209 1180 550 1239 membra
613 1183 1024 1260 conjungit
1093 1179 1625 1260 philosophia.
1725 1175 1994 1238 Causam

210 1279 479 1357 symboli
533 1283 599 1340 in
644 1282 882 1341 occulto
925 1281 1200 1341 habitam
1244 1282 1361 1340 hoc
1402 1280 1655 1339 nomine
1698 1279 1998 1356 significat

210 1378 479 1441 Achilles
549 1380 684 1441 Tat.
740 1383 845 1441 III.
903 1382 961 1441 6.
1033 1381 1110 1439 de
1164 1379 1340 1441 Jovis
1401 1378 1570 1440 Casii
1634 1385 1842 1437 statua
1903 1377 1995 1436 lo-

213 1498 432 1558 quens:
498 1484 918 1563 προβέβληται
982 1482 1098 1561 τὴν
1146 1487 1325 1563 χεῖρα
1370 1480 1475 1543 καὶ
1522 1482 1639 1559 ἔχει
1683 1478 1864 1559 ῥοιὰν
1907 1478 1995 1540 ἐπ’

214 1579 389 1658 αὐτῇ·
445 1589 552 1659 τῆς
608 1580 678 1643 δὲ
723 1586 893 1661 ῥοιᾶς
939 1581 970 1643 ὅ
1019 1579 1197 1665 λόγος
1240 1578 1558 1663 μυστικάς.
1605 1576 1768 1637 Juno
1813 1578 1996 1654 Poly·

214 1677 356 1736 cleti
411 1698 517 1738 cur
572 1680 766 1739 altera
819 1699 1007 1740 manu
1050 1681 1283 1738 malum
1325 1679 1618 1757 punicum
1662 1685 1861 1754 gerat,
1906 1675 2000 1736 di-

215 1797 349 1837 cere
391 1788 634 1839 recusat
675 1781 1011 1840 Pausanias
1054 1780 1130 1838 ΙΙ.
1182 1780 1277 1839 17.
1332 1779 1476 1859 quia
1520 1774 2001 1860 ἇπορῤητότερος

215 1878 247 1940 ὅ
295 1875 489 1962 λόγος.
537 1878 760 1939 Strabo
808 1881 877 1940 L.
921 1880 1032 1940 IX.
1075 1880 1221 1939 411.
1265 1877 1769 1965 συγκαθίδρυται
1810 1877 1842 1938 ὃ
1872 1877 2000 1941 Ἅι-

215 1977 327 2055 δης
368 1986 445 2058 τῇ
484 1980 746 2061 Ἀθηνᾷ,
791 1978 951 2042 κατά
994 2004 1157 2053 τινα,
1204 1981 1287 2050 ὥς
1331 1999 1508 2061 φασι,
1551 1975 1859 2058 μυστικὴν
1902 1981 2001 2038 αἶ·-

213 2076 373 2141 τίαν.
462 2078 610 2153 Est,
666 2079 774 2140 ubi
816 2080 895 2140 ab
939 2080 1262 2158 allegorico
1309 2077 1572 2137 discerni
1614 2093 1741 2134 non
1780 2077 1999 2156 possit.

219 2175 471 2239 Servius
515 2178 598 2238 ad
641 2180 859 2258 Georg.
889 2181 996 2240 III.
1030 2178 1173 2240 391.
1217 2177 1657 2255 Endymion
1700 2193 2002 2235 amasse

218 2274 509 2338 dicitur
551 2280 870 2356 Lunam3
915 2281 1042 2360 qui
1085 2289 1396 2360 spretus
1440 2277 1671 2358 pavit
1712 2292 2002 2355 pecora

218 2387 291 2435 et
336 2379 444 2437 sic
488 2398 647 2439 eam
691 2382 770 2439 in
815 2398 994 2454 suos
1036 2381 1312 2439 illexit
1355 2375 1791 2458 amplexus.
1871 2371 2002 2434 Cu-·

210 2477 339 2553 jus
404 2480 521 2536 rei
584 2481 918 2555 mystici⁴
962 2480 1248 2540 volunt
1301 2475 1686 2558 quandam
1750 2493 2008 2534 secre-

218 2586 372 2636 tam
417 2596 588 2637 esse
629 2580 1034 2637 rationem.
1076 2578 1256 2643 Illam
1297 2576 1589 2639 videlicet
1620 2592 1803 2655 quam
1837 2574 2002 2635 Stoi„

221 2674 396 2735 cidae
449 2677 789 2739 venditant.
890 2678 1244 2738 Lactantius
1300 2676 1382 2737 ad
1437 2676 1591 2735 Stat.
1649 2673 1838 2734 Theb.
1892 2675 1999 2733 III.

222 2772 363 2837 560.
406 2777 638 2838 Fama
683 2779 1145 2856 cataclysmi
1189 2778 1448 2838 inanis
1494 2783 1641 2849 est,
1685 2793 1822 2834 nec
1863 2773 2002 2834 fie-

220 2876 287 2935 ri
329 2880 627 2955 potuit,
682 2878 817 2939 sed
858 2880 1188 2956 mystice
1241 2897 1380 2959 per
1420 2875 1762 2936 fabulam
1804 2874 2001 2952 figu-

221 2985 470 3037 ratum
539 2989 685 3053 est,
759 2980 937 3059 quia
1005 2997 1237 3057 genus
1292 2976 1741 3038 mortalium
1795 2974 2001 3036 vitia

224 3083 454 3154 atque
507 3080 826 3156 ignavia
867 3080 1180 3141 invasit.
1275 3077 1451 3140 Idem
1494 3075 1575 3136 ad
1615 3077 1692 3136 H.
1733 3071 1877 3135 715.
1922 3072 2000 3134 de
2089 3087 2093 3092 ’

224 3173 541 3238 Minervae
583 3189 791 3258 partu:
849 3179 988 3240 Est
1028 3171 1212 3242 vero
1256 3178 1742 3256 mysterium,
1797 3172 1999 3256 quod

227 3277 434 3337 lueis·
468 3277 765 3361 (Lucinis)
809 3281 1273 3341 intaminata
1315 3288 1545 3359 atque
1588 3277 1821 3335 armis
1853 3292 1999 3335 mu-

227 3378 388 3437 nita
431 3378 654 3458 virgo
699 3379 788 3440 de
831 3383 1130 3443 vertice
1173 3379 1297 3440 dei
1339 3378 1655 3440 maximi
1692 3383 1864 3435 orta
1895 3372 1999 3433 di-
