2158 3848
809 259 1258 304 onrnrcA.
1796 249 1922 310 387

157 394 471 464 stantis,
514 388 892 451 instantis
936 395 1011 445 et
1050 387 1282 466 rapti.
1341 387 1625 449 Lutatius
1667 391 1925 458 adStat.

159 493 343 555 Theb.
385 492 433 550 Ι.
478 488 620 549 509.
677 487 934 566 tripus
992 495 1107 545 est
1159 487 1467 567 species
1509 487 1715 546 lauri
1771 499 1927 551 tres

152 591 444 652 habens
486 586 792 647 radi-ces
835 585 1200 666 Apollini
1260 595 1712 646 consecrata
1753 607 1928 668 pro-

152 700 322 771 pter
364 687 757 768 triplicem
799 687 955 748 vim
998 684 1555 761 divinationis3
1597 704 1767 745 nam
1798 685 1930 746 Sol

154 799 226 849 et
266 787 712 869 praeterita
766 784 985 846 videt
1041 794 1114 843 et
1169 787 1625 865 praesentia
1679 786 1930 846 cernit

152 899 227 948 et
290 889 558 948 futura
616 887 933 947 visurus
995 887 1235 963 est[¹’].
1335 884 1514 944 Paria
1573 894 1930 964 argutantur

150 988 510 1066 Fulgentius
553 985 750 1063 Myth.
793 986 840 1044 Ι.
883 1005 930 1044 c.
980 983 1075 1068 16.
1122 993 1184 1041 et
1228 983 1450 1043 Suidas
1495 1003 1542 1044 s.
1586 985 1645 1045 h.
1673 1004 1734 1047 v.
1787 983 1929 1044 Jam

153 1087 232 1148 de
287 1086 486 1147 triade
538 1087 694 1146 hanc
747 1069 1267 1161 Pythagoreorum
1321 1084 1685 1142 sententiam
1742 1083 1932 1142 refert

107 1187 109 1189 ’
150 1184 636 1247 Aristotelesde
691 1181 857 1243 Coel.
899 1185 947 1245 Ι.
999 1182 1051 1242 l.
1105 1182 1184 1244 τὰ
1227 1181 1371 1265 τρία
1413 1180 1621 1246 πάντα
1675 1218 1762 1228 —-
1814 1207 1929 1244 κα-

152 1285 360 1368 θάπερ
403 1284 528 1369 γάρ
573 1285 872 1366 φασιν-οἱ
915 1280 1352 1367 Πυθαγόρειοι
1393 1282 1464 1345 τὸ
1510 1290 1639 1346 πᾶν
1693 1281 1799 1344 καὶ
1851 1281 1930 1343 τὰ

152 1384 357 1449 πάντα
410 1390 541 1453 τοῖς
594 1383 800 1466 τρισὶν
855 1382 1140 1465 ὥρισται·
1211 1383 1456 1462 τελευτὴ
1500 1382 1622 1468 γὰρ
1676 1381 1781 1443 καὶ
1821 1382 1928 1464 με’-

153 1507 267 1549 σον
309 1485 414 1547 καὶ
458 1483 616 1566 ἀρχὴ
659 1483 772 1546 τὸν
818 1483 1100 1564 ἀριθμὸν
1144 1484 1261 1562 ἔχει
1302 1490 1416 1544 τοῦ
1466 1480 1728 1550 παντός·
1775 1489 1929 1543 ταῦ-

151 1612 229 1649 τα
287 1585 356 1648 δὲ
410 1584 523 1647 τὸν
576 1590 684 1662 τῆς
737 1579 1009 1664 τριάδος.
1098 1581 1269 1641 Theo
1327 1581 1405 1641 de
1462 1582 1619 1640 Mus.
1676 1601 1723 1638 c.
1768 1579 1928 1638 XLI.

153 1706 213 1767 p.
263 1682 400 1744 157.
457 1682 615 1742 Bull.
651 1682 708 1762 ἦ
750 1681 926 1764 τριὰς
968 1680 1178 1765 πρώτη
1242 1683 1438 1764 ἀρχὴν
1479 1683 1585 1744 καὶ
1625 1682 1782 1762 μέσα
1825 1682 1931 1742 καὶ

152 1783 439 1864 τελευτὴν
482 1786 628 1862 ἔχει·
675 1781 774 1845 διὸ
819 1782 924 1843 καὶ
965 1780 1177 1864 πρώτη
1224 1783 1456 1866 λέγεται
1499 1780 1704 1844 πάντα
1752 1781 1925 1843 εἶναι·

154 1885 253 1947 ἐπὶ
292 1884 416 1969 γὰρ
461 1880 783 1950 ἐλάττονος
836 1882 1025 1959 αὐτῆς
1081 1882 1154 1943 οὗ
1215 1882 1448 1966 λέγεται
1505 1878 1711 1943 πάντα
1774 1881 1932 1943 εἶναι

155 1983 309 2046 ἀλλὰ
367 1981 592 2046 ἓνκαὶ
648 1973 972 2063 ἀμφότερα
990 1980 1082 2059 [9].
1181 1978 1359 2040 Unde
1410 1999 1535 2039 non
1579 1980 1795 2059 procul
1841 1979 1931 2038 di—

154 2090 278 2142 stat
319 2081 487 2141 Ionis
532 2081 765 2153 oratio,
821 2082 1031 2140 omnia
1088 2065 1206 2139 tria
1248 2099 1446 2159 neque
1491 2091 1597 2139 aut
1639 2080 1780 2160 plus
1825 2091 1932 2140 aut

153 2184 356 2241 minus
400 2198 550 2240 esse.
637 2181 920 2258 Singulas
962 2190 1169 2240 autem
1213 2181 1506 2258 cujusque
1543 2179 1760 2239 triadis
1800 2199 1932 2238 mo-

155 2281 346 2341 nades
390 2281 545 2340 alius
590 2281 768 2339 aliter
811 2279 1149 2359 descripsit.
1217 2279 1396 2338 Plato
1443 2277 1621 2356 Legg.
1666 2277 1744 2339 X.
1788 2279 1932 2339 888.

276 2450 338 2507 [P]
369 2450 613 2506 Hesychius
649 2452 799 2509 Τρίοψ
840 2444 863 2492 ὁ
894 2445 982 2492 ὑπὸ
1012 2450 1102 2492 τῶν
1130 2450 1469 2507 Πυθαγορικῶν
1501 2444 1634 2503 [οὕτω
1665 2444 1927 2507 λεγόμενος]

157 2509 208 2553 ἐν
245 2511 444 2566 Δελφοῖς
481 2511 679 2566 τρίπους.
741 2507 1023 2550 Casaubonus
1052 2507 1266 2563 tripodem
1295 2507 1501 2549 musicum
1530 2507 1811 2562 Pythagorae
1840 2507 1930 2549 Za-

158 2568 322 2624 cynthii
350 2567 538 2624 intelligi
564 2571 714 2623 putat,
743 2579 870 2623 'quem
898 2567 1143 2608 Athenaeus
1173 2565 1292 2607 XIV.
1324 2563 1426 2608 637.
1458 2564 1510 2608 C.
1539 2578 1593 2607 ea
1622 2566 1765 2622 specie
1794 2566 1930 2608 fuisse

155 2626 315 2679 tradit,
361 2639 487 2682 quam
530 2625 721 2667 cortinae
762 2625 935 2667 habent.
976 2625 1031 2667 cf.
1074 2623 1236 2667 Euseb.
1269 2623 1368 2666 adv.
1401 2623 1598 2667 Marcell.
1631 2625 1680 2667 L.
1711 2624 1748 2667 I.
1780 2639 1823 2681 p.
1859 2624 1927 2667 16.

155 2684 207 2728 Β.
251 2686 310 2727 At
346 2686 384 2729 is
425 2698 508 2726 non
549 2688 696 2726 tantae
738 2683 1003 2725 celebritatis
1042 2683 1152 2736 fuit,
1183 2688 1231 2724 ut
1261 2683 1537 2725 communiter
1566 2697 1597 2724 a
1622 2683 1928 2739 Pythagoricis

156 2743 331 2800 proprio
371 2742 554 2799 quodam
595 2741 761 2784 nomine
799 2741 1028 2797 insignitus
1057 2741 1273 2783 videatur.
1331 2740 1392 2783 Hi
1420 2741 1565 2798 potius
1593 2741 1803 2798 tripodem
1834 2742 1927 2783 del·

158 2802 340 2858 pineum,
372 2801 506 2857 etymi
534 2800 778 2858 explicandi
808 2815 954 2853 causa,
982 2800 1164 2857 triopem
1194 2800 1408 2852 dixerunt,
1440 2799 1553 2855 quod
1582 2800 1621 2841 is
1646 2800 1721 2856 qui
1739 2799 1780 2841 ei
1800 2813 1929 2855 prae-

160 2860 319 2903 sideret
347 2865 393 2902 et
420 2859 474 2902 de
503 2860 660 2902 futuris
690 2859 922 2915 conjiceret
950 2864 994 2901 et
1023 2859 1271 2916 praesentia
1300 2858 1566 2915 perspiceret
1595 2863 1639 2900 et
1669 2859 1928 2914 praeterito-

161 2930 253 2960 rum
292 2918 571 2971 meminisset,
611 2918 724 2960 sicut
766 2917 1001 2960 Salmasius
1033 2922 1178 2960 censet
1205 2917 1393 2959 Herodis
1428 2912 1647 2974 Τριόπιον
1674 2916 1739 2958 ita
1769 2916 1929 2959 dictum

163 2989 256 3017 esse
293 2982 494 3033 tanquam
534 2976 793 3032 triquetrum
821 2981 866 3019 et
892 2975 1116 3030 trifinium,
1148 2975 1264 3032 quod
1291 2975 1336 3017 in
1364 2981 1453 3017 tres
1482 2979 1627 3031 partes
1658 2979 1930 3031 prospectum

164 3033 363 3086 haberet,
402 3035 457 3077 ad
487 3034 618 3077 Cons.
648 3033 813 3077 Herod.
844 3048 887 3091 p.
918 3033 1020 3078 651.
1051 3035 1110 3078 Τ.
1140 3035 1201 3078 ΙΙ.
1234 3034 1369 3076 Thes.
1400 3032 1550 3075 Polen.
1594 3033 1721 3089 Apud
1751 3033 1931 3077 eundem

163 3091 421 3146 Hesychium
467 3090 535 3136 Τὰ
565 3090 655 3135 ἀπὸ
686 3092 922 3151 τρίποδος,
965 3093 1043 3138 ἐπὶ
1069 3095 1161 3138 τῶν
1188 3092 1369 3147 ἀληθῶς
1397 3093 1678 3149 λεγομένων,
1709 3086 1808 3146 ἤτοι
1837 3090 1928 3135 ἀπὸ

163 3151 243 3192 τοῦ
282 3150 511 3207 Δελφικοῦ
549 3150 762 3208 τρίποδος
802 3147 829 3203 ἢ
870 3147 960 3195 ἀπὸ
1002 3155 1081 3197 τοῦ
1110 3151 1461 3210 Πυθαγορικοῦ,
1492 3149 1562 3193 vel
1594 3149 1819 3206 legendum
1849 3155 1930 3203 est,

164 3212 212 3249 ut
240 3207 454 3250 zenobius
482 3208 654 3266 scripsit
681 3204 976 3266 Πυθαγόρου,
1007 3212 1078 3254 vel
1106 3208 1457 3265 intelligendum3
1496 3208 1715 3252 Albertius
1746 3209 1928 3252 fallitur.

168 3324 174 3327 ,
254 3334 263 3345 ¹
282 3279 343 3335 [q]
377 3279 548 3322 ocellus
586 3281 660 3336 (ut
700 3294 812 3323 nunc
852 3280 1033 3339 legitur)
1064 3297 1134 3339 ap.
1165 3281 1279 3337 Lyd.
1312 3280 1366 3323 de
1395 3279 1536 3325 Mens.
1574 3297 1618 3339 p.
1648 3282 1720 3326 20.
1751 3279 1779 3337 ἡ
1808 3279 1933 3341 τριὰς

165 3352 318 3395 πρωτη
347 3341 626 3407 ‘curt-orno&
669 3336 839 3397 ἀρχὴν,
886 3337 1108 3397 μεσότητα
1150 3342 1225 3383 καὶ
1264 3335 1487 3393 τελευτήν·
1528 3345 1572 3383 et
1599 3340 1643 3383 in
1674 3340 1812 3393 libro,
1857 3339 1929 3397 qui

167 3395 316 3439 Ocello
346 3396 592 3439 inscribitur
620 3397 656 3440 L
687 3396 730 3440 4.
764 3394 860 3454 ὅροι
893 3399 977 3441 εἰσὶ
1008 3403 1150 3457 τρεῖς,
1183 3401 1368 3457 γένεσις,
1401 3394 1548 3456 ἀκμή,
1579 3395 1771 3452 τελευτή.

1437 3468 1598 3530 25*
