2158 3848
785 219 1357 264 ELEUSINIA.
1876 214 1961 274 63

187 354 452 432 deosque
500 352 889 432 praefantem
948 353 1236 414 convenit
1278 361 1410 411 tum
1453 354 1520 411 in
1560 368 1960 431 praemonen-

185 464 307 512 tem
323 494 341 523 ‚
387 451 536 530 quid
580 449 1031 514 observandum
1075 454 1157 511 sit
1197 453 1315 511 rite
1358 452 1801 514 sacrificaturis,
1845 457 1961 517 Ao-

184 552 451 610 curatius
507 552 655 612 haec
710 552 1015 631 explicari
1071 562 1395 632 nequeunt.
1502 552 1735 613 Rerum
1792 574 1960 629 vero,

181 670 336 730 quae
396 650 738 710 auditione
765 654 1252 732 perciperentur,
1321 652 1445 712 duo
1502 652 1689 712 facio¹
1723 672 1960 731 genera,

180 751 546 810 Pausaniam
591 769 853 830 sequens
883 752 955 810 V.
992 750 1086 813 15.
1122 754 1180 813 6.
1225 751 1442 815 ὁπόσα
1467 753 1565 815 ἐπὶ
1597 759 1732 823 ταῖς
1770 775 1962 818 eamr«

151 851 319 919 ’δαῖς
359 852 553 935 λέγειν
587 853 969 932 καθέστηκεν
1003 853 1042 932 ἢ
1080 854 1184 915 καὶ
1221 853 1471 935 ὕμνους·
1488 852 1741 923 ’ὁποίους
1769 854 1963 935 ᾄδου-

180 971 282 1013 σιν
337 960 446 1009 etc.
505 970 762 1031 quorum
818 969 1106 1035 generum
1162 970 1287 1011 uno
1330 952 1799 1032 Hierophantae
1844 953 1963 1013 diis

179 1050 427 1110 libantis
480 1069 691 1130 preces
745 1051 1052 1132 supplices
1108 1052 1522 1125 continentur,
1578 1053 1771 1111 altero
1827 1071 1964 1113 can—

182 1151 367 1210 ticum
423 1150 609 1223 illud,
667 1153 764 1210 cui
819 1169 1044 1212 nomen
1098 1152 1315 1212 Iacchi.
1424 1152 1565 1213 Hoc
1620 1153 1783 1211 enim
1838 1171 1964 1212 non

179 1250 378 1308 solum
444 1269 630 1330 quum
696 1269 931 1331 pompa
983 1251 1339 1312 Eleusinem
1396 1252 1801 1312 deduceretur
1854 1253 1965 1313 sed

179 1350 363 1408 etiam
401 1367 494 1408 ex
537 1348 728 1427 adyto
773 1351 1056 1412 auditum
1102 1372 1254 1426 esse,
1299 1354 1606 1432 colligitur
1641 1372 1718 1412 ex
1741 1352 1962 1413 Athen.

180 1448 250 1508 V.
296 1449 438 1508 213.
492 1450 570 1509 D.
627 1451 743 1531 τὴν
780 1452 956 1536 ἱερὰν
992 1462 1114 1517 τοῦ
1152 1452 1389 1535 Ἰάκχου
1444 1454 1665 1537 φωνὴν
1716 1474 1963 1540 σεσιγα-

181 1552 442 1631 σμένην,
496 1551 567 1613 τὸ
619 1553 850 1634 σεμνὸν
886 1552 1239 1638 ἀνάκτορον
1257 1560 1411 1618 ’τοῖν
1447 1559 1630 1618 θεοῖν
1663 1555 1962 1636 κεκλειμέ-

177 1675 323 1724 νον,
392 1657 456 1708 et
523 1669 607 1709 ex
671 1651 942 1712 Himerii
1004 1653 1214 1715 verbis
1273 1655 1484 1733 paullo
1538 1663 1691 1713 ante
1742 1654 1962 1713 allatis.

180 1748 517 1830 Utrumque
558 1760 764 1811 autem
807 1771 995 1830 genus
1037 1753 1350 1814 Aristides
1388 1771 1512 1812 uno
1555 1755 1807 1814 nomine
1833 1761 1964 1816 τῶν

178 1859 414 1933 φωνῶν
465 1851 789 1930 complecti
844 1853 1108 1916 videtur.
1206 1853 1327 1912 His
1381 1851 1539 1914 vero
1563 1854 1830 1912 canticis·
1869 1871 1965 1912 ar-

179 1951 583 2029 gumentosis,
627 1960 699 2010 ut
741 1951 907 2012 credi
931 1971 1064 2033 -par
1109 1961 1232 2027 est,
1276 1952 1685 2032 gravibusque
1702 1997 1719 2027 ,
1765 1963 1829 2012 et
1868 1954 1963 2032 ip-

178 2054 305 2111 sius
350 2051 814 2130 Hierophantae
859 2055 1138 2112 oratione
1182 2062 1245 2112 et
1288 2063 1646 2133 opertorum
1689 2054 1963 2131 magnifi-

178 2171 282 2211 cae
336 2151 648 2229 religionis
705 2150 999 2232 adspectu
1053 2152 1333 2212 homines
1391 2152 1649 2212 deorum
1696 2154 1963 2213 colentes

179 2252 447 2329 graviter
490 2260 835 2310 commotos
881 2261 944 2310 et
986 2251 1064 2311 ab
1109 2254 1279 2311 omni
1324 2253 1445 2311 alia
1489 2254 1855 2330 cogitatione
1883 2252 1964 2312 ad

179 2352 405 2411 summi
459 2351 730 2408 numinis
782 2353 1242 2411 venerationem
1300 2350 1616 2411 traductos
1636 2393 1638 2395 -
1662 2371 1822 2426 esse,
1866 2372 1963 2413 sa-

176 2467 438 2529 nequam
493 2446 967 2510 consentaneum
1024 2459 1134 2510 est.
1233 2450 1359 2511 Sed
1398 2450 1625 2511 idcirco
1668 2469 1795 2511 non
1839 2473 1963 2512 cre-

178 2549 381 2610 dimus
431 2547 924 2628 Hierophantam
981 2549 1059 2609 de
1112 2549 1213 2610 dei
1254 2560 1477 2611 natura
1521 2551 1715 2633 deque
1755 2571 1962 2613 rerum

175 2649 454 2709 omnium
501 2651 718 2711 >causis
768 2658 849 2709 ‘et
902 2651 1222 2733 principiis
1279 2651 1655 2714 disseruisse.
1750 2653 1961 2734 Neque

175 2750 296 2810 hoc
338 2750 609 2810 Galenus
649 2752 785 2832 ipse
827 2753 1161 2831 permittit,
1207 2755 1314 2833 qui
1356 2771 1562 2814 rerum
1606 2752 1959 2815 divinarum

174 2850 640 2929 intelligentiam
695 2853 890 2933 accipi
933 2851 1183 2932 quidem
1228 2873 1262 2911 e
1305 2856 1617 2931 mysteriis
1663 2853 1960 2927 concedit,

177 2949 287 3009 sed
339 2951 509 3011 haud
562 2953 766 3013 minus
821 2952 1107 3013 utilitatis
1166 2953 1464 3034 praebere
1516 2961 1774 3013 naturae
1817 2971 1960 3014 con-

178 3052 649 3130 templationem
693 3052 787 3113 de·
811 3051 943 3114 Usu
985 3053 1146 3114 Part.
1189 3054 1259 3114 L.
1303 3054 1434 3114 VII.
1482 3074 1528 3114 c.
1578 3053 1674 3114 14.
1717 3073 1778 3134 p.
1810 3054 1954 3115 469.

184 3149 254 3208 Τ.
295 3150 426 3211 VH.
468 3152 718 3236 πρόςεχε
764 3155 982 3219 τοίνυν
1027 3181 1136 3237 μοι
1178 3153 1294 3218 τὸν
1342 3162 1499 3218 νοῦν
1529 3162 1769 3236 μᾶλλον
1799 3153 1839 3233 ἢ
1872 3157 1956 3216 εἴ-

180 3274 326 3313 ποτε
365 3251 713 3337 μυούμενος
745 3255 1082 3319 Ἐλευσίνια
1114 3254 1219 3317 καὶ
1244 3253 1672 3338 Σαμοθρᾴκια
1715 3254 1820 3317 καὶ
1844 3256 1953 3316 ἄλ-

184 3358 295 3430 λην
336 3352 478 3415 τινὰ
521 3354 763 3433 τελετὴν
812 3355 999 3439 ἁγίαν
1040 3357 1178 3426 ὅλος
1225 3352 1397 3433 ἦσθα
1433 3355 1588 3439 πρὸς
1622 3359 1751 3424 τοῖς
1785 3354 1950 3438 δρω-
