2158 3848
733 241 1310 287 ELEUSINIA.
1798 235 1911 295 101

132 374 431 437 neraliore
485 373 668 442 titulo
724 375 1231 454 comprehensos»,
1285 373 1551 435 celebrat
1606 378 1913 452 Proculus„

129 493 319 541 unum
376 472 455 532 de
507 473 691 541 Zonis
742 473 812 532 in
870 473 1027 534 Tim.
1046 491 1051 498 '
1072 474 1174 535 IV.
1219 474 1363 535 246.
1409 478 1468 538 οἱ
1508 483 1639 539 τῶν
1681 482 1912 562 θεουρέ

127 582 262 659 γῶν
296 571 629 656 ἀκρότατοι
657 572 817 636 θεὸν
849 574 956 637 καὶ
986 583 1215 639 τοῦτον
1248 576 1387 657 (τὸν
1417 573 1678 657 χρόνον)
1711 578 1911 658 ὕμνη-

129 694 248 735 σαν
292 673 382 742 ῶς
409 673 739 743 Ἰουλιανὸς
782 676 850 759 ἐν
892 674 1149 759 ἑβδόμῳ
1190 684 1321 740 τῶν
1366 676 1599 751 ζωνῶν·-
1629 685 1720 740 ‚et
1763 675 1910 735 ibid.

125 792 187 853 p.
229 770 373 832 258.
426 773 458 835 ὅ
493 774 817 860 Θεουργὸς
861 777 1017 862 λέγει
1057 776 1172 840 τὸν
1214 776 1603 861 δημιουργὸν
1647 778 1709 847 ἓξ
1754 777 1912 839 ἀνα-

125 869 427 954 κρεμάσαι
492 871 715 947 ζώνας,
784 876 1061 958 ἕβδομον
1123 875 1318 955 ἡλίου·
1358 873 1910 959 μεσεμβολήσαντα

124 978 265 1054 πῦρ·
324 972 584 1039 alterum
627 973 1100 1054 Hyphegeticon
1153 995 1213 1055 p.
1258 977 1402 1036 277.
1445 984 1650 1058 πολλῷ
1691 975 1910 1058 πρότε-

124 1096 238 1153 ρον
290 1072 599 1161 Χαλδαῖοι
669 1074 810 1156 περὶ
873 1083 1006 1154 τῆς,
1054 1083 1184 1138 τῶν
1251 1077 1550 1139 ἀπλανῶν
1613 1074 1909 1154 ικινήσεως

124 1170 443 1243 ἐδόξασαν·
489 1173 595 1235 καὶ
634 1172 758 1259 γὰρ
801 1173 882 1236 τὰ
925 1173 1134 1260 Λόγια
1176 1183 1308 1237 τῶν
1353 1176 1634 1258 ἀστέρων
1657 1175 1728 1238 τὸ
1754 1199 1907 1257 προ·

122 1269 405 1354 πόρευμα
458 1280 591 1335 τῶν
645 1273 947 1337 ἀπλανῶν
1006 1273 1296 1345 πολλάκις
1351 1276 1609 1360 λέγοντα
1638 1275 1780 1354 τὴν
1823 1280 1907 1344 εἰς

119 1372 191 1436 τὸ
248 1369 541 1454 πρόσθεν
584 1370 831 1453 κίνησιν
884 1375 1096 1446 αὐτοῖς
1141 1374 1507 1439 ἀποδίδωσι·
1562 1374 1669 1436 καὶ
1712 1374 1744 1436 ὅ
1797 1379 1907 1438 Θε-

120 1472 345 1558 ουργὸς
387 1474 455 1536 ἐν
494 1473 1065 1560 τοῒςὙφηγητικοῖς
1080 1474 1172 1556 [¹¹¹]
1219 1476 1416 1562 λέγων
1448 1475 1589 1559 περὶ
1623 1481 1738 1536 τοῦ
1773 1473 1906 1556 τρί-

118 1599 232 1637 του
274 1572 509 1656 πατρὸς
537 1575 804 1654 Ἕπηξε
846 1574 928 1638 δὲ
962 1575 1209 1639 πολὺν
1243 1566 1521 1660 ὅμιλον
1556 1575 1906 1656 ἀστέρων

120 1676 510 1747 ἀπλανῶν,
552 1675 636 1737 τὸ
681 1683 831 1758 πῦρ
876 1676 1192 1758 πρὸςτὸ
1239 1683 1392 1758 πῦρ
1431 1671 1902 1760 ἀναγκάσας

119 1793 276 1855 quae
330 1773 715 1835 emendatius
767 1775 1051 1854 leguntur
1102 1796 1164 1856 p.
1207 1775 1351 1835 380.
1405 1773 1623 1834 addito
1664 1770 1907 1836 τούτων

118 1873 360 1959 πλήρεις
415 1877 482 1938 αἱ
532 1875 762 1958 βίβλοι,
802 1884 934 1939 τῶν
986 1873 1312 1960 θεολόγων
1354 1875 1461 1937 καὶ
1500 1880 1632 1937 τῶν
1673 1877 1906 1954 196on—

115 1985 266 2064 γῶν·
324 1976 542 2056 hisque
595 1974 947 2035 nominibus
990 1975 1227 2054 passim
1270 1976 1361 2034 ita
1394 1973 1749 2035 indistincte
1785 1972 1907 2030 uti-

115 2087 217 2138 tur
269 2084 342 2136 ut
389 2076 709 2155 utriusque
763 2072 996 2134 Juliani
1048 2078 1390 2136 sententiae
1435 2085 1496 2135 et
1538 2075 1777 2154 scripta⁷
1810 2090 1907 2131 ac-

117 2186 325 2239 curate
385 2175 650 2259 discerni
690 2183 1034 2257 nequeant,
1076 2177 1253 2238 velut
1293 2179 1362 2237 in
1405 2176 1566 2237 Tim.
1607 2175 1653 2233 I.
1697 2193 1758 2253 p.
1809 2171 1905 2233 ll.

117 2281 152 2344 ὅ
198 2277 560 2365 ἀναγωγεύς
595 2276 703 2340 καὶ
745 2277 778 2340 ὃ
825 2274 1110 2347 ἑπτάκτις
1152 2278 1314 2341 κατὰ
1355 2277 1503 2347 τοὺς
1544 2271 1902 2359 θεολόγους·

115 2379 227 2440 ubi
269 2377 585 2438 sulianum
638 2377 940 2456 majorem
985 2378 1314 2455 significari
1357 2377 1607 2456 colligas
1651 2394 1728 2435 ex
1771 2391 1906 2450 cog-

114 2480 386 2554 nominis
445 2477 845 2557 Imperatoris
917 2476 1020 2535 Or.
1088 2477 1160 2535 V.
1235 2478 1373 2537 172.
1429 2478 1510 2536 D.
1566 2482 1620 2540 εἰ
1673 2473 1743 2538 δὲ
1798 2480 1906 2553 τῆς

116 2578 383 2662 ἀρῤήτου
446 2576 890 2664 μυσταγωγίας
958 2578 1248 2661 ἀψαίμην
1259 2625 1280 2652 ,
1353 2578 1436 2657 ἣν
1492 2579 1525 2640 ὃ
1583 2575 1904 2643 Χαλδαῖος

114 2681 254 2764 περὶ
305 2679 420 2742 τὸν
472 2675 808 2741 ἑπτάκτινα
860 2678 1021 2742 θεὸν
1037 2676 1170 2759 [¹⁰¹³]
1228 2675 1602 2760 ἐβάκχευσεν
1645 2673 1904 2761 ἀνάγων

113 2782 205 2846 δι’
252 2781 448 2843 αὐτοῦ
489 2777 602 2848 τὰς
644 2775 888 2866 ψυχὰς,
948 2779 1246 2864 ἄγνωστα
1289 2781 1409 2861 ἐρῶ
1452 2786 1544 2861 τῷ
1589 2783 1900 2860 συρφετῷ,

116 2885 446 2966 θεουργοῖς
487 2877 557 2942 δὲ
597 2882 728 2947 τοῖς
768 2877 1095 2961 μακαρίοις
1136 2875 1448 2965 γνώριμα.
1498 2887 1501 2892 ’
1536 2876 1635 2936 Ab
1674 2877 1900 2936 utrius—

118 2999 236 3061 que
276 2989 483 3040 autem
524 2979 869 3060 praeoeptis
913 2977 1372 3058 distinguuntur
1429 2977 1690 3037 deorum
1733 2977 1900 3056 ipso-

119 3098 260 3142 rum
305 3079 580 3156 oracula,
623 3096 779 3159 quae
821 3078 1088 3159 Theurgi
1131 3078 1539 3160 publicarunt.
1606 3076 1899 3138 Proculus

239 3264 318 3320 [Β]
347 3262 541 3310 Eundem
580 3264 737 3309 librum
776 3263 994 3320 significat
1022 3265 1065 3308 in
1095 3264 1225 3308 Polit.
1256 3279 1298 3321 p.
1328 3260 1428 3307 432.
1472 3263 1519 3306 αἱ
1547 3265 1640 3333 τῶν
1666 3257 1900 3318 θεολόγων

266 3318 277 3332 Ι

126 3341 148 3368 1.
196 3339 218 3377 η
253 3335 383 3377 ησεις.

154 3337 191 3383 φ
219 3340 350 3466 ΥΡΞ-Ι]
384 3409 460 3453 Sol
490 3414 566 3453 aut
591 3410 785 3470 Sarapis.
818 3409 873 3453 cf.
904 3410 1097 3455 visconti
1126 3411 1206 3454 Pio
1238 3411 1445 3454 Clem'ent.
1476 3410 1533 3454 T.
1565 3409 1641 3452 VI.
1665 3406 1778 3451 Tav.
1804 3405 1896 3450 XV.
