2158 3848
217 196 342 256 608
756 206 989 251 menn
1032 203 1458 251 SECUNDUS.

213 337 380 420 apud
425 337 736 419 Orpheum
782 338 1171 418 prooemium
1212 335 1607 396 foedissimae
1652 337 1988 398 volutatio-

213 442 339 513 nis,
393 440 562 516 cujus
618 438 958 497 simulacris
1014 437 1300 515 Pagodae
1352 435 1616 497 Indicae.
1654 447 1987 497 exornatae

214 549 356 599 sunt
398 539 474 599 ab
522 537 752 616 Orphei
796 538 1101 614 magistris
1135 535 1634 611 BrachmanibUS,
1676 547 1746 596 ut
1787 538 1989 617 placet

212 641 336 698 illis
381 639 484 717 qui
527 636 818 708 Musae,
862 644 1128 694 noster
1170 653 1408 708 amor,
1452 635 1983 708 Libethrides,

212 739 288 797 ab
335 755 458 797 ovo
503 754 690 815 usque
733 733 812 794 ad
857 735 1023 794 mala
1067 736 1271 794 citant.
1343 734 1554 814 Neque
1597 736 1802 796 solum
1844 754 1984 796 nar-

210 837 368 896 ratio
415 837 729 915 utriusque
771 843 994 915 poetae
1038 835 1258 894 similis
1301 831 1412 893 sed
1455 835 1644 894 etiam
1687 837 1866 916 paria
1909 834 1986 894 de

208 937 304 996 his
360 935 597 995 lusibus
654 935 976 994 hominum
1025 933 1264 1012 judicia
1307 933 1525 1007 fuere,
1589 937 1816 1015 partim
1873 938 1987 995 im—

207 1035 467 1116 probam
532 1033 799 1113 fingendi
866 1034 1172 1094 licentiam
1256 1032 1692 1094 detestantium
1759 1036 1992 1114 partim

209 1135 494 1212 symbola
539 1145 600 1194 et
643 1135 912 1193 occultos
957 1152 1170 1193 sensus
1197 1135 1634 1194 olfacientium.
1678 1134 1995 1207 Proculae,

209 1246 280 1295 ut
321 1254 446 1295 uno
493 1234 790 1312 defungar
833 1233 1161 1312 example,
1203 1235 1270 1293 in
1314 1235 1493 1294 Polit.
1535 1255 1597 1315 p.
1642 1234 1787 1294 388.
1831 1233 1991 1299 πάν-

209 1361 320 1408 τα,
378 1337 608 1413 inquit,
666 1334 826 1396 κατὰ
882 1334 996 1396 τὸν
1048 1334 1416 1418 θεολογικὸν
1470 1331 1706 1417 τρόπον
1740 1333 1991 1418 Ὁμήρῳ

207 1436 287 1497 τὰ
345 1433 485 1517 περὶ
527 1432 864 1502 συνουσίας
907 1434 1142 1518 λέγεται
1184 1441 1297 1494 τοῦ
1342 1433 1492 1502 Διὸς
1534 1434 1640 1495 καὶ
1665 1434 1880 1516 (Ἠρας.
1929 1443 1991 1493 et

205 1538 272 1594 in
315 1536 680 1595 universum
722 1542 962 1594 veteres
1006 1532 1438 1609 allegoriarum
1483 1534 1744 1592 artifices
1759 1576 1777 1606 ,
1836 1552 1991 1613 quae

205 1637 327 1695 isto
371 1632 560 1694 modo
608 1653 646 1692 a
686 1635 887 1713 poetis
933 1631 1163 1692 tradita
1206 1641 1440 1705 essent,
1485 1631 1567 1692 ad
1611 1642 1866 1693 naturae
1897 1634 1991 1700 vi-

204 1754 302 1795 res
359 1735 806 1814 progenetrices
864 1733 1092 1793 referre
1146 1730 1356 1813 itaque
1399 1734 1791 1812 interpretari
1835 1733 1992 1792 sole-

204 1835 381 1907 bant,
438 1843 508 1893 ut
548 1851 674 1892 non
720 1833 978 1892 deorum
1020 1842 1236 1912 stupra
1280 1844 1341 1893 et
1380 1831 1670 1892 libidines
1714 1832 1825 1893 sed
1870 1832 1991 1892 ele-

206 1942 556 1994 mentorum
623 1951 977 2010 congressus
1049 1943 1376 2012 coetusque
1431 1934 1756 2010 significari
1815 1931 1989 1994 vide-

205 2043 432 2093 rentur.
476 2033 770 2092 Proculus
813 2034 877 2091 in
923 2033 1121 2091 Parm.
1165 2033 1234 2092 L.
1277 2034 1353 2092 ΙΙ.
1399 2033 1541 2092 214.
1599 2035 1659 2095 οἱ
1699 2031 1987 2118 θεολόγοι

206 2141 409 2196 ταῦτα
461 2133 849 2196 αἰνίσσονται
904 2132 1011 2194 διὰ
1067 2141 1199 2196 τῶν
1258 2136 1445 2215 ἱερῶν
1486 2130 1729 2218 γάμων.
1779 2133 1988 2203 ἁπλῶς

204 2232 322 2315 μὲν
377 2232 500 2319 γὰρ
556 2232 671 2313 τὴν
713 2231 1047 2296 κοινωνίαν
1089 2240 1219 2296 τῶν
1265 2232 1459 2296 θείων
1503 2232 1723 2296 αἰτίων
1763 2254 1988 2314 μυστι-

203 2341 328 2402 κῶς
380 2331 589 2418 γάμον
642 2331 1195 2418 προςαγορεύουσι·
1250 2331 1486 2412 ταύτην
1541 2331 1610 2395 δὲ
1665 2331 1812 2395 ποτὲ
1868 2332 1984 2414 μὲν

206 2435 292 2495 ἔν’
316 2439 444 2502 τοῖς
488 2433 832 2512 συστοίχοις
856 2434 1068 2516 ὁρῶσι
1110 2433 1215 2495 καὶ
1256 2441 1516 2495 καλοῦσι
1553 2430 1762 2517 γάμον
1789 2433 1985 2514 ςΗρας

204 2531 309 2593 καὶ
359 2532 540 2605 Διὸς,
622 2534 914 2614 Οὐρανοῦ
970 2533 1075 2594 καὶ
1117 2540 1278 2611 Γῆς,
1366 2531 1613 2615 Κρόνου
1657 2532 1765 2594 καὶ
1797 2533 1982 2605 Ῥέας)

206 2630 351 2695 ποτὲ
397 2630 464 2694 δὲ
488 2639 638 2695 ’τῶν
680 2631 1173 2712 καταδεεστέρων
1215 2632 1369 2712 πρὸς
1410 2633 1489 2693 τοὶ
1533 2631 1852 2713 κρείττονα
1878 2632 1984 2693 καὶ

204 2739 462 2794 καλοῦσι
502 2730 709 2817 γάμον
752 2730 901 2799 Διὸς
944 2730 1048 2791 καὶ
1083 2729 1437 2813 Δήμητρος,
1482 2729 1626 2792 ποτὲ
1671 2729 1740 2793 δὲ
1786 2733 1982 2812 ἔμπα-

204 2839 304 2895 λιν
346 2838 476 2893 τῶν
520 2828 892 2914 κρειττόνων
934 2829 1087 2912 πρὸς
1130 2829 1208 2892 τὰ
1253 2831 1554 2912 ὑφειμένα
1587 2830 1693 2892 καὶ
1724 2838 1982 2895 καλοῦσι

203 2931 352 3000 Διὸς
405 2930 509 2993 καὶ
562 2930 766 3014 Κόρης
821 2928 1028 3016 γάμον
1084 2929 1153 2988 Τ.
1211 2921 1312 2987 IV.
1371 2927 1618 2989 Cousin.
1722 2927 1858 3002 Quo
1914 2931 1981 2989 in

204 3039 564 3108 argumento
628 3030 795 3090 haud
863 3028 1048 3089 dubie
1116 3036 1399 3090 versatus
1472 3038 1565 3088 est
1629 3028 1979 3110 Hipparchi
2031 3098 2033 3101 .
2091 3012 2095 3017 ¹

205 3129 532 3207 stagiritae
588 3129 743 3190 liber
797 3130 859 3193 τί
912 3130 982 3192 τὸ
1041 3131 1222 3211 ἄρῥεν
1274 3130 1380 3191 καὶ
1421 3134 1588 3216 θῆλυ
1632 3130 1803 3216 παρὰ
1827 3135 1976 3209 ιτοῖς

202 3233 374 3299 θεοῖς
428 3230 532 3291 καὶ
585 3230 677 3300 τίς
734 3231 766 3293 ὅ
824 3228 1021 3316 γάμος
1078 3229 1247 3290 Suid.
1304 3228 1373 3288 T.
1427 3230 1503 3289 11.
1558 3248 1619 3313 p.
1668 3229 1805 3290 139.
1849 3229 1974 3288 for-

162 3366 163 3369 =
203 3337 366 3388 tasse
436 3328 515 3388 ad
581 3331 761 3390 istam
822 3330 1153 3403 rationem,
1241 3347 1424 3410 quam
1480 3331 1734 3410 exponit
1787 3329 1970 3389 homo
