2158 3848
261 194 389 255 464
786 209 1022 254 LIBER
1064 209 1492 255 SECUNDUS.

262 349 323 399 et
365 339 571 421 Epigr.
615 337 746 399 XV.
792 338 870 399 de
912 339 1086 398 Luna

297 445 301 451 ⁴
359 483 364 515 3
401 454 520 515 Iris,
556 455 719 515 Luna,
755 454 972 516 Chloris,
1010 457 1235 504 coelestis
1272 455 1423 516 Juno,
1462 443 1673 519 Cybelle,

257 551 382 613 sed*
411 555 736 633 praecipue
779 548 1119 611 Martianus
1167 550 1445 631 Capella,
1490 557 1886 631 mysticarum
1919 553 2028 612 do-

259 656 587 712 ctrinarum
642 652 962 710 thesaurus
1016 653 1519 730 impenetrabilis
1623 652 1810 733 Apud
1869 653 2029 711 hunc

257 755 419 811 enim
463 751 805 828 Philologia
858 751 924 808 in
977 751 1086 809 illo
1133 751 1381 811 coelesti
1422 755 1640 813 itinere
1686 753 1892 813 Solem
1937 762 2027 811 ta-

255 852 413 911 libus
436 863 439 866 ·
459 851 846 931 deprecatur:
2023 852 2026 853 ’

396 966 557 1033 {gnoti
591 969 664 1015 vis
703 969 831 1014 celsa
865 968 1018 1030 patris
1054 969 1133 1014 vel
1165 968 1316 1030 prima
1351 983 1565 1032 propago

394 1069 622 1118 magnum
657 1061 857 1100 naturae
896 1053 1037 1100 decus
1076 1062 1218 1116 atque
1255 1055 1457 1100 assertio
1497 1053 1672 1112 divum,

392 1140 521 1185 ultra
555 1138 844 1185 mundanum
879 1140 953 1185 fas
992 1147 1066 1185 est
1101 1141 1178 1185 cui
1215 1155 1409 1186 cernere
1445 1147 1643 1200 patrem,

310 1254 311 1257 =
394 1223 561 1272 Solem
596 1231 643 1270 te
679 1224 868 1271 Latium
900 1233 1042 1270 vocat
1082 1251 1142 1259 ——·
1185 1252 1244 1260 —-
1283 1250 1352 1259 —

393 1308 465 1357 Te
503 1309 721 1370 Serapim
757 1309 926 1369 Nilus,
965 1309 1197 1369 Memphis
1233 1317 1487 1356 veneratur
1524 1309 1708 1369 Osirin,

394 1393 590 1440 dissona
626 1409 766 1441 sacra
803 1394 1023 1451 Mitram,
1060 1393 1314 1456 Ditemque
1350 1395 1598 1458 ferumque
1635 1393 1935 1457 Typhonem.

316 1460 320 1463 ι
390 1478 512 1541 Atys
549 1476 749 1540 pulcher
785 1459 927 1538 item,
966 1479 1100 1523 curvi
1137 1486 1185 1523 et
1219 1495 1335 1539 puer
1371 1481 1522 1525 almus
1560 1481 1726 1540 aratri,

391 1563 595 1610 Ammon
633 1571 681 1610 et
716 1564 896 1609 arentis
934 1562 1109 1625 Libyes
1148 1571 1196 1610 et
1231 1563 1432 1625 Byblius
1469 1563 1623 1614 Adon.

390 1651 521 1695 salve
557 1664 673 1696 vera
709 1648 846 1694 deum
882 1648 1059 1708 facies,
1096 1650 1351 1711 vultusque
1388 1657 1587 1710 paterne
1608 1648 1689 1711 [¹¹]‚

390 1743 498 1782 octo
537 1743 584 1781 et
621 1736 859 1780 sexcentis
897 1734 1108 1780 numeris
1147 1735 1225 1781 cui
1262 1736 1401 1781 litera
1437 1736 1567 1781 trina

387 1820 653 1867 conformat
686 1836 871 1866 sacrum
900 1835 1074 1867 nomen
1111 1835 1379 1885 cognomen
1417 1828 1465 1866 et
1502 1836 1638 1868 omen
1664 1821 1726 1883 [Β]

243 1915 311 1974 L.
369 1918 444 1975 Π.
502 1936 563 1996 p.
620 1918 722 1976 43.
818 1918 1135 1976 Postremo
1195 1916 1273 1975 de
1329 1916 1603 1996 pedestri
1656 1920 2025 1998 scriptorum

245 2018 514 2107 eyter-citu
582 2016 883 2097 Apulejus
952 2017 1131 2076 deam
1199 2019 1326 2076 Isin
1382 2018 1622 2076 asinum
1680 2036 1857 2078 suum
1915 2020 2025 2078 tali

244 2134 399 2177 voce
444 2115 754 2194 dignatam
801 2116 977 2176 dicit:
1045 2119 1154 2176 En
1199 2117 1468 2177 adsum
1513 2106 1766 2176 rerum
1811 2129 2025 2178 natu-

242 2235 326 2276 ra
383 2236 696 2297 parens:
762 2235 1052 2278 summa
1094 2219 1516 2290 numinum,
1570 2209 1820 2297 prima
1864 2237 2024 2279 coe-

242 2315 506 2401 litum,
564 2316 874 2378 deorum
930 2317 1396 2397 dearumque
1440 2303 1684 2376 facies
1729 2317 2023 2378 unifor-

241 2417 385 2476 mis
429 2454 514 2463 -—
556 2437 669 2476 me
723 2419 1174 2498 primigenii
1230 2417 1570 2495 Phryges
1626 2419 2024 2478 nominant

242 2514 464 2576 deum
519 2526 870 2590 matrem,
944 2516 1222 2598 Cyprii
1279 2517 1680 2590 Venerem,
1752 2514 2020 2576 Cretes

247 2702 538 2756 Τιτανολέτης
574 2701 685 2745 dixit
723 2715 800 2758 pro
832 2702 1172 2759 Γιγαντολέτης,
1206 2699 1388 2742 Titanes
1418 2706 1462 2742 et
1493 2700 1709 2756 Gigantes
1739 2700 2018 2752 confundens,

239 2763 290 2801 ut
329 2752 542 2815 Origenes
582 2760 744 2803 Philos.
786 2760 840 2802 V.
879 2758 949 2802 24.
980 2758 1080 2802 909.
1118 2764 1163 2800 et
1192 2758 1282 2801 aiii.
1341 2758 1486 2801 Metro
1517 2758 1728 2816 explendo
1759 2760 2018 2819 suppetebat

246 2818 592 2879 Τυρρηνολέτης.

360 2903 424 2961 [1’]
455 2905 612 2962 Virgil.
651 2906 758 2949 Aen.
799 2904 921 2947 VIII.
951 2902 1050 2947 301.
1093 2918 1114 2945 s
1129 2903 1260 2946 alve
1288 2916 1424 2946 vera
1448 2904 1607 2947 Jovis
1636 2918 1735 2961 pro
1750 2871 1859 2958 les,
1902 2905 2015 2962 quod

238 2961 434 3006 imitatur
463 2963 682 3008 Martialis
710 2965 755 3006 in
783 2962 988 3006 vaticinio
1020 2962 1073 3004 de
1102 2962 1338 3005 Domitiani
1365 2962 1470 3005 filio.
1852 2989 1855 2991 —

359 3049 424 3106 [⁹]
458 3051 690 3094 Turnebus
719 3050 899 3093 Advers.
917 3048 995 3091 XI.
1021 3048 1087 3091 13.
1117 3049 1198 3091 Ho
1212 3064 1235 3091 c
1266 3049 1329 3092 ad
1361 3049 1601 3105 mysteri
1615 3063 1642 3091 a
1672 3049 1708 3090 C
1722 3049 2013 3093 hristiana

241 3106 490 3161 alludit3v
519 3124 712 3153 nomen
741 3108 883 3151 enim
911 3106 1108 3160 Jesus,
1151 3122 1455 3164 cognomen
1487 3108 1723 3150 christu
1739 3122 1761 3149 s
1798 3109 2017 3152 utrius-r

241 3178 344 3220 que
383 3168 644 3211 effectus
683 3173 741 3211 et
781 3165 1158 3222 significatio
1201 3172 1303 3209 est.
1401 3167 1582 3208 Grotius
1621 3180 1773 3208 nomen
1812 3170 1900 3222 Ῡης
1941 3167 2010 3209 vel

239 3227 338 3272 Ηυς
377 3225 612 3281 significari
642 3230 795 3284 putat3
847 3226 970 3281 Hyes
998 3225 1067 3267 vel
1097 3224 1124 3266 J
1126 3239 1177 3267 ao
1208 3225 1273 3267 Le
1305 3225 1457 3267 Grand
1485 3225 1669 3267 Dissert.
1699 3224 1807 3267 Crit.
1838 3240 1879 3282 p.
1911 3224 2008 3267 171.

239 3281 314 3337 qui
357 3282 623 3328 Sir-mondum
634 3318 648 3339 ,
696 3282 922 3329 Petavium
965 3288 1010 3326 et
1050 3283 1298 3340 Menagium
1327 3283 1477 3328 laudat
1506 3284 1630 3339 hujus
1661 3282 1913 3339 aenigmatis
1939 3282 2006 3324 in-

239 3346 464 3398 terpretes.
