2158 3848
274 173 395 238 144
670 146 676 150 ¹
834 183 1102 247 ¹LIBER
1143 185 1450 228 PRIMUS.

1291 276 1309 299 l

266 326 422 388 θοις
451 318 825 397 κατέχωσανρ
871 318 1016 386 ὥςτε
1058 320 1144 401 μὴ
1188 320 1343 382 εἶναι
1368 318 1579 379 ’ἅπασι
1622 317 1779 394 δῆλα
1807 333 1868 394 p.
1892 314 2032 374 686.

266 418 452 498 idque
493 415 615 480 alio
658 415 796 474 loco
840 420 1175 477 accuratius
1202 448 1207 454 ν’
1221 437 1287 476 se
1331 424 1814 494 exsequuturum
1838 422 2031 472 osten-

268 516 361 578 dit
402 518 470 577 L.
513 515 614 574 Vl.
657 515 800 577 737.
863 520 984 578 ἐκεῖ
1034 515 1500 599 παρεστήσαμεν
1538 516 1610 576 τὸ
1659 513 2038 595 συμβολικὸν

267 618 427 687 εἶδος
481 619 741 698 ἀρχαῖον
797 615 974 687 εἶναι,
1031 620 1374 697 κεχρῆσθαι
1416 614 1485 678 δὲ
1531 616 1702 696 αὐτῷ
1743 619 1874 674 τῶν
1908 612 2036 673 Ἑλ-

214 774 223 781 .
267 716 470 797 λήνων
531 722 663 777 τῶν
720 721 1003 776 παλαιῶν
1055 714 1225 783 τοὺς
1256 715 1536 783 πλείονας
1593 749 1676 758 -——
1712 716 1912 794 ’ἐχρῆν
1967 710 2035 772 δὲ

265 818 370 879 καὶ
410 815 487 875 τὰ
530 811 842 895 μυστήρια
885 816 1167 875 ἐπελθεῖν
1207 815 1795 893 τῶντελουμένων,
1838 817 2055 874 ταῦτα,

268 914 382 996 μὲν
423 913 832 996 ὗπερτίθεμαι
875 910 1305 995 ὃιασαφήσειν,
1351 911 1623 990 ὁπηνίκα
1656 911 1738 974 ἂν
1777 912 1859 975 τὰ
1902 910 2040 992 περὶ

268 1016 479 1096 ἀρχῶν
516 1019 672 1082 ,τοῖς
713 1013 1010 1092 Ἕλλησιν
1059 1013 1346 1094 εἰρημένα
1400 1009 1666 1079 ἐπιόντες
1721 1011 2039 1095 διελέγχω-

259 1122 614 1197 μεν,’1’11166
659 1111 1094 1193 disputationis
1148 1131 1293 1192 pars
1338 1112 1702 1189 gravissima
1744 1110 2042 1169 11Ῥ1161111

258 1212 418 1274 Bibl.
461 1210 621 1272 CXI.
665 1231 724 1291 p.
775 1210 912 1278 155.
956 1215 1145 1288 lecta,
1188 1211 1605 1291 jamdudum
1650 1210 1890 1271 excidi-t,
1957 1209 2040 1269 Et

265 1314 473 1395 paucis
515 1313 847 1388 interjectis
889 1315 998 1374 illa
1022 1312 1229 1375 verba
1271 1310 1482 1392 ponit,
1508 1311 1604 1370 Ι116
1643 1311 1860 1391 quibus
1896 1329 2038 1370 cum

264 1413 529 1475 maxime
570 1412 858 1489 litigatur.
932 1419 1090 1473 Jamv
1114 1416 1203 1472 ita
1225 1419 1662 1490 argumentor:
1705 1422 1904 1491 quum·
1934 1429 2038 1469 ne-

244 1517 388 1592 -que
432 1511 760 1590 scriptores
816 1516 975 1594 sacri
1032 1524 1244 1594 tropos
1291 1521 1353 1570 et
1408 1513 1759 1589 allegorias,
1817 1509 2037 1590 quibus

263 1620 544 1683 utuntur,
589 1612 1015 1690 explicuerint,
1058 1632 1170 1671 nec
1212 1613 1578 1689 Pythagorei
1619 1610 2038 1688 symbolorum

263 1729 512 1772 suorum
560 1729 775 1771 sens-us
835 1713 1101 1772 occultos
1158 1711 1590 1785 enudaverint,
1643 1729 1782 1770 nec·
1805 1709 2038 1769 Home-
2108 1733 2112 1737 ·

262 1827 362 1876 rus
400 1809 887 1890 ‘Hesiodusquef
921 1812 1089 1892 'quid
1138 1812 1252 1872 sub
1306 1807 1649 1871 fabularum
1705 1810 2037 1872 involucris

266 1908 687 1970 absconditum
754 1913 863 1983 sit,
934 1914 1318 1992 interpretati
1387 1911 1644 1984 fuerint,
1728 1929 2038 1990 quumque
2112 1914 2158 1993 ἶ(

266 2005 542 2068 Clemens
601 2029 736 2069 cum
792 2012 888 2070 his
945 2013 1228 2086 omnibus
1282 2012 1716 2087 mysteriorum
1763 2009 2038 2068 condito-
2116 2091 2118 2093 Ι

261 2127 356 2169 res
398 2119 694 2188 tanquam
725 2110 1000 2187 ejusdem
1029 2114 1285 2171 rationis
1309 2113 1659 2191 participeS,
1678 2139 1682 2143 ’
1704 2110 2037 2196 conjunxe-
2112 2123 2117 2128 ’

263 2210 368 2279 rit,
424 2226 671 2268 necesse
727 2220 850 2283 est,
908 2211 1062 2291 nihil
1116 2229 1360 2283 eorum,
1401 2229 1572 2289 vquae
1613 2211 1682 2268 in
1723 2195 2034 2284 mysteriis

263 2317 600 2385 agerentur,
644 2311 1152 2390 interpretatione
1197 2309 1585 2370 sacerdotum
1614 2308 2033 2392 explanatum,

257 2406 370 2468 ¹'sed
414 2411 655 2487 epoptis
703 2411 1353 2484 commissumfuisse,
1383 2420 1609 2489 ut‘pro
1643 2428 1709 2468 se
1737 2410 1857 2488 ipsi
1879 2427 2032 2468 -ocu-

257 2504 335 2567 lis
356 2566 358 2568 ,
379 2560 381 2563 .
402 2509 741 2587 animisque
802 2510 871 2567 in
935 2492 1284 2588 spectacula
1314 2513 1617 2585 ”mystica
1645 2509 1917 2569 ‘intentis
1945 2517 2033 2567 «61
2106 2555 2109 2558 .

253 2606 480 2665 defixis
558 2606 814 2666 latentes
893 2609 1225 2667 sensiculos
1264 2627 1276 2641 ’·
1303 2612 1631 2686 sagaciter*
1648 2611 2032 2687 ‘pervestiga-

258 2716 393 2767 rent
408 2708 496 2787 [Ἴ.
517 2715 521 2718 “
540 2705 732 2786 quue
775 2708 963 2767 'etiam
990 2708 1542 2778 Aristoteles-haud
1566 2708 1819 2769 obscure
1846 2709 2028 2785 signi·

255 2809 415 2879 ficat,
459 2807 882 2886 qui-homines
907 2810 988 2866 ¹in
1031 2821 1351 2870 sacrorum
1382 2811 1574 2870 initiis
1600 2809 1768 2868 nihil
1804 2808 2027 2880 doceri,

258 2907 369 2967 sed
436 2906 516 2966 ad
568 2895 702 2968 veri
752 2907 1218 2985 intelligentiam
1277 2912 1448 2972 velut
1502 2929 1712 2989 agrum
1769 2910 2027 2969 sementi

377 3036 439 3090 [c]
470 3035 522 3077 In
560 3036 642 3079 hac
683 3036 812 3079 animi
852 3036 1087 3079 attentione
1119 3038 1173 3079 ad
1201 3038 1522 3094 investigandas
1552 3052 1764 3080 sacrorum
1796 3051 1948 3079 causas
1979 3040 2023 3079 et

258 3093 595 3148 significationes
641 3095 798 3137 curiosi
849 3110 1050 3138 summum
1084 3096 1341 3141 *initiationis
1376 3099 1561 3140 fructum
1602 3097 1722 3153 ponit
1765 3095 2022 3138 Plutarchus

259 3150 314 3193 de
342 3152 403 3194 Is.
435 3167 472 3195 c.
504 3153 588 3195 III.
620 3168 756 3208 neque
786 3155 945 3206 barba,
986 3154 1152 3210 inquit,
1194 3155 1467 3212 philosophos
1502 3155 1632 3207 facit,
1655 3169 1815 3210 'neque
1856 3154 2020 3196 Isiacos

258 3209 505 3262 calvitium,
551 3209 661 3253 ἀλλὰ
685 3209 870 3261 Ἰσιακός
899 3214 1019 3257 ἔστιν
1049 3209 1108 3261 (ὃς
1137 3213 1313 3267 ἀληθῶς
1343 3213 1365 3257 ὀ
1397 3213 1450 3257 τὰ
1481 3209 1751 3271 δεικνύμενα
1783 3215 1859 3256 καὶ
1896 3207 2018 3268 δρώ-

258 3282 376 3324 μενα
399 3270 507 3326 περὶ
529 3267 630 3318 τοὺς
651 3269 798 3326 θεοὺς,
830 3269 939 3315 ὅταν
968 3267 1092 3328 νόμῳ
1113 3269 1374 3332 παραλάβῃ,
1405 3269 1523 3330 λόγῳ
1555 3274 1691 3326 ζητῶν
1720 3273 1796 3314 καὶ
1826 3272 2016 3328 φιλοσο-

257 3328 365 3381 φῶν
393 3328 498 3385 περὶ
525 3329 600 3381 τῆς
625 3328 674 3372 ἓν
702 3327 852 3378 αὐτοῖς
881 3328 1103 3383 ἀληθείας.
