2158 3848
844 194 1308 251 onrnlca.
1852 190 1978 250 737

884 413 1055 475 cn».
1133 412 1297 473 XIV.

743 558 834 621 “O
932 582 1116 638 ρ·κ
1223 582 1256 619 ο
1368 581 1406 617 ι.

357 725 498 788 Jam
568 745 788 807 supra,
861 746 1050 808 quum
1107 726 1490 787 Testamenti
1544 734 1607 787 et
1664 725 1981 788 Sermonis

189 829 347 889 sacri
399 828 692 909 reliquias
750 830 1280 909 conquireremuS‚
1338 824 1569 886 Justini
1625 827 1828 888 locum
1873 848 1981 910 ap-

187 930 515 1010 posuimus
586 925 837 990 Cohort.
905 928 1041 989 XV.
1114 929 1216 988 78.
1280 926 1386 990 καὶ
1440 931 1508 990 ἐν
1562 934 1691 999 τοῖς
1730 930 1982 1014 Ὅρκοις

191 1031 391 1101 οὕτως
1067 1033 1069 1037 ’
1389 1027 1393 1029 ξ

337 1170 576 1242 Οὐρανὸν
611 1167 795 1241 ὁρκίζω
831 1189 887 1223 σε
923 1148 1055 1233 θεοῦ
1089 1163 1314 1235 μεγάλου
1351 1171 1521 1237 σοφοῦ
1555 1167 1718 1239 ἴργον,

331 1256 495 1324 αὐδὴν
530 1253 713 1326 ὁρκίζω
752 1275 806 1307 σε
828 1250 1040 1331 >πατρὸς
1075 1250 1170 1320 τὴν
1205 1251 1469 1321 φθέγξατο
1507 1258 1729 1324 πρῶτον,

328 1337 477 1409 ῆνίκα
511 1338 708 1408 κόσμον
743 1338 955 1392 ἅπαντα
986 1335 1094 1400 &arg
1130 1337 1407 1407 ornosgavo
1440 1342 1675 1406 βουλαῖς.

188 1469 406 1532 addita
459 1472 574 1531 hac
630 1470 1042 1552 explicatione
1095 1470 1211 1533 τὸν
1268 1467 1456 1556 λόγον
1511 1472 1716 1552 αὐδὴν
1758 1474 1867 1537 διὰ
1909 1474 1980 1538 τὸ

187 1573 508 1652 ποιητικὸν
553 1570 847 1654 ὀνομάζει
888 1573 1136 1654 μέτρον.
1196 1568 1470 1630 Eosdem
1515 1590 1753 1633 versus
1780 1569 1985 1651 Cyril—

186 1670 285 1731 lus
339 1672 581 1751 profert
638 1673 707 1733 L.
763 1673 811 1732 Ι.
867 1693 929 1754 p.
986 1672 1087 1731 33.
1131 1671 1206 1731 A.
1259 1671 1366 1733 καὶ
1406 1672 1535 1753 μὴν
1576 1673 1684 1736 καὶ
1719 1666 1986 1758 Ὀρφεὺς

188 1769 382 1843 αὖθις
425 1774 591 1837 οὕτω
635 1772 759 1838 πού
803 1797 958 1857 φησι
1008 1772 1303 1854 Οὐρανὸν
1346 1808 1432 1817 -
1472 1775 1766 1855 βουλαῖς,
1811 1776 1986 1855 isque

189 1874 395 1953 αὐδὴν
447 1873 684 1958 πατρός
741 1876 1184 1954 interpretatur
1238 1871 1353 1935 τὸν
1412 1882 1722 1959 μονογενῆ
1780 1874 1986 1960 λόγον.

186 1970 500 2033 Cedrenus
544 1984 755 2035 autem
797 1995 860 2056 p.
895 1976 999 2034 20.
1043 1970 1181 2031 Joh.
1225 1971 1458 2050 Malela
1500 1992 1561 2053 p.
1599 1974 1699 2035 30.
1745 1976 1831 2057 (p.
1862 1974 1986 2054 lo.)

188 2070 476 2134 Chronici
529 2074 941 2135 Alexandrini
987 2082 1204 2134 auctor
1264 2081 1326 2131 et
1382 2071 1609 2133 Suidas
1670 2094 1717 2135 s.
1767 2076 1988 2159 Ἑρμῆς

187 2174 345 2234 hanc
400 2174 745 2235 solemnem
801 2174 1283 2253 obtestationem
1328 2170 1615 2256 Hermeti
1660 2172 1988 2250 Trismegi-

187 2268 643 2349 sto‘tribuunt‚
688 2271 882 2357 eoque
927 2261 1198 2334 utuntur
1228 2289 1344 2352 pro
1384 2258 1687 2333 'trinitatis
1731 2273 1989 2333 consub-

187 2375 495 2436 stantialis
538 2357 921 2454 argumento.
969 2371 1319 2434 chronicon
1361 2372 1612 2453 quidem
1649 2374 1764 2433 hoc
1797 2373 1986 2433 modo

187 2496 249 2557 p.
293 2476 396 2536 47.
441 2477 521 2536 D.
570 2476 792 2559 Ἑρμῆς
850 2478 1081 2559 ἔφρασε
1139 2480 1304 2555 τρεῖς
1345 2473 1641 2559 μεγίστας
1684 2473 1986 2557 δυνάμεις

188 2578 382 2642 εἶναι·
426 2577 497 2640 τὸ
542 2585 658 2640 τοῦ
705 2575 971 2659 ἆῤῥήτου
1016 2573 1124 2638 καὶ
1150 2574 1556 2659 ,δημιουργοῦ
1586 2578 1745 2637 θεοῦ
1781 2576 1986 2656 ὄνομα

187 2678 343 2759 μίαν
399 2675 675 2759 θεότητα
731 2679 900 2741 εἶπεν
958 2676 1117 2739 εἶναι
1161 2711 1246 2720 --
1289 2675 1389 2737 διὸ
1435 2675 1542 2737 καὶ
1585 2672 1813 2754 ἐκλήθη
1859 2675 1981 2738 ὑπὸ

187 2786 319 2842 τῶν
384 2778 754 2863 Αἰγυπτίων
816 2779 1248 2864 Τριςμέγιστος
1298 2776 1537 2858 Ἑρμῆς.
1622 2776 1984 2858 Ἐμφέρεται

191 2877 315 2963 γὰρ
369 2881 437 2941 ἐν
480 2877 810 2962 διαφόροις
854 2881 1051 2942 αὐτοῦ
1097 2875 1302 2964 λόγοις
1344 2912 1431 2922 -
1473 2876 1614 2959 περὶ
1655 2880 1813 2939 θεοῦ
1858 2874 1985 2959 φύ-

195 2999 348 3048 σεως
403 2986 606 3042 ταῦτα
661 3014 745 3025 -
782 2975 905 3042 Ἦν
961 2987 1097 3063 φῶς
1151 2978 1374 3059 νοερὸν
1428 2977 1548 3060 πρὸ
1594 2977 1803 3060 φωτὸς
1846 3001 1984 3041 νοε-

194 3084 309 3160 ροῦ
365 3078 471 3155 καὶ
524 3076 604 3159 ἦν
660 3079 757 3142 ἀεὶ
811 3086 960 3150 νοῦς
1015 3088 1133 3143 νοῦ
1193 3077 1483 3157 αἰ’τιος[*]
1530 3114 1614 3123 —
1658 3078 1765 3140 καὶ
1820 3079 1985 3161 φωτὶ

312 3247 367 3305 [”]
387 3244 471 3293 Ἓν
509 3244 658 3308 μόνον
696 3240 752 3303 ἦν
793 3249 894 3350 (ζὼς
932 3247 1097 3309 νοερὸν
1137 3246 1227 3307 πρὸ
1271 3244 1424 3306 φωτὸς
1460 3249 1621 3305 νοεροῢ
1652 3247 1729 3292 καὶ
1758 3248 1882 3293 ἔστιν
1913 3245 1985 3291 ἀεὶ

774 3323 802 3350 α

193 3308 300 3409 331}-
340 3305 445 3357 νοὸς
486 3305 706 3366 φωτεινὸς
747 3323 772 3351 κ
860 3306 996 3353 οὐδὲν
1033 3308 1187 3368 ἕτερον
1226 3299 1281 3359 ἦν
1322 3306 1492 3363 Didym.
1534 3307 1589 3361 de
1629 3306 1790 3351 Trinit.
1820 3306 1879 3350 11.
1910 3305 1980 3349 27.

1515 3419 1648 3497 '47
