2158 3848
820 197 1267 241 onrnch.
1800 187 1920 247 761

131 310 368 388 'stodes
424 336 485 387 et
531 327 827 405 Janitores
883 323 1310 385 Phanodemus
1367 335 1578 386 auctor
1633 339 1755 402 est,
1822 333 1927 411 qui

160 426 378 487 iisdem
411 427 811 489 Athenienses
853 425 919 484 in
961 425 1148 484 sacris
1191 425 1566 507 nuptialibus
1607 446 1720 505 pro
1765 429 1928 489 felici

158 526 491 587 liberorum
543 526 717 607 prole
771 533 922 587 vota
976 543 1329 605 nuncupare
1385 534 1448 584 et
1500 545 1708 605 preces
1753 526 1927 587 adhi-

161 624 303 685 bere
362 626 635 687 affirmat.
733 624 805 684 Id
859 643 1008 686 vero
1065 644 1169 686 cur
1221 625 1471 686 fecerint
1489 669 1506 698 ,
1564 645 1638 684 ex
1697 624 1928 705 Orphei

157 725 293 785 loco
349 727 655 798 clarescit,
713 734 933 787 ventos
988 743 1119 786 esse
1177 725 1432 786 dicentis
1477 726 1581 805 qui
1620 728 1928 819 nascenti-

159 824 272 883 bus
330 828 566 887 animas
621 827 960 900 insinuent,
1015 827 1069 885 si
1125 825 1374 906 quidem
1418 826 1484 884 hi
1526 834 1670 884 sunt
1709 826 1776 884 in
1818 844 1929 906 po-

159 933 379 985 testate
423 926 858 1006 Tritopatrum.
934 927 1015 986 Et
1059 925 1137 986 ad
1181 927 1338 987 hanc
1381 926 1745 986 sententiam
1788 924 1929 986 Phi-

156 1025 390 1087 lochori
442 1044 681 1108 quoque
737 1026 928 1087 verba
981 1029 1257 1088 revocari
1317 1034 1606 1106 possunt,
1672 1027 1930 1106 quamli-

156 1124 262 1184 bet
305 1126 563 1187 obscura
606 1135 667 1185 et
708 1145 747 1185 a
790 1125 983 1186 Suida
1027 1127 1204 1186 aliter
1247 1135 1429 1204 atque
1472 1145 1510 1184 a
1539 1125 1758 1184 Photio
1793 1124 1929 1186 red-

157 1224 303 1284 dita.
405 1225 587 1299 Quod
644 1225 753 1291 ille
816 1225 990 1284 dicit:
1060 1224 1400 1306 Φιλόχορος
1460 1226 1613 1310 λέγει
1673 1223 1929 1290 πάντων

152 1326 472 1408 γεγονέναι
514 1322 818 1406 πρώτους,
864 1325 952 1383 sic
996 1325 1289 1400 intellige,
1334 1336 1441 1383 eos
1475 1325 1710 1404 primos
1738 1325 1929 1386 fuisse

153 1432 418 1502 patres
475 1433 536 1481 et
589 1425 763 1502 quasi
819 1421 1332 1507 πρωτοπάτορας,
1390 1422 1486 1496 id,
1542 1423 1707 1503 quod
1762 1425 1930 1506 apud

154 1523 442 1585 Photium
488 1531 612 1595 est,
656 1524 966 1605 ἄρξαντας
1008 1525 1313 1608 γενέσεως.
1388 1523 1524 1583 Hos
1569 1525 1752 1601 igitur
1795 1533 1930 1583 tan-

155 1641 336 1701 quam
379 1623 616 1702 primos
658 1621 987 1702 generandi
1027 1632 1304 1682 auctores
1337 1623 1712 1684 invocabant
1745 1623 1930 1683 Athe-

119 1730 123 1733 ’
155 1724 394 1781 nienses
437 1724 815 1800 generationi
859 1741 1112 1804 operam
1160 1721 1394 1795 daturi,
1459 1723 1615 1782 sicut
1657 1721 1847 1783 iidem
1893 1743 1931 1783 a

156 1819 344 1882 Coelo
404 1830 467 1881 et
521 1822 712 1881 Terra
767 1824 1122 1902 nuptiarum
1177 1823 1478 1883 solemnia
1532 1822 1930 1902 auspicaban-

156 1933 285 1995 tur,
345 1923 457 1981 hos
500 1924 736 2002 primos
779 1924 845 1982 in
887 1924 1350 1983 matrimonium
1395 1923 1584 1983 ivisse
1628 1924 1931 1984 sanctissi-

153 2039 411 2102 maeque
480 2015 884 2083 consortionis
946 2025 1050 2103 jus
1118 2023 1587 2104 exemplumque
1647 2024 1932 2084 statuisse

153 2124 287 2182 rati.
384 2122 677 2182 Proculus
732 2124 797 2182 in
855 2123 1012 2184 Tim.
1070 2124 1142 2184 V.
1187 2120 1330 2184 295.
1375 2120 1631 2206 πραίτην
1675 2122 1932 2207 νύμφην

158 2225 456 2286 ἀποκαλεῖ
505 2223 768 2305 Ὀρφεὺς
823 2225 937 2305 τὴν
992 2232 1122 2305 Γῆν
1175 2225 1280 2288 καὶ
1333 2222 1682 2307 πρώτιστον
1725 2222 1931 2309 γάμον

155 2322 268 2402 τὴν
312 2323 533 2385 ἕνωσιν
578 2323 766 2403 αὐτῆς
809 2325 962 2408 πρὸς
1005 2326 1117 2390 τὸν
1170 2324 1458 2410 Οὐρανόν
1506 2362 1590 2370 -
1633 2324 1737 2386 καὶ
1780 2326 1930 2388 ἔοικε

156 2422 263 2484 διὰ
320 2429 520 2484 ταῦτα
575 2423 680 2484 καὶ
741 2427 1008 2509 Οὐρανῷ
1063 2428 1167 2489 καὶ
1224 2433 1315 2507 Γῇ
1374 2424 1693 2509 προςήκειν
1737 2425 1769 2487 ὅ
1814 2423 1931 2510 γά-

154 2541 296 2602 μος·
356 2523 389 2584 ὃ
446 2523 525 2602 δὴ
577 2523 683 2587 καὶ
737 2528 796 2588 οἱ
848 2529 1077 2609 θεσμοὶ
1134 2535 1262 2591 τῶν
1311 2525 1662 2606 Ἀθηναίων
1705 2523 1931 2595 εἰδότες

155 2623 562 2703 προςὲταττον
624 2626 892 2709 Οὐρανῷ
947 2629 1051 2690 καὶ
1105 2634 1195 2708 Γῇ
1250 2632 1563 2712 προτελεῒν
1616 2624 1762 2694 τοὺς
1814 2623 1931 2709 γά-

153 2747 326 2802 μους.
418 2722 752 2810 Sequentia
807 2727 998 2788 verba
1050 2729 1164 2808 τὴν
1220 2735 1351 2808 Γῆν
1406 2727 1513 2798 καὶ
1552 2725 1665 2789 τὸν
1691 2724 1928 2798 ςἨλιον,

156 2823 230 2885 ὃν
286 2823 391 2884 καὶ
439 2822 785 2890 Ἀπόλλωνα
842 2835 1040 2903 καλεῖ,
1100 2834 1300 2914 γονεῖς
1340 2829 1549 2891 αὐτῶν
1593 2825 1928 2906 ἠπίσταντο

158 2925 216 2984 οἱ
259 2921 393 2986 τότε
439 2925 791 3007 ἄνθρωποι,
835 2929 979 3000 τοὺς
1023 2928 1093 2992 δὲ
1140 2933 1203 2991 ἐκ
1247 2927 1487 2992 τούτων
1530 2926 1775 3010 τρίτους
1810 2948 1928 2988 πα-

156 3022 352 3104 τέρας,
396 3026 602 3084 nescio
647 3044 727 3086 an
770 3027 928 3088 hanc
966 3029 1234 3089 habeant
1261 3030 1656 3090 sententiam:
1703 3036 1927 3086 terram

160 3122 468 3183 novellam
526 3133 588 3183 et
643 3126 720 3186 ab
778 3137 916 3189 ortu
959 3138 1263 3190 recentem
1308 3130 1456 3190 solis
1501 3128 1719 3188 ardore
1764 3136 1928 3206 tepe-

157 3221 384 3282 factam
439 3226 653 3286 vitalia
708 3231 1057 3310 concepisse
1101 3230 1367 3305 semina,
1410 3231 1737 3312 primoque
1782 3228 1930 3287 nixu

160 3320 426 3384 edidisse
482 3323 933 3408 Tritopatores,
991 3338 1349 3392 cunctorum
1407 3320 1761 3392 mortalium
1821 3344 1927 3406 pa—
