2158 3848
211 222 336 282 244
717 228 955 273 LIBER
998 226 1431 272 SECUNDUS.

934 356 1104 418 CAP.
1193 357 1268 415 II.

579 455 707 545 ¹De
794 487 1007 544 vita
1103 481 1633 562 Orphica.[²²]

326 664 330 670 ’
382 631 601 692 Adhuc
643 631 708 686 in
753 625 1061 688 vestibulo
1106 626 1296 684 totius
1341 625 1717 706 quaestionis
1763 624 1996 685 versati

214 750 454 803 su1nus3
523 730 799 807 sequitur
854 735 926 785 ut
980 724 1057 783 de
1115 722 1440 804 disciplina
1498 725 1768 804 Orphica
1832 722 1995 782 dica-

212 851 380 902 mus,
448 847 603 908 quae
661 826 952 905 pluribus·
1000 826 1346 904 praeceptis
1402 807 1746 891 continetur
1800 834 1860 883 et
1902 842 1996 881 re-

214 927 674 990 conditioribuS.
778 927 1053 985 Primum
1107 924 1224 982 hoc
1290 941 1521 1002 ponam
1574 919 1744 1003 'quod
1798 923 1999 983 Hero-

213 1029 396 1088 dotus
450 1030 518 1086 in
572 1027 835 1090 transitu
891 1023 1171 1104 prodidit
1213 1024 1288 1082 Π.
1333 1023 1433 1081 81.
1490 1022 1599 1081 ubi
1654 1023 1998 1101 Aegyptios

211 1131 397 1207 vulgo
443 1128 638 1186 laneis
681 1125 960 1187 vestibus
1004 1126 1099 1183 uti
1141 1131 1378 1182 narrat:
1442 1125 1517 1186 οὔ
1561 1124 1774 1206 μέντοι
1830 1125 1887 1191 ἔς
1927 1140 2000 1207 γε

211 1231 290 1292 τὰ
348 1230 452 1310 ἱροὶ
520 1228 837 1309 ἐσφέρεται
902 1224 1131 1307 εἰρίνεα
1199 1223 1345 1287 οὐδὲ
1405 1220 2000 1309 συγκαταθάπτεταί

213 1330 354 1412 σφί·
419 1330 493 1390 οὗ
550 1327 672 1411 γὰρ
725 1325 928 1388 ὅσιον·
995 1325 1398 1409 ὁμολογέουσι
1457 1323 1527 1386 δὲ
1580 1332 1783 1387 ταῦτα
1837 1328 1998 1384 τοῖσι

204 1433 554 1512 Ὀρφικοῖσι
608 1426 1029 1506 καλεομένοισι
1084 1423 1191 1485 καὶ
1246 1429 1643 1503 Βακχικοῖσι,
1703 1427 1872 1486 ἐοῦσι
1928 1419 1998 1484 δὲ

211 1527 610 1613 Αἰγυπτίοισι
652 1524 759 1587 καὶ
793 1521 1293 1608 Πυθαγορείοισι
1313 1522 1448 1601 [38]·
1496 1522 1643 1586 οὐδὲ
1685 1523 1809 1608 γὰρ
1853 1518 1999 1584 τού*

210 1653 339 1690 των
383 1634 513 1689 τῶν
557 1624 790 1709 ὀργίων
832 1624 1170 1706 μετέχοντα
1213 1619 1390 1684 ὅσιόν
1425 1625 1555 1684 ἐστι
1591 1626 1657 1686 ἐν
1693 1624 2002 1706 εἰρινέοισι

212 1733 417 1811 εἵμασι
462 1729 836 1808 θαφθῆναι·
899 1726 1026 1785 ἔστι
1070 1721 1139 1784 δὲ
1196 1721 1337 1804 περὶ
1393 1723 1606 1785 αὐτῶν
1648 1723 1780 1805 ἱρὸς
1824 1720 2003 1808 λόγος

214 1826 564 1913 λεγόμενος·
637 1843 714 1882 ex
767 1842 888 1902 quo
945 1841 1072 1881 non
1128 1823 1404 1900 sequitur
1449 1821 1862 1902 Orphicorum
1907 1841 2007 1882 sa-

214 1944 458 1986 crorum
513 1924 776 1983 cultores
836 1941 1019 1981 usum
1074 1923 1393 1999 lanearum
1436 1924 1707 1982 vestium
1749 1939 2004 2003 prorsus

211 2025 602 2106 repudiasse,
662 2025 807 2083 licet
870 2022 940 2081 id
995 2019 1297 2080 affirmare
1357 2020 1647 2083 Videatur
1699 2022 2005 2105 Apulejus

213 2126 397 2205 Apol.
443 2144 504 2203 p.
547 2120 691 2182 495.
736 2123 943 2182 Lana
978 2123 1137 2199 jam
1180 2119 1362 2179 inde
1408 2121 1699 2202 Orphei
1744 2133 1818 2181 et
1859 2122 2004 2199 Py-

215 2226 592 2302 thagorae
636 2223 867 2281 scitis
896 2219 1283 2302 profanus
1325 2224 1670 2282 vestitus
1708 2230 1842 2281 est.
1886 2223 2007 2299 Py-

216 2326 536 2402 thagoram
560 2325 767 2402 ipsum
793 2322 936 2381 huic
973 2321 1094 2398 legi
1122 2338 1189 2378 se
1227 2319 1626 2381 obstrinxisse
1657 2332 1839 2400 negat
1864 2322 2008 2383 Ari-

218 2424 470 2485 stoteles
499 2405 979 2499 Diog.v111.19.'
1017 2420 1230 2499 Neque
1252 2429 1493 2481 veteres
1511 2421 1812 2503 Orphicos
1841 2442 2005 2484 scru-
2090 2493 2099 2503 ,

218 2524 564 2604 pulosiores
608 2521 800 2579 fuisse
860 2520 1125 2578 arbitror
1181 2538 1364 2598 quam
1416 2521 1760 2603 Aegyptios
1813 2526 2007 2604 ipsos),

222 2626 329 2706 qui
365 2641 553 2702 quum
592 2620 778 2696 vulgo
814 2619 1052 2681 valeret
1087 2620 1299 2697 opinio
1330 2622 1669 2680 morticinis
1714 2624 2006 2682 coelestes

221 2724 419 2804 pollui
473 2721 798 2799 religiones
816 2715 911 2800 [¹²]‚
969 2717 1189 2777 eadem
1246 2721 1528 2778 cautione
1586 2723 1654 2780 in
1694 2723 2005 2803 sepulcro-

342 2879 403 2935 [ἃ]
435 2877 656 2921 Minimam
694 2877 860 2933 partem
903 2889 1074 2926 eorum,
1115 2889 1227 2931 quae
1268 2876 1352 2917 huc
1381 2875 1623 2932 pertinent,
1665 2878 1907 2935 complexus
1936 2883 2004 2922 est

225 2936 511 2993 Fraguierius
559 2937 606 2978 in
644 2935 829 2977 Dissert.
869 2934 977 2976 Sur
1016 2933 1068 2976 la
1109 2935 1198 2977 vie
1240 2934 1565 2992 Orphique‚
1605 2936 1651 2978 in
1697 2936 1826 2980 Mem.
1867 2939 2001 2982 Acad.

224 2995 367 3039 Paris.
398 2995 455 3038 T.
485 2995 540 3037 v.
569 3010 612 3052 p.
645 2992 741 3037 117.

345 3066 436 3122 [aa]
468 3067 613 3110 Prave
650 3066 764 3109 hunc
801 3065 940 3108 locum
979 3078 1007 3106 a
1052 3064 1339 3120 Wesselingio
1382 3064 1606 3107 sollicitari
1645 3066 1803 3110 dudum
1840 3068 2005 3112 monuit

231 3125 452 3167 Gesnerus
491 3125 537 3167 in
575 3125 745 3167 Prolus.
786 3138 888 3181 qua
919 3137 974 3166 os
988 3127 1082 3165 ten
1097 3123 1251 3165 ditur
1282 3124 1310 3165 d
1324 3137 1482 3179 ogma
1512 3122 1541 3165 d
1555 3138 1580 3165 e
1609 3139 1636 3180 p
1651 3139 1744 3167 ere
1758 3127 1853 3169 nni
1884 3128 1998 3169 ani-

229 3196 433 3235 mtorum
485 3187 689 3226 natura
728 3196 830 3240 per
867 3181 1176 3224 Eleusinia
1215 3185 1590 3239 propagatum
1630 3197 1753 3226 esse
1794 3190 1997 3241 myste-

231 3241 278 3283 ri
289 3255 315 3284 a
327 3273 341 3294 ‚
370 3240 416 3282 in
442 3240 593 3296 Biogr.
624 3242 848 3297 Goetting.
879 3241 936 3283 T.
965 3240 1024 3282 ΙΙ.
1053 3256 1095 3297 p.
1123 3239 1193 3282 87.
1223 3240 1300 3283 sed
1329 3240 1389 3293 id,
1420 3240 1534 3296 quod
1565 3243 1790 3286 ostendere
1821 3248 1998 3287 conatus

232 3304 299 3342 est
309 3332 322 3351 ,
352 3313 437 3342 non
466 3299 664 3346 obtinuit.

347 3369 416 3427 [b]
447 3371 586 3415 Varro
623 3371 677 3414 de
716 3371 768 3414 L.
810 3371 862 3413 L.
894 3370 968 3412 VI.
999 3369 1039 3413 5.
1072 3375 1312 3416 scortea
1341 3384 1426 3423 ea,
1470 3384 1610 3426 quae
1642 3387 1704 3415 ex
1741 3371 1895 3414 corio
1941 3374 1996 3412 et
