2158 3848
222 197 349 260 238
752 210 991 254 LIBER
1033 210 1462 255 SECUNDUS.

224 340 387 403 unde
432 339 814 401 Themistius
861 337 964 399 Or.
1009 339 1085 400 II.
1131 338 1233 399 38.
1276 339 1351 399 A.
1395 343 1689 426 καθαρὰς
1735 341 2003 425 φυλάξαι

221 443 326 506 καὶ
370 440 616 506 δικαίου
677 438 878 523 φόνου
931 439 1044 509 τὰς
1091 447 1304 522 χεῖρας
1357 450 1598 525 μᾶλλον
1643 441 2004 526 Φερεκύδου

222 543 326 606 καὶ
385 539 816 626 Πυθαγόρου·
887 539 1058 615 cujus
1115 540 1428 617 religionis
1486 541 1801 623 Orpheum
1858 561 2007 624 quo-

223 663 342 724 que
385 641 754 723 participem
797 638 1020 710 fuisse,
1066 642 1353 718 proximo
1395 641 1630 701 dicetur
1672 642 1828 701 loco.

391 743 491 801 VI.
578 740 833 797 Rituum
876 740 1273 798 secretiorum
1318 740 1858 802 administratione
1897 741 2010 801 Or-

220 845 449 924 pheum
495 848 706 902 vatem
751 857 790 898 a
831 838 1191 916 vulgaribus
1234 841 1438 920 poetis
1496 841 1788 902 discernit
1831 843 2009 901 Plato

220 944 460 1021 Protag.
516 961 575 1022 p.
621 938 765 1000 316.
810 938 889 998 D.
943 937 1273 1021 πρόσχημα
1316 943 1837 1013 ποιεῖσθαι·τούς
1891 942 2010 1025 μὲν

221 1043 502 1123 ποίησιν,
571 1038 706 1104 οἷον
733 1039 1016 1123 (Όμηρον
1060 1040 1167 1102 καὶ
1214 1040 1508 1105 Ἡσίοδον
1518 1088 1538 1114 ,
1599 1041 1746 1111 τοὺς
1801 1042 1870 1103 δὲ
1927 1041 2007 1104 αὖ

220 1141 463 1214 τελετάς
505 1169 570 1206 τε
613 1141 720 1206 καὶ
755 1139 1195 1224 χρησμῳδίας,
1256 1141 1404 1211 τοὺς
1462 1141 1631 1224 ἀμφί
1672 1136 1738 1204 τε
1776 1143 2009 1225 Ὀρφέα

220 1245 327 1307 καὶ
367 1249 742 1316 Μουσαῖον,
788 1249 909 1322 quo
954 1241 1091 1299 loco
1136 1249 1342 1299 utrum
1390 1240 1468 1299 de
1511 1239 1652 1302 ut'ro
1695 1241 2011 1323 praedice-

218 1352 352 1418 tur,
397 1343 760 1421 intelligitur
804 1361 880 1400 ex
904 1340 1188 1400 Philostr.
1215 1340 1397 1400 Hert.
1419 1341 1495 1400 Π.
1547 1342 1641 1401 19.
1667 1326 1829 1402 693.
1866 1345 2009 1425 ὀρ-

220 1446 341 1527 φέα
385 1447 453 1506 ἐν
494 1449 739 1512 πολλοῖς
781 1450 913 1504 τῶν
955 1441 1112 1502 κατὰ
1165 1441 1280 1521 τὴν
1323 1441 1662 1526 θεολογίαν
1704 1443 2010 1526 ὑπερῇρεν

223 1544 584 1625 ((Όμηρος),
637 1547 979 1604 Μουσαῖον
1036 1539 1103 1601 δὲ
1163 1543 1228 1603 ἒν
1275 1541 1462 1622 ᾠδαῖς
1502 1551 1823 1624 χρησμῶν.
1912 1544 2010 1604 Ab

220 1643 469 1724 Orpheo
515 1641 725 1701 Liberi
767 1641 968 1700 Patris
1025 1658 1198 1699 sacra
1250 1641 1538 1699 instituta
1594 1660 1757 1715 esse,
1802 1644 2009 1722 ¹pleri-

219 1763 336 1824 que
381 1742 633 1823 tradunt
677 1751 739 1800 et
782 1741 1224 1820 antiquissimi,
1281 1758 1406 1798 non
1462 1741 1552 1800 ita
1594 1742 1781 1801 multi
1823 1743 2011 1803 Eleu-

217 1845 407 1916 sinia,
453 1844 636 1923 pauci
677 1843 976 1918 mysteria
1015 1842 1082 1899 in
1124 1842 1502 1900 universum.
1589 1841 2011 1922 Apollodorus

220 1945 265 2003 Ι.
312 1944 369 2003 3.
415 1943 474 2002 2.
519 1938 656 2022 εὗρε
701 1942 770 2005 δὲ
819 1941 1085 2024 Ὀρφεὺς
1141 1941 1247 2002 καὶ
1290 1938 1603 2003 Διονύσου
1647 1943 1726 2003 τὰ
1771 1942 2008 2024 μυστή-

220 2070 342 2127 ρια.
432 2043 791 2103 Lactantius
835 2042 1034 2100 Instit.
1079 2041 1125 2098 Ι.
1172 2041 1273 2099 22.
1317 2060 1378 2120 p.
1410 2038 1549 2100 154.
1595 2040 1689 2100 ed.
1717 2042 2008 2103 Buenem.

221 2144 457 2204 Sacra
516 2142 780 2201 Liberi
853 2143 1151 2220 primus
1214 2139 1563 2220 Orpheus
1634 2141 1862 2202 duxit
1931 2146 2008 2202 in

221 2244 628 2304 Graeciam
671 2278 756 2287 —-
799 2277 886 2288 —-
942 2259 1028 2299 ea
1085 2258 1307 2299 sacra·
1363 2242 1817 2300 etiamnunc
1873 2242 2009 2302 Or-

216 2345 450 2425 phica
493 2342 1018 2423 appellantur.
1109 2340 1403 2400 Proculus
1447 2343 1512 2399 in
1556 2341 1734 2401 Polit.
1771 2348 1832 2423 p.
1861 2343 2007 2403 398.

213 2445 477 2527 Ὀρφεὺς
522 2443 627 2505 ἅτε
669 2451 800 2505 τῶν
844 2441 1158 2505 Διονύσου
1219 2450 1478 2505 τελετῶν
1533 2443 1785 2528 ἡγεμών
1826 2443 2005 2529 γενό-

217 2569 403 2628 μενος
445 2542 523 2604 τὰ
569 2543 753 2623 ὅμοια
807 2546 1041 2603 παθεῖν
1094 2542 1328 2626 λέγεται
1384 2550 1474 2622 τῷ
1520 2545 1802 2625 σφετέρῳ
1850 2549 2003 2626 θεῷ.

218 2642 536 2704 Diodorus
579 2643 686 2702 111.
743 2641 844 2700 64.
902 2650 1114 2699 auctor
1171 2648 1264 2699 est
1308 2640 1660 2720 Tharopem
1707 2643 2004 2702 Thraciae

218 2763 422 2822 regem
469 2762 508 2802 a
549 2742 834 2819 Dionyso
881 2740 1190 2800 eruditum
1244 2759 1433 2812 esses
1467 2759 1504 2800 a
1549 2741 1834 2822 Tharope
1890 2764 2003 2803 au-

218 2855 345 2904 tem
403 2843 710 2921 Oeagrum
763 2842 957 2900 filium
1014 2860 1150 2900 cum
1208 2842 1470 2922 imperio
1526 2843 1832 2923 accepisse
1891 2845 2005 2914 τὰς

221 2949 288 3008 ἐν
329 2950 459 3015 τοῖς
502 2942 864 3026 μυστηρίοις
896 2942 1157 3016 τελετὰς,
1204 2944 1278 3012 ἃς
1312 2943 1575 3025 ὕστερον
1600 2945 1834 3025 Ὀρφέα
1877 2971 2037 3027 ‘aa-⁴

221 3042 429 3108 θόντα
472 3044 667 3106 πολλοὶ
709 3046 1075 3126 μεταθεῖναι
1117 3051 1248 3106 τῶν
1293 3046 1360 3105 ἐν
1402 3050 1529 3113 τοῖς
1574 3043 1808 3130 ὀργίοις
1818 3091 1840 3118 ,
1898 3045 2000 3107 διὸ

221 3145 327 3207 καὶ
367 3144 479 3213 τὰς
522 3144 642 3207 ὑπὸ
690 3140 1001 3208 Διονύσου
1044 3144 1380 3228 γενομένας
1421 3144 1664 3214 τελετὰς
1701 3145 2000 3227 Ὀρφικὰς

206 3243 749 3330 ἱπροςηγόρευσανν,
793 3242 1012 3324 quibus
1056 3255 1461 3311 consentanea
1504 3255 1648 3304 sunt
1691 3241 1997 3303 Herodoti

223 3334 604 3423 aliorumque
664 3345 1016 3404 testimonia
1085 3344 1245 3403 infra
1307 3341 1372 3402 C.
1433 3345 1507 3403 II.
1582 3340 1993 3425 producenda.
