2158 3848
203 200 330 262 642
732 208 971 254 menn
1013 204 1443 252 saevimus,

206 343 524 404 confimat
589 339 765 399 Plato
819 334 1156 417 repudians
1217 336 1330 416 ὅση
1383 333 1645 418 βακχεία
1698 336 1830 399 ἐστὶ
1882 337 1987 398 καὶ

206 451 336 507 τῶν
388 439 618 519 ταύτης
661 438 1011 519 ἑπομένων,
1066 438 1142 505 ἃς
1183 433 1458 518 Νύμφας
1498 460 1566 498 τε
1608 435 1729 498 καὶ·
1757 438 1986 506 Πᾶνας

207 543 311 606 καὶ
367 538 702 622 Σατύρους
759 533 1277 617 ἐπονομάζοντες,
1335 536 1419 606 ὥς
1474 556 1659 619 φασι,
1719 544 1989 618 μιμοῦν-

205 669 309 706 ται
373 638 867 719 κατοινωμένους
882 681 903 708 ,
963 635 1104 717 περὶ
1162 635 1535 718 καθαρμοὺς
1587 637 1695 699 καὶ
1747 633 1991 705 τελετάς

206 768 382 812 τινας
426 735 900 802 ἀποτελούντων
942 734 1123 812 Legg.
1169 733 1302 792 vll.
1346 733 1489 794 815.
1533 734 1606 796 A.
1655 737 1828 814 cujus
1871 735 1992 793 loci

208 842 566 903 meminisse
617 836 807 897 velim
864 836 1123 894 lectores
1141 877 1158 906 ‚
1201 833 1311 893 ubi
1357 833 1436 893 de
1480 834 1860 895 Onomaeriti
1904 844 1993 893 te-

210 936 348 1001 letis
406 938 588 1005 nobis
644 955 847 996 sermo
905 937 1036 995 erit.
1125 934 1407 1015 Denique
1465 934 1798 995 Sabazium
1844 953 1994 1014 quo-

209 1062 329 1124 que
395 1043 460 1100 in
516 1040 634 1098 hoe
698 1055 953 1097 numero
1024 1034 1418 1095 referendum
1479 1055 1612 1096 esse
1666 1034 1998 1114 persuadet

211 1140 588 1202 Jamblichus
647 1136 726 1196 de
784 1137 974 1213 Myst.
1030 1136 1136 1195 III.
1188 1135 1284 1195 10.
1312 1148 1314 1150 ’
1341 1155 1402 1216 p.
1457 1136 1559 1195 71.
1615 1143 1747 1199 τῶν
1789 1142 1998 1218 Κορυ-

211 1240 471 1323 βάντων
538 1235 921 1321 φρουρητική
985 1261 1115 1306 πως
1157 1237 1194 1314 ἢ
1250 1234 1520 1319 δύναμις
1577 1236 1683 1298 καὶ
1738 1239 1996 1297 ἐπιτελε-

216 1339 422 1419 στική,
482 1346 597 1402 τοῦ
643 1337 974 1420 Σαβαζίου
1020 1334 1089 1398 δὲ
1135 1342 1219 1405 εἷς
1262 1337 1567 1416 Βακχείας
1610 1335 1716 1398 καὶ
1760 1337 1998 1398 ἀποκα-

213 1437 472 1522 θάρσεις
514 1444 744 1520 ψυχῶν
785 1436 890 1497 καὶ
934 1433 1135 1504 λύσεις
1177 1444 1462 1499 παλαιῶν
1503 1434 1874 1517 μηνιμάτων
1907 1440 1998 1497 οὶ-

214 1537 500 1602 κειότατα
544 1534 1065 1618 παρεσκεύασται·
1114 1553 1271 1614 quae
1316 1554 1505 1614 quum
1551 1554 1628 1594 ex
1659 1534 1773 1593 illo
1807 1534 2002 1594 Phae-

216 1639 315 1698 dri
347 1638 483 1697 loeo
521 1636 602 1696 ad
635 1636 895 1697 verbum
930 1635 1228 1695 translata
1262 1637 1405 1707 sint,
1449 1643 1711 1715 apparet
1749 1632 2003 1695 Jambli-

219 1739 399 1800 chum
465 1738 839 1819 καθαρμοὺς
908 1738 1015 1799 καὶ
1078 1733 1352 1809 τελετάς,
1413 1735 1492 1794 de
1547 1734 1768 1815 quibus
1821 1735 2000 1794 Plato

218 1838 519 1916 loquitur,
565 1837 847 1897 Sabaziis
891 1836 1295 1897 adnumerare
1338 1839 1545 1897 saeris,
1587 1837 1661 1896 Iu
1703 1836 2004 1917 Porphyr.

220 1938 338 2017 Ep.
382 1935 464 1996 ad
505 1936 700 1996 Aneb.
745 1957 806 2017 p.
853 1938 910 1996 3.
957 1948 1409 2017 componuntur
1453 1940 1512 2000 οἱ
1552 1935 2004 2020 κορυβαντιζό-

221 2062 399 2121 μενοι
455 2037 561 2100 καὶ
615 2040 676 2100 οἱ
727 2046 817 2120 τῷ
873 2038 1182 2121 Σαβαζίῳ
1239 2035 1490 2119 κάτοχοι
1533 2037 1639 2100 καὶ
1682 2039 1741 2100 οἱ
1781 2036 2003 2120 μητρί-

225 2138 447 2213 ζοντες.
495 2147 558 2195 et
597 2139 664 2196 in
706 2135 961 2217 josephi
1004 2138 1323 2218 Hypomn.
1368 2140 1433 2197 in
1477 2138 1718 2197 Fabrie.
1773 2136 2005 2197 Pseud-

225 2239 411 2319 epigr.
458 2234 727 2297 CXLIII.
773 2238 916 2298 327.
961 2238 1070 2298 ubi
1111 2240 1291 2300 varia
1335 2239 1737 2299 enthusiasmi
1795 2247 1857 2297 et
1898 2255 2006 2299 va-

225 2339 652 2399 ticinationum
720 2358 943 2417 genera
1003 2350 1468 2400 enumerantur:
1526 2340 1567 2419 ἡ
1621 2341 1711 2403 δι’
1771 2340 2004 2412 αὐλῶν,

225 2437 555 2519 τυμπάνου
613 2438 719 2500 καὶ
772 2438 1048 2525 ὀργάνου
1103 2441 1338 2512 παντὸς
1392 2448 1697 2524 μουσικοῦ
1708 2486 1729 2514 ,
1785 2441 1845 2502 οἱ
1897 2438 2007 2502 διὰ

229 2537 560 2620 Σαβαζίου
589 2537 1032 2619 μητρίζοντες·
1081 2541 1155 2599 cf.
1202 2541 1484 2600 Galland.
1528 2541 1684 2601 Bibl.
1728 2540 1888 2600 Patr.
1933 2538 2004 2597 Τ.

228 2637 394 2698 XIV.
437 2656 498 2717 p.
542 2638 644 2696 72.
731 2636 855 2696 Sed
910 2639 987 2698 ab
1031 2640 1128 2698 his
1175 2641 1422 2700 Sabazii
1467 2650 1530 2699 et
1570 2639 1836 2717 Magnae
1875 2653 2005 2698 ma·

232 2739 342 2798 tris
409 2737 745 2797 cultoribus.
809 2741 1129 2818 proximus
1199 2749 1291 2798 est
1354 2739 1434 2799 ad
1506 2740 2005 2820 Orpheotelestas

233 2848 683 2917 transgressu8‚
739 2857 893 2918 quos
949 2839 1172 2899 iisdem
1230 2842 1417 2900 sacris
1474 2848 1537 2898 et
1581 2841 1854 2899 artificiis
1897 2838 2006 2898 ad-

232 2941 473 2999 strictos
515 2937 803 3018 producit
843 2940 1036 3001 Plato.

1019 3110 1073 3191 ξ.
1159 3110 1216 3170 5.

399 3236 459 3295 Is
513 3238 579 3295 in
634 3236 814 3296 Polit.
868 3239 946 3297 ll.
1007 3238 1148 3298 364.
1203 3239 1271 3299 Β.
1327 3239 1434 3299 u-bi
1477 3239 1815 3299 calumnias
1858 3237 2004 3296 reli-

232 3335 427 3412 gionis
503 3345 566 3395 et
631 3338 768 3416 pias
835 3337 1083 3399 fraudes
1149 3342 1296 3400 totis
1364 3349 1679 3420 oppugnat
1748 3337 2005 3410 viribuS,
