2176 3886
199 229 284 288 40
785 237 1020 280 meaa
1064 235 1375 279 PRIMUS.

201 368 537 430 communis
578 385 713 427 mos
757 387 1067 428 sacrorum
1112 377 1257 428 erat.
1303 366 1473 440 Quae
1517 374 1725 425 autem
1752 374 1968 446 quarto

199 471 333 526 loco
377 478 884 526 commemoratur
923 486 1182 527 coronae
1211 466 1529 545 impositio
1565 474 1628 523 et
1659 484 1968 525 sacrorum

198 585 335 626 cum
381 566 516 624 aliis
562 569 1059 651 communicatio,
1115 586 1190 625 ea
1232 584 1382 626 vero
1429 566 1835 623 certissimum
1877 584 1971 623 ar-

195 674 548 743 gumentum
594 665 849 744 praebet
873 666 1184 725 Thoonem
1227 684 1351 723 non
1396 663 1473 722 de
1497 664 1829 722 Eleusiniis
1862 662 1973 722 sed

196 763 272 823 de
316 766 574 843 privatis
607 764 775 842 loqui
809 766 1136 841 mysteriiS,
1182 782 1443 842 quorum
1476 764 1782 822 antistites
1826 763 1973 821 titu-

195 864 321 922 lum
359 872 418 920 et
453 856 665 921 munia
692 863 1257 943 Hierophantarum
1286 871 1345 919 et
1371 860 1809 920 Daduchorum
1833 879 1974 920 con-

192 962 350 1019 ferre
392 970 680 1040 poterant
722 963 940 1041 quibus
985 960 1379 1022 commodum
1423 959 1737 1020 videretur
1750 1006 1773 1035 ‚
1817 962 1975 1019 sicut

192 1059 376 1119 hodie
421 1060 781 1141 Superiores
826 1065 929 1142 qui
973 1062 1256 1121 dicuntur
1299 1062 1363 1118 in
1406 1059 1719 1134 mysteriis
1761 1068 1972 1117 neote-

191 1161 333 1219 ricis
393 1159 473 1219 ad
515 1145 838 1239 dignitates
882 1162 1188 1222 clericales
1235 1170 1296 1219 et
1339 1159 1679 1218 saeculares
1723 1175 1973 1238 promo-

192 1268 340 1320 vent
395 1279 545 1339 quos
601 1262 837 1322 volunt.
923 1261 1014 1321 Ac
1056 1263 1110 1320 si
1152 1261 1255 1321 vel
1298 1260 1568 1318 maxime
1612 1256 1690 1317 de
1732 1257 1974 1316 Eleusi-

189 1359 310 1417 niis
352 1361 696 1439 scripsisset
736 1363 855 1420 ista
882 1362 1073 1435 Theo,
1116 1378 1469 1441 quaererem
1513 1368 1720 1417 tamen
1754 1355 1973 1415 eadem

191 1477 344 1536 quae
399 1478 615 1538 supra;
672 1461 835 1521 unde
887 1463 1144 1538 intelligi
1188 1467 1424 1540 potest,
1471 1477 1547 1516 ex
1589 1457 1974 1516 initiatorum

191 1557 371 1615 turba
426 1558 722 1618 duntaxat
776 1562 1012 1640 aliquos
1066 1570 1437 1621 secretorum
1496 1558 1776 1633 omnium
1833 1573 1974 1614 con-

190 1655 348 1713 scios
411 1657 604 1716 factos
661 1678 825 1731 esse,
878 1661 1145 1737 reliquos
1199 1660 1266 1716 in
1322 1655 1604 1715 secundis
1659 1656 1975 1734 tertiisque

193 1756 573 1815 constitisse?
620 1756 940 1816 Gradatim
985 1776 1155 1816 sacra
1199 1757 1438 1837 percipi
1481 1754 1632 1813 dicit
1674 1763 1736 1814 et
1779 1773 1856 1813 ex
1882 1755 1975 1812 in-

192 1854 469 1913 tervallo.
571 1852 735 1927 Quid
789 1856 868 1915 ad
923 1856 1091 1914 rems.l
1145 1856 1344 1917 Nemo
1401 1874 1527 1913 non
1570 1871 1672 1925 eo,
1717 1838 1844 1933 quo
1881 1854 1975 1912 in-

193 1951 406 2025 tendit,
449 1973 561 2033 per
605 1955 829 2031 gradus
873 1956 1174 2035 pervenit.
1240 1954 1381 2015 Hoc
1426 1955 1745 2014 enimvero
1793 1970 1976 2032 quae-

190 2052 376 2124 ritur,
435 2061 641 2113 utrum
698 2056 918 2134 vulgus
961 2056 1344 2114 initiatorum
1390 2062 1452 2112 et
1495 2054 1838 2134 quicunque
1882 2050 1975 2110 di-

191 2151 418 2210 viniori
486 2151 798 2213 doctrinae
851 2154 1151 2214 inhabiles
1205 2155 1435 2235 reperti
1490 2161 1721 2224 essent,
1806 2150 1975 2235 rudi-v

191 2251 414 2309 mentis
470 2252 836 2330 quibusdam
878 2255 1100 2315 leviter
1143 2253 1366 2313 imbuti
1410 2254 1567 2312 circa
1608 2252 1789 2310 initia
1833 2250 1977 2310 sub-

191 2350 457 2408 stiterint
513 2370 591 2409 an
647 2352 841 2432 (quod
896 2356 1080 2413 etiam
1149 2363 1331 2433 atque
1399 2354 1586 2411 etiam
1652 2349 1975 2429 confirmo)

195 2449 442 2505 omnino
499 2451 815 2524 omnibus,
871 2455 976 2529 qui
1031 2451 1281 2529 quidem
1326 2452 1479 2510 nihil
1521 2450 1768 2528 gravius
1812 2468 1974 2509 com-

193 2545 532 2619 misissent,
589 2551 928 2628 sapientiae
983 2551 1160 2608 istius
1218 2550 1561 2629 penetralia
1601 2561 1871 2611 reserata
1914 2561 1976 2611 et

194 2646 514 2724 popularis
568 2648 878 2724 religionis
935 2651 1239 2710 vanitates
1284 2648 1558 2709 detectae
1601 2648 1845 2708 fuerint.
1901 2649 1975 2710 Id

193 2744 314 2803 nisi
367 2745 769 2825 probaverint
821 2751 1256 2826 mysteriorum
1314 2747 1753 2822 admiratores,
1808 2749 1975 2829 quod

194 2842 443 2921 probari
497 2865 749 2926 prorsus
802 2868 927 2908 non
969 2858 1205 2930 potest,
1259 2850 1473 2928 paucis
1519 2858 1807 2928 expertae
1852 2851 1975 2911 vir-

196 2944 345 3001 tutis
392 2954 453 3003 et
492 2945 855 3026 prudentiae
897 2950 1049 3010 viris
1092 2969 1306 3011 veram
1351 2948 1451 3008 dei
1496 2946 1738 3007 colendi
1780 2950 1974 3008 scien-

197 3042 349 3100 tiam
392 3044 680 3106 traditam
726 3067 890 3123 esse,
934 3045 1129 3110 totam
1173 3052 1356 3110 istam
1401 3048 1714 3108 doctrinae
1757 3049 1971 3126 mysti-

198 3158 303 3199 cae
337 3142 739 3219 jactationem
783 3149 863 3208 ad
905 3151 1162 3209 nihilum
1206 3148 1476 3209 recidere
1519 3165 1762 3207 necesse
1806 3158 1915 3207 est.

364 3242 657 3324 Superest
735 3268 890 3310 unus
955 3249 1390 3330 Olympiodori
1454 3249 1624 3307 locus
1693 3231 1971 3331 (Saintes

200 3341 373 3399 croix
416 3362 476 3421 p.
522 3345 688 3426 393.)
746 3354 926 3429 quem
983 3353 1220 3431 primus
1265 3348 1661 3409 casaubonus
1703 3350 1767 3408 in
1810 3349 1967 3412 noti-
