2158 3848
224 205 350 268 652
751 219 995 264 mana
1036 220 1466 266 SECUNDUS.

225 343 533 438 quandam
575 347 1047 411 similitudinem
1090 349 1468 426 inducerent,
1511 353 1702 413 irritis
1739 351 2008 435 pruden-

225 445 467 512 tiorum'
487 449 798 512 consiliis:
843 450 1093 513 ἐπειδὰν
1137 452 1405 516 ’ἀκοῦσαί
1447 472 1544 516 σοι
1586 454 1824 538 γένοιτο
1869 454 2009 536 περὶ

224 551 551 621 κοινωνίας
605 547 887 632 νυμφίου
941 549 1048 609 καὶ
1089 546 1368 633 νύμφης,
1410 551 1610 633 μηδὲν
1651 553 1866 615 ὑλικὸν
1909 556 2009 616 ἐν-

225 649 451 731 νοήσῃς
466 668 485 687 ·’
524 650 631 712 καὶ
672 649 795 734 γὰρ
841 653 924 717 εἷς
967 644 1317 734 ὑπόδειγμα
1359 651 1561 732 μόνον
1614 653 2010 735 ὗποβατικῶς

225 748 783 833 παραλαμβάνεται
824 747 1051 806 Macar.
1087 746 1166 807 de
1201 745 1435 810 Charit.
1459 750 1625 812 XIII.
1661 751 1800 813 154.
1846 751 2011 812 Hinc

225 848 307 909 ad
348 847 718 910 Aeschinem
760 846 1069 909 revertor.
1127 851 1130 854 ’
1549 876 1551 878 ·

395 948 840 1009 Glaucotheam
875 948 1098 1008 horum
1140 965 1452 1010 sacrorum
1494 953 1834 1018 antistitem
1876 951 2012 1011 Sui-

226 1050 337 1110 das
397 1069 444 1113 s,
506 1049 807 1130 Αἰσχίνης
866 1048 1033 1108 haud
1091 1049 1320 1127 injuria
1387 1053 1740 1135 τελὲστριαν
1810 1060 2013 1122 vocat,

224 1151 676 1211 Demosthenes
745 1159 807 1208 et
878 1148 1187 1208 Lucianus
1255 1147 1321 1210 C.
1355 1150 1518 1211 XII.
1575 1148 2013 1230 significantius

224 1247 728 1333 τυμπανίστριαν
758 1249 892 1329 [1'1'],
955 1248 1289 1309 Aeschines
1342 1251 1509 1330 ipse,
1554 1254 1771 1312 matris
1816 1249 2013 1310 admi-

223 1353 417 1410 nister
483 1346 920 1433 μητραγύρτης
949 1350 1023 1429 [q]
1082 1350 1460 1428 appellatur,
1549 1353 1720 1429 cujus
1774 1349 2013 1429 generis

224 1452 486 1512 virtutes
532 1457 594 1506 et
637 1449 863 1505 merita
905 1449 957 1526 si
1001 1450 1137 1526 quis
1182 1448 1381 1508 adhuc
1423 1451 1667 1527 ignorat
1706 1463 1814 1510 aut
1855 1453 2016 1509 inter

227 1549 723 1628 Symbolicorum
784 1547 1119 1608 cantilenas
1178 1549 1406 1608 oblitus
1463 1560 1588 1624 est,
1632 1551 1792 1610 hunc
1835 1548 2016 1608 doce-

224 1650 320 1710 bit
360 1649 773 1730 Antiphanes:
830 1647 988 1711 πολύ
1043 1675 1139 1713 τοι
1182 1650 1304 1734 γὰρ
1352 1648 1434 1713 αὗ
1477 1652 1654 1736 γένος
1695 1647 2016 1733 μιαρώτα-

225 1776 337 1814 τον
389 1752 555 1814 τοῦτ’
614 1749 782 1812 ἐστίν
837 1748 1060 1809 Athen.
1107 1749 1208 1808 VI.
1253 1750 1514 1832 226.[‘¹¹¹]
1568 1750 1734 1811 unde
1777 1750 1856 1810 de
1886 1749 2016 1809 ›Or-

223 1851 423 1933 phicis
478 1849 878 1927 religionibus
932 1850 1079 1929 quid
1134 1851 1611 1911 existimandum
1669 1854 1780 1925 sit,
1847 1849 2015 1910 haud

227 1950 458 2028 ambigi
523 1968 707 2031 posse
764 1949 1026 2010 videtur.
1131 1950 1291 2009 Nam
1354 1950 1503 2010 haec
1558 1951 1825 2011 Sabazia
1880 1953 2015 2013 sive

225 2051 493 2128 Phrygia
547 2069 750 2123 sacra,
820 2049 1039 2129 quibus
1095 2048 1417 2110 Aeschinis
1473 2061 1673 2111 mater
1725 2051 2014 2132 praefuit,

228 2151 445 2212 eadem
470 2149 739 2229 Orphica
782 2148 974 2208 fuisse
1019 2149 1293 2209 ostendit
1327 2151 1841 2226 cerimoniarum.
1864 2161 2016 2233 quas

225 2250 682 2313 Demosthenes
727 2250 1019 2329 expingit‚
1063 2262 1306 2310 summa
1348 2271 1486 2312 cum
1529 2236 1766 2312 fabulis
1786 2236 2018 2332 'orphi-

226 2355 314 2413 cis
373 2351 787 2429 congruentia.
887 2350 1164 2413 Primum
1222 2352 1638 2432 Etymologici
1681 2352 1766 2414 M.
1795 2353 2016 2432 'glossa

228 2520 336 2566 οὐδὲ
366 2517 578 2575 Διονύσῳ
607 2522 968 2578 βεβακχευμένον
997 2519 1206 2566 θύσθλον
1234 2522 1377 2580 ἱεραῖς
1405 2524 1534 2574 νυξὶν
1571 2521 1865 2585 ὀργιάζοντες.
1924 2523 2014 2565 Sed

227 2585 276 2623 et
314 2580 399 2622 hoc
442 2591 594 2622 nomen
635 2578 691 2619 ad
731 2579 945 2633 nequitias
987 2581 1225 2622 transferre
1254 2595 1341 2623 non
1369 2587 1598 2636 verentur3
1643 2597 1726 2638 quo
1766 2582 1890 2625 modo
1932 2579 2014 2630 νὺξ

226 2635 325 2698 ἱερή
365 2636 527 2698 dicitur
574 2635 787 2691 Meleagr.
827 2635 990 2678 LXXI.
1032 2635 1113 2686 νὺξ
1151 2636 1346 2696 μυστική
1391 2640 1558 2682 Chafit.
1599 2641 1676 2683 IV.
1715 2639 1757 2682 4.
1799 2639 1870 2682 95.
1912 2638 2015 2701 ἱερὰ

226 2700 452 2753 παννυχίς
479 2694 636 2752 Epigr.
661 2693 842 2739 Ἀδεσπ.
876 2694 991 2736 CXI.
1023 2694 1119 2737 140.

346 2763 443 2821 [1³1³]
479 2761 878 2820 Tympanistri
895 2777 922 2805 a
972 2763 1220 2819 Magnae
1267 2765 1482 2808 Matris
1533 2766 1748 2810 Idaeae
1800 2768 2013 2812 Murator.

227 2826 365 2868 Inscr.
397 2823 455 2866 T.
485 2822 518 2864 Ι.
551 2822 690 2866 Class.
720 2822 803 2865 III.
836 2820 933 2864 174.
963 2822 1127 2865 Marini
1155 2822 1218 2878 gli
1246 2823 1342 2866 Atti
1371 2823 1412 2866 d.
1443 2824 1519 2867 Fr.
1553 2825 1610 2868 T.
1641 2826 1676 2868 I.
1706 2841 1748 2882 p.
1778 2823 1850 2870 34.
1892 2829 2014 2884 Apu-

227 2884 301 2939 lej.
331 2882 387 2925 de
408 2882 530 2927 Gen.
561 2896 604 2938 p.
634 2878 705 2923 49.
736 2881 1030 2937 Aegypt-ia
1059 2882 1287 2926 numina
1316 2883 1572 2938 gaudent
1610 2884 2013 2942 plangoribus,

231 2943 461 2985 Graeca
520 2940 583 2982 ch
598 2939 773 2992 oreis,
825 2940 1081 2984 barbara
1134 2941 1391 2998 strepitu
1436 2957 1498 2999 cy
1513 2943 1917 2988 mbalistarum
1960 2951 2015 2988 et

230 2999 717 3057 tympanistarum
746 3003 806 3041 et
835 2998 1208 3049 ceraularfum.
1886 3026 1889 3051 3

352 3067 416 3125 [q]
449 3067 698 3124 Olympiod.
738 3067 783 3109 in
813 3067 953 3110 Alcib.
983 3082 1025 3124 p.
1059 3066 1155 3110 159.
1198 3067 1253 3112 οὐ
1282 3067 1364 3123 τὴν
1391 3074 1604 3127 γοητείαν
1633 3071 1748 3129 φησὶ
1776 3069 1859 3119 τὴν
1887 3071 2014 3131 παρὰ
2058 3099 2060 3102 >

232 3130 524 3197 Δημοσθένει
553 3127 804 3184 λεγομένην
832 3127 939 3185 περὶ
966 3128 1042 3180 τῆς
1069 3124 1236 3184 μητρὸς
1264 3130 1488 3185 Αἰσχίνου
1501 3142 1512 3154 ·
1555 3122 1612 3181 ἦν
1639 3128 1729 3188 γὰρ
1761 3122 1894 3180 οὗτος
1917 3146 2011 3190 μη-

231 3200 492 3245 τραγυρτης.

349 3253 441 3311 [¹1⁴1]
476 3254 543 3296 Ad
583 3253 796 3296 sulianum
838 3267 973 3310 regno
1011 3253 1193 3311 potitum
1235 3254 1378 3313 μάγοι
1417 3257 1495 3299 καὶ
1533 3253 1687 3314 γόητες
1726 3258 1802 3300 καὶ
1830 3253 2013 3315 μάντεις

232 3314 310 3357 καὶ
338 3308 640 3356 οὶωνοσκόποι
681 3314 758 3355 καὶ
797 3308 1080 3371 μηναγὺρται-
1120 3315 1196 3356 καὶ
1234 3310 1380 3369 πάσης
1416 3320 1699 3373 μαγγανείας
1738 3311 2010 3377 ἐργαστήρια

234 3370 523 3431 συνέδραμον
554 3371 779 3428 chrysost.
812 3371 866 3414 de
896 3371 942 3413 S.
973 3371 1129 3428 Babyl.
1160 3386 1200 3430 p.
1233 3372 1333 3416 559.
1364 3372 1416 3416 Ι).
