2158 3848
216 199 341 259 306
746 206 984 252 LIBER
1027 205 1467 250 SECUNDUS.

218 345 349 404 eiw-
402 337 542 403 ὖπὸ’
591 335 889 401 Τιτάνων·
931 336 1378 419 σπαραχθέντα
1390 379 1410 407 ,
1476 333 1755 394 fabulam
1810 332 2001 409 Phry-

220 443 382 520 giam
426 436 790 519 Terpandro
837 437 1142 512 cognitam
1199 435 1394 494 fuisse
1445 433 1844 515 pertendunt,
1905 432 2004 493 cui

219 561 342 601 non
385 541 527 620 plus
573 556 757 617 quam
800 537 1003 615 prima
1045 536 1387 594 testimonii
1421 555 1535 614 per
1575 542 1852 617 saturam
1891 532 2005 591 lati

221 655 364 722 pars
409 659 479 699 ac
522 656 601 697 ne
644 636 795 695 haec
837 631 1085 713 quidem
1139 637 1294 694 satis
1347 638 1779 696 asseveranter
1816 631 2006 692 tribui

221 750 458 821 potest,
526 737 816 817 quoniam
862 732 1210 813 Terpandri
1263 736 1565 794 memoria
1610 734 1744 812 jam
1787 733 2007 813 primis

223 836 453 907 seculis
485 839 576 895 ita
622 836 948 894 obscurata
986 843 1112 906 est,
1154 839 1226 892 ut
1266 837 1384 895 vix
1427 835 1554 894 ulla
1597 836 1730 911 ejus
1767 842 2007 893 senten-

222 942 312 999 tia
367 937 596 997 nedum
652 931 910 994 carmen‘
955 935 1260 1010 integrum
1314 935 1857 1023 incorruptumque
1909 950 2009 991 su-

221 1057 475 1121 perasse
517 1034 805 1099 videatur
820 1034 913 1115 [ss].
1001 1032 1274 1092 Transeo
1311 1033 1393 1092 ad
1415 1033 1784 1106 Hesiodum,
1828 1050 2009 1111 quem

226 1140 304 1200 de
347 1137 569 1199 Bacchi
615 1133 924 1195 natalibus
968 1133 1203 1213 aliquid
1247 1137 1518 1194 exactius
1562 1132 1893 1194 tradidisse
1937 1150 2012 1188 ex

224 1238 467 1301 Manilii
509 1235 717 1297 verbis
763 1234 966 1311 colligi
1007 1242 1245 1313 potest:

366 1351 608 1401 Hesiodus
644 1358 881 1397 memorat
919 1350 1054 1397 divos
1092 1344 1347 1414 divumque
1382 1328 1607 1413 parentes

369 1446 417 1485 et
454 1436 600 1484 chaos
638 1437 831 1483 enixum
867 1443 1020 1482 terras
1075 1462 1134 1470 -—
1192 1462 1263 1472 —
1322 1463 1381 1471 —-
1440 1464 1499 1472 —

369 1532 513 1589 atque
548 1523 726 1568 iterum
761 1521 920 1582 patrio
956 1528 1238 1568 nascentem
1273 1536 1470 1583 corpore
1506 1519 1762 1569 Bacchum.
1830 1580 1837 1585 ,

228 1637 296 1696 L.
342 1636 417 1694 11.
467 1633 564 1693 12.
618 1632 741 1690 nisi
796 1641 1051 1712 poetam
1092 1630 1359 1691 Hesiodi
1414 1632 1751 1691 sententias
1794 1629 2013 1688 libera-

164 1808 167 1815 ·
229 1738 348 1796 lius
391 1737 870 1814 interpretatum
913 1750 1047 1791 esse
1090 1734 1440 1792 statuimus.
1527 1731 1759 1791 Verum
1795 1730 1872 1790 ab
1901 1730 2016 1792 hac

154 1913 157 1917 ,
230 1844 434 1896 aetate
490 1833 782 1895 deorsum
837 1832 1373 1912 progredientibus
1428 1833 1863 1893 Bacchicarum
1923 1831 2016 1891 fa-

221 1937 514 2017 {bularum
557 1935 820 2011 vestigia
861 1932 992 1991 fere
1036 1932 1341 2010 gradatim
1390 1934 1830 2011 increbescunt.
1914 1931 2014 1990 De

220 2018 585 2097 'Archilochi
618 2033 932 2094 Iobacchis
975 2033 1268 2093 bifariam
1314 2036 1533 2093 certari
1575 2043 1787 2115 potest
1828 2042 1891 2092 et
1933 2051 2015 2091 an

232 2138 447 2217 scripti
503 2134 581 2195 ab
639 2153 714 2193 eo
771 2134 1002 2194 fuerint
1056 2135 1114 2195 οἱ
1169 2132 1629 2217 ἀναφερόμενοι
1683 2141 1767 2204 ⁸29
1821 2133 2016 2197 αὐτὸν

225 2236 562 2320 Ἰόβακχοι,
625 2243 687 2292 et
728 2253 810 2293 an
851 2234 970 2293 ho'c
1011 2235 1265 2293 nomine
1306 2236 1617 2314 inscripti3
1676 2233 1833 2294 illud
1875 2249 2018 2314 pro-

232 2347 370 2417 pter
437 2336 784 2397 novitatem
851 2335 1122 2394 nominis
1178 2333 1427 2415 Βάκχος
1482 2333 1808 2395 addubitat
1862 2331 2018 2393 Vos—

235 2438 362 2496 sius
403 2437 477 2515 gg]
539 2453 653 2493 nec
697 2433 1111 2494 demonstrari
1154 2445 1377 2516 potest
1402 2435 1874 2496 Atheniensium
1909 2437 2021 2497 'Io-

231 2539 492 2619 βακχεῖα
535 2517 734 2593 multo
780 2544 921 2594 ante
964 2536 1248 2593 instituta
1291 2554 1440 2594 esse.
1531 2535 1657 2595 Sed
1681 2533 2019 2595 extatAle-

236 2636 436 2695 manis
478 2633 651 2693 locus
698 2633 775 2693 de
819 2631 1198 2717 ὃρειβὰσίαις
1258 2644 1322 2692 et
1363 2634 1791 2714 bacchantium
1834 2635 2018 2694 coeti-

236 2735 352 2795 bus
396 2739 464 2804 ἐν
506 2741 812 2818 κορυφαῖς
855 2735 1053 2818 ὀρέων
1106 2735 1220 2797 ὅκα
1265 2738 1438 2804 θεοῖς
1482 2735 1604 2815 ἅδῃ
1647 2732 2018 2818 πολύφωνος

235 2833 418 2920 ἑορτά
462 2834 683 2895 Athen.
726 2834 834 2895 XI.
889 2834 1034 2895 499.
1090 2834 1165 2894 A.
1252 2833 1486 2894 Welck.
1529 2835 1775 2912 Fragm.
1818 2833 2016 2896 XXV.

239 3035 439 3135 ἓν]
452 3031 505 3077 V.
550 3035 677 3077 Voss,
720 3033 874 3090 Antisy
876 3034 960 3079 mb.
1001 3033 1059 3075 T.
1097 3033 1134 3075 Ι.
1175 3031 1275 3077 339.
1306 3031 1460 3078 Μύστι
1463 3034 1523 3078 δα
1550 3031 1734 3094 μολπήν
1763 3033 2017 3077 Christodo-

236 3106 312 3135 rus
389 3091 603 3162 erpandro
632 3092 790 3136 tribuit
817 3048 979 3150 Eycphr.
1010 3104 1052 3134 V.
1084 3091 1180 3135 111.
1211 3092 1287 3135 sed
1315 3099 1497 3151 propter
1525 3095 1611 3136 vim
1642 3093 1873 3136 carminum
1892 3106 2016 3136 arca-
2033 3137 2035 3139 ,

235 3159 333 3194 nam
372 3155 436 3194 et'
454 3150 650 3194 miraculi
689 3150 891 3205 similem,
934 3164 1020 3222 qua
1049 3151 1356 3224 Spartanorum
1386 3152 1548 3195 animos
1574 3151 1887 3212 tranquillavit.
1914 3149 2015 3192 Sui-

235 3209 315 3252 das
358 3224 391 3251 s.
433 3206 625 3267 Μόσχος
661 3236 719 3243 -
759 3208 809 3254 τὸ
849 3184 1070 3255 Βοιώτιον
1110 3208 1225 3254 οὕτω
1266 3207 1548 3269 καλούμενον
1589 3213 1689 3272 εὗρε
1727 3208 2016 3269 Τέρπανδρος

235 3266 380 3327 ὥςπερ
411 3269 489 3311 καὶ
515 3268 566 3312 τὸ
600 3264 819 3327 Φρύγιον.

353 3355 447 3412 [88]
481 3355 668 3412 Mythol.
698 3356 1002 3412 Forschungen
1031 3371 1073 3413 p.
1107 3355 1174 3399 17.
