2158 3848
824 204 1281 256 oRPnch.
1819 196 1945 256 629

152 334 248 392 dri
323 336 791 415 Θεοφορουμένη
859 342 922 391 et
978 333 1504 421 nyfcpayzssp‘myg,
1543 336 1941 420 ejusdemque

141 435 375 515 Ἱέρεια,
443 451 625 510 quam
696 431 971 492 fabulam
1043 444 1255 495 contra
1315 434 1473 495 viles
1529 432 1938 513 Metragyrtas

149 534 436 610 scriptam
483 549 616 590 esse
660 529 884 590 docent
927 533 1120 594 verba
1165 543 1216 598 εἰ
1258 535 1381 622 γὰρ
1428 536 1580 595 ἕλκει
1624 535 1736 598 τὸν
1782 540 1935 600 θεὸν

146 639 272 702 τοῖς
314 629 658 712 κυμβάλοις
701 634 1044 713 ἄνθρωπος
1086 641 1170 705 εἷς
1215 637 1247 698 ὃ
1292 633 1585 718 βούλεται
1630 644 1692 694 et
1735 645 1935 695 cetera

143 754 204 813 p.
247 733 346 790 87.
402 730 587 789 Mein.
621 783 625 786 .
678 729 914 803 Quibus
960 754 1037 792 ex
1081 735 1306 794 fabulis
1352 752 1680 814 expressae.
1720 727 1933 796 viden-

146 842 247 889 tur
289 831 358 889 L.
404 831 733 910 Pomponii
777 831 1082 912 Aruspex,
1127 835 1351 896 Naevii
1394 834 1709 907 HarioluS,
1752 834 1931 914 Afra—

140 933 228 1006 nii
287 930 565 1007 Augures
624 931 977 1011 multaeque
1021 937 1362 994 sententiae
1404 953 1621 1011 graves
1668 944 1728 992 et
1770 935 1931 994 face—

141 1040 270 1103 tae,
316 1031 536 1110 quibus
582 1033 813 1111 passim
856 1033 1140 1112 Plautus,
1199 1035 1468 1105 Ennius,
1514 1033 1818 1093 Pacuvius
1844 1034 1928 1098 *id

139 1150 329 1209 genus
388 1132 704 1190 hominum
761 1133 1043 1190 insectati
1088 1141 1247 1191 sunt.
1333 1132 1421 1191 Hi
1467 1141 1672 1191 autem
1721 1130 1928 1193 Comi—

139 1250 348 1289 corum
409 1231 604 1288 aculei
647 1223 873 1308 partim
919 1233 1440 1310 compotationes,
1495 1232 1822 1309 pervigilia
1867 1242 1929 1292 et

135 1332 424 1390 lascivias
481 1332 930 1408 perstringunt,
987 1330 1206 1410 quibus
1251 1332 1542 1410 mulieres
1586 1352 1716 1391 rem
1765 1332 1924 1393 divi-

133 1450 277 1490 nam
314 1432 606 1489 facientes
640 1429 959 1509 indulgere
994 1430 1418 1504 credebantur,
1462 1434 1691 1514 partim
1733 1441 1923 1492 tetras

134 1532 605 1610 superstitiones
651 1541 713 1589 et
754 1530 1017 1590 infames
1061 1531 1563 1591 Fratricellorum
1608 1540 1671 1590 et
1706 1532 1923 1610 Begui-

131 1651 351 1692 narum
410 1630 715 1690 libidines
803 1631 1095 1691 Mulieres
1152 1633 1486 1711 praecipuo
1545 1631 1752 1702 studio
1807 1633 1921 1692 hos

130 1733 425 1808 mysticos
500 1731 759 1790 circulos
831 1731 1283 1811 frequentasse,
1378 1733 1519 1790 hinc
1600 1731 1919 1793 discimus:

132 1831 511 1891 Jamblichus
558 1831 635 1889 de
670 1832 856 1906 Myst.
883 1831 962 1890 X.
990 1832 1091 1890 71.
1135 1834 1422 1917 γυναῖκές
1452 1838 1606 1902 εἰσιν
1635 1835 1700 1893 αἱ
1728 1843 1921 1914 προη-

50 1949 54 1953 ’
130 1934 450 2018 γουμὲνως
492 1929 995 2014 μητρῳάζουσαι,
1042 1934 1317 2013 ἅρῤένων
1361 1932 1430 1994 δὲ
1477 1932 1772 2017 ὀλίγιστοι
1812 1934 1919 1994 καὶ

131 2034 266 2096 ὅσοι
310 2033 394 2095 ἂν
438 2029 594 2095 ὦσιν
639 2030 1041 2114 ἁπαλώτεροι.
1088 2034 1172 2092 Et
1203 2034 1268 2091 in
1305 2034 1667 2093 universum
1694 2032 1917 2092 Strabo

132 2133 264 2192 VII.
309 2132 454 2192 723.
501 2133 768 2202 ἅπαντες
812 2133 1300 2214 δεισιδαιμονίας
1346 2134 1654 2216 ἀρχηγοὺς
1681 2138 1918 2196 οἴονται

130 2236 244 2304 τὰς
286 2239 618 2318 γυναῖκας·
668 2233 856 2294 αὐταὶ
899 2232 968 2294 δὲ
1011 2234 1116 2294 καὶ
1159 2235 1306 2302 τοὺς
1353 2232 1591 2313 ἄνδρας
1631 2258 1917 2314 παρακα-

131 2342 386 2398 λοῦνται
444 2334 598 2415 πρὸς
649 2334 762 2402 τὰς
820 2334 917 2395 ἐπὶ
959 2334 1144 2396 πλέον
1186 2332 1530 2415 θεραπείας
1569 2340 1698 2396 τῶν
1742 2337 1916 2396 θεῶν

129 2436 235 2498 καὶ
302 2434 518 2516 ἑορτὰς
584 2433 690 2494 καὶ
742 2432 1193 2515 ποτνιασμούς·
1251 2443 1312 2492 et
1367 2433 1543 2492 Plato
1599 2433 1778 2510 Legg.
1837 2432 1914 2492 X.

130 2536 273 2596 909.
317 2535 396 2593 D.
444 2536 592 2602 ἔθος
634 2533 883 2617 γυναιξὶ
926 2532 1353 2615 διαφερόντως
1397 2531 1624 2603 πάσαις
1659 2534 1915 2603 καὶτοῖς

134 2639 476 2699 ἀσθενοῦσι
519 2633 624 2695 καὶ
668 2634 974 2714 ἀποροῦσι
1016 2633 1249 2703 θυσίας
1284 2635 1580 2713 εὔχεσθαι
1603 2634 1708 2695 καὶ
1736 2632 1914 2714 ἱδρύ-

133 2758 280 2805 σεις·
325 2734 391 2793 id
436 2732 602 2813 quod
647 2734 916 2792 centenis
961 2733 1259 2813 exemplis
1295 2732 1519 2813 probat
1572 2732 1652 2792 H.
1697 2732 1914 2792 Feust-

134 2836 325 2912 kingii
370 2835 763 2911 Gynaeceum
806 2826 1505 2893 haeretico-fanaticum
1531 2834 1700 2912 LiPS.
1733 2832 1912 2891 1704.

133 2945 196 2993 et
238 2953 402 2995 nova
444 2933 899 3012 domesticaque
943 2935 1227 3014 exempla
1265 2935 1499 2994 docent.
1543 2933 1707 2993 Hinc
1732 2933 1914 2992 Phin-

135 3044 235 3111 tys
303 3033 688 3111 Pythagorea
755 3034 870 3093 hoc
934 3036 1147 3115 posuit
1199 3037 1265 3094 in
1323 3036 1700 3115 praeceptis,
1759 3052 1913 3114 quae

135 3135 307 3195 sexui
353 3152 464 3192 suo
510 3135 773 3214 scripsit,
816 3135 902 3215 μὴ
939 3138 1237 3219 χρέεσθαι
1273 3142 1401 3204 τοῖς
1426 3138 1789 3220 ὀργιασμοῖς
1810 3135 1916 3197 καὶ

133 3239 531 3316 ματρῳσμοῖς
576 3233 748 3294 Stob.
796 3233 988 3295 Serm.
1034 3232 1317 3295 LXXIV.
1363 3234 1507 3294 444.
1544 3230 1735 3316 22.[¹¹]
1781 3234 1911 3294 Ma-

253 3355 315 3413 [h]
365 3357 425 3400 Et
467 3359 594 3416 paulo
637 3365 735 3417 post
777 3376 817 3417 p.
858 3357 956 3404 445.
991 3361 1056 3405 19.
1102 3361 1367 3419 ὀργιασμῶν
1397 3363 1473 3405 καὶ
1503 3363 1794 3421 ματρῳσμῶν
1823 3362 1914 3403 τῶν
