2158 3848
206 206 327 268 532
731 217 962 264 LIBER
1008 215 1436 262 SECUNDUS.

212 350 494 411 tribuere:
540 386 543 388 -
583 350 865 431 Denique
919 350 1085 411 idem
1130 368 1345 413 versus
1391 345 1748 407 palinodiae
1790 347 1979 405 inser-

212 460 311 511 tus
355 461 449 511 est
490 469 548 511 v.
595 451 658 509 P.
683 453 758 511 II.
803 472 850 511 c.
893 453 968 510 II.
1015 449 1067 530 ξ.
1108 450 1166 509 3.
1210 451 1382 528 cujus
1428 456 1738 507 auctorem
1783 463 1857 503 eo
1902 443 1984 503 ad
2046 470 2052 481 Α

212 550 460 611 fraudes
504 568 648 609 suas
691 549 1081 610 occultandas
1113 568 1306 608 usum·
1339 568 1490 621 esse,
1538 545 1823 607 omnibus
1852 561 1984 603 ma-

210 651 507 710 nifestum·
547 659 673 709 est..
710 649 953 728 ‚Neque
995 649 1151 707 mihi
1195 647 1271 706 de
1302 648 1700 726 Pythagoreis
1747 655 1808 703 et
1849 645 1986 703 Pla-

212 761 355 809 tone
409 746 819 808 dubitandum
874 747 1137 810 videtur.
1222 748 1368 806 Illos
1424 746 1786 806 Aristoteles
1842 743 1991 802 dicit

213 851 502 908 universa
557 867 628 908 ac
683 850 920 925 singula
974 848 1171 907 tribus
1227 847 1578 905 momentis
1615 845 1989 925 dispensare,

214 947 588 1028 primordio,
652 951 829 1023 fines
862 948 1068 1010 medio
1126 967 1185 1008 v.
1243 947 1397 1006 Pul.
1437 966 1502 1002 c.
1547 944 1606 1003 ὃ.
1633 963 1717 1002 .n.
1743 944 1878 1003 233.-
1931 950 1992 999 et

215 1050 327 1109 Ion
353 1049 674 1128 Triagmos
716 1068 861 1108 suos
899 1049 1040 1108 hinc
1085 1052 1263 1107 orsus-
1305 1056 1399 1105 est
1441 1042 1649 1108 πάντα
1680 1043 1844 1126 τρία,
1887 1058 1994 1099 eo·-

219 1168 336 1228 que
393 1151 459 1208 in
519 1150 676 1209 libro
738 1148 894 1208 illud
955 1148 1032 1207 de
1086 1148 1434 1225 Pythagora
1476 1143 1778 1222 judicium
1822 1141 1995 1213 ondit,

219 1268 359 1309 eum
406 1249 714 1328 quandam
772 1249 1084 1308 doctrinae
1139 1267 1287 1311 suae
1341 1251 1580 1326 partem
1626 1244 1740 1321 (de
1783 1260 1995 1301 nume-

218 1350 323 1420 riS‚
367 1357 438 1408 ut
466 1347 738 1426 videtur)
770 1347 1018 1426 Orpheo
1057 1347 1436 1425 ‘adsignasse
1523 1346 1843 1404 Platonem
1883 1361 1995 1400 -au-

219 1458 346 1507 tem
389 1456 460 1507 ut
503 1447 792 1518 arbitrer,
855 1447 1031 1506 illum
1077 1449 1360 1511 παλαιὸν
1397 1445 1583 1530 λόγον
1616 1461 1763 1502 ‘non
1796 1441 1993 1502 fando

221 1549 528 1627 accepisse
571 1545 686 1606 sed·
726 1566 801 1604 ex
841 1548 1010 1625 ipsa,
1053 1554 1136 1605 'ut
1190 1545 1442 1619 dicitur,
1499 1543 1808 1617 scatebra,
1863 1552 1998 1601 tum

221 1647 345 1707 alia
387 1666 490 1706 me
533 1646 831 1706 inducunt
856 1644 1181 1725 Orphicae
1222 1647 1502 1705 lectionis
1545 1643 1823 1716 indicia.
1858 1643 2001 1714 ⁸-tu'm

220 1746 406 1819 illud,
461 1746 628 1826 quod
671 1747 960 1806 continuo
1005 1744 1449 1828 subjungit-ecc?
1504 1745 1568 1807 δ’
1616 1745 1711 1807 ἀεὶ
1754 1743 2005 1821 ξυνέπε-·

220 1872 323 1909 ται
379 1846 533 1925 Δίκη
591 1855 722 1909 τῶν
779 1847 1281 1928 ἀπολειπομένων
1334 1882 1419 1891 -
1472 1843 1772 1927 τιιὶωρός,
1847 1861 2004 1922 quae

222 1946 537 2019 ProculuS,
581 1956 650 2005 ut
692 1944 880 2004 modo
928 1944 1219 2018 diximus»,
1266 1937 2021 2024 Orphicisscircumloquh

223 2056 322 2104 tur
366 2046 590 2107 verbis.
675 2046 849 2105 Idem
902 2046 969 2104 in
1014 2045 1195 2104 Tim..
1217 2045 1288 2103 V.
1335 2045 1477 2104 310.
1534 2046 1571 2124 ἡ
1619 2044 1787 2123 Δίκη
1825 2042 2002 2165 ἔοτὶν

226 2146 464 2215 ‹invados-
506 2154 619 2209 τοῦ
665 2146 834 2218 Διὸς,
881 2146 963 2214 ὥς
1006 2167 1203 2228 φησιν
1235 2143 1500 2228 Ὀρφεύς

370 2277 460 2346 Τῷ
497 2273 554 2325 δὲ
590 2273 704 2342 δίκη
741 2272 1046 2334 πολύποινος
1082 2273 1327 2378 ἐφέσπετο

228 2390 332 2451 καὶ
377 2387 657 2453 Πλάτων
709 2377 824 2472 Τῷ
866 2390 935 2453 δ’
983 2390 1101 2451 ἀεὶ
1162 2386 1569 2454 συνείπετο
1614 2396 1727 2449 etc.
1742 2383 1834 2472 [Ἴ.
1921 2387 2005 2446 Et

227 2506 315 2555 m
337 2487 549 2548 Theol.
594 2489 695 2549 VI.
741 2489 799 2548 8.
842 2471 988 2548 363.
1047 2489 1164 2568 ἤδη
1219 2487 1616 2570 βοιοιλεύοντι
1661 2489 1832 2570 αὐτῷ
1861 2485 2005 2569 (de-

228 2586 493 2666 miurgo)
538 2587 643 2650 κοιὶ
685 2588 1046 2668 διακοσμεῖν
1090 2590 1414 2672 ἀρχομένῳ
1456 2590 1527 2651 τὸ
1573 2585 1702 2653 πᾶν
1746 2586 2008 2674 ἕπεσθαί

231 2708 382 2770 φησι
424 2688 540 2768 τὴν
585 2687 777 2767 Δίκην

374 2819 466 2888 Τῶ
503 2815 559 2867 δὲ
594 2815 730 2883 Δίκη
768 2812 1072 2895 πολύποινος
1109 2814 1353 2884 ἐφέσπετο
1390 2819 1545 2867 πᾶσιν
1581 2810 1779 2884 ἀρωγός
1799 2817 1865 2879 [ἔ]

281 2984 286 3005 ²
352 2983 413 3042 [f]
453 2986 668 3030 Platonici
709 2985 794 3029 loci
832 2985 1004 3042 saepius
1045 2986 1234 3029 meminit
1270 2986 1316 3028 in
1357 2985 1477 3028 Crat.
1508 3000 1548 3042 p.
1592 2983 1688 3027 113.
1719 2985 1762 3027 in
1793 2984 1932 3027 Alcib.
1964 2998 2005 3038 p.

233 3044 303 3085 70.
335 3044 391 3085 Τ.
423 3044 506 3087 III.
549 3043 786 3087 Couu'n.
826 3044 872 3086 in
913 3045 1027 3087 Tim.
1067 3046 1103 3087 I.
1133 3060 1175 3102 p.
1208 3043 1275 3086 13.
1318 3043 1472 3088 ἕπεται
1501 3041 1551 3100 (ἡ
1582 3045 1722 3099 Δίκη)
1751 3045 1832 3086 τοῦ
1861 3039 2006 3096 νόμου

235 3117 271 3143 τι
259 3101 427 3161 ιμωρὸς
456 3105 534 3146 καὶ
561 3102 643 3158 τὴν
670 3099 884 3148 ἐνόπλιον
911 3099 1060 3159 τάξιν,
1091 3102 1193 3162 μεθ’
1229 3120 1279 3158 ης
1309 3099 1529 3146 διατάττει
1559 3101 1607 3146 τὸ
1639 3105 1733 3145 πᾶν
1763 3099 1907 3161 ὥςπερ
1932 3102 2027 3144 λέ-’

232 3173 395 3217 γουσιν
438 3163 484 3204 οἱ
518 3159 596 3211 τὰς
631 3165 964 3232 Τιτανομαχίας
1004 3163 1081 3205 καὶ
1109 3165 1471 3231 Γιγαντομαχίας
1500 3158 1860 3219 ἀναγράψαντες.
1893 3158 2005 3200 unde
2085 3177 2088 3180 ·

233 3224 356 3274 patet
384 3219 558 3267 Proculi
585 3221 942 3278 interpretatione
971 3220 1109 3263 Dicen
1137 3221 1314 3264 eandem
1345 3220 1586 3278 Minervam
1617 3234 1724 3262 esse.

340 3306 417 3375 [Ε]
460 3307 601 3363 Vulgo
642 3304 898 3356 πολύπονος
927 3307 1136 3365 ἓφέπετο.
1181 3308 1455 3350 Parmenides
1496 3322 1536 3349 v.
1581 3305 1650 3348 14.
1690 3320 1780 3349 των
1809 3302 1859 3347 δὲ
1892 3305 2009 3355 Δίκη

235 3360 510 3414 πολύποινος
539 3367 631 3422 ἔχει
660 3365 856 3420 κληῖδας.

2145 1098 2147 1105 <
2145 1045 2150 1093 -—--
2141 941 2152 1040 —-.—--
2146 850 2158 936 w?
2155 782 2158 786 Α
