2158 3848
749 267 1324 311 ELEUSINIA.
1850 259 1933 318 97

148 401 374 472 versis,
418 397 691 458 artificiis
732 398 832 470 iis,
877 409 1140 479 quorum
1185 399 1498 480 specimen
1533 403 1931 498 exemplum-

145 518 261 579 que
315 505 410 557 est
459 495 821 558 Alexander
875 498 1234 558 Lucianeus.
1337 497 1457 557 His
1513 518 1665 560 vero
1683 543 1702 573 ,
1757 476 1932 580 quod

144 606 407 671 constet,
452 591 738 658 omnibus
781 599 937 657 ritus
980 600 1142 657 inter
1182 617 1248 658 se
1291 592 1506 678 pares
1518 592 1718 678 erant,
1762 610 1932 673 vota,

143 699 567 770 castimoniae,
623 691 1116 777 purificationesg
1185 700 1672 776 spectaculorum
1717 701 1933 776 mysti-

144 815 354 855 corum
398 805 577 856 tenor
606 792 779 856 vunus
822 796 1134 877 idemque,
1180 796 1430 858 divinae
1475 799 1731 877 speeies,
1775 795 1933 878 pho-

141 897 415 974 tagogiae
483 906 547 956 et
602 906 804 956 cetera
848 897 1312 974 glaucomatum
1372 910 1519 977 pro*
1542 917 1612 957 re
1669 908 1740 958 ac
1795 901 1932 958 loco

139 1005 465 1077 apparata3
507 999 975 1077 praemiorum,
1010 1015 1167 1075 quae
1206 990 1470 1058 ,initiatis
1514 1011 1936 1077 proponeren-

139 1106 267 1170 tur,
322 1113 544 1175 genera
597 1099 806 1170 varia,
861 1092 1106 1156 summa
1161 1090 1580 1155 tamen‘haec
1633 1107 1796 1171 erat,
1830 1116 1833 1139 ÷
1866 1109 1936 1157 ut

138 1197 369 1256 initiati
436 1196 686 1258 divinae
741 1215 809 1256 se
866 1198 1099 1282 gratiae
1155 1195 1466 1274 digniores
1523 1207 1935 1277 votorumque

141 1298 419 1356 omnium
488 1307 805 1378 compotes
861 1296 996 1355 fore
1055 1307 1392 1377 sperarent.
1501 1296 1701 1370 Quam
1725 1291 1737 1321 ³
1759 1318 1932 1378 spem

139 1395 384 1475 adjuvit
462 1391 730 1480 publica
792 1399 1114 1458 hominum
1183 1393 1538 1477 persuasio3
1578 1399 1934 1458 >secretiore

138 1495 395 1562 deorum
450 1500 615 1559 cultu
673 1508 735 1558 et
789 1499 1042 1558 insolito
1096 1498 1238 1578 plus
1283 1500 1500 1578 profici
1543 1497 1625 1557 ad
1668 1499 1934 1558 salutem

137 1596 326 1678 quam
362 1600 641 1678 legitima
683 1617 996 1659 sacrorum
1042 1599 1932 1678 popularium-observatione.

137 1695 355 1779 Itaque
398 1694 585 1759 etiam
632 1714 845 1759 omnes
887 1700 1050 1772 illos,
1097 1698 1319 1780 quibus
1363 1699 1598 1758 veritas
1639 1698 1933 1773 ludibrio,

137 1802 515 1878 superstitio¹
547 1802 614 1859 in
669 1808 923 1879 quaestu
979 1799 1127 1870 fuit,
1194 1798 1564 1875 singularem
1623 1797 1933 1876 quandam

136 1899 539 1959 sacrificandi>
582 1899 972 1980 disciplinam
1040 1917 1191 1977 prae
1238 1894 1326 1957 vse
1382 1898 1599 1956 tulisse
1651 1897 1932 1975 legimuS‚

138 1999 394 2059 deorum
448 1999 890 2081 placandorum
944 1999 1479 2079 potentissimam,
1524 1993 1931 2078 r'eandemque

133 2102 373 2181 paucis}
403 2103 711 2179 cognitam
766 2099 1278 2180 noscendamque.
1367 2099 1467 2157 De
1515 2112 1794 2179 quorum
1821 2118 1932 2160 va-

132 2201 326 2261 nitate
379 2201 557 2261 Philo
600 2202 919 2274 breviter,
977 2194 1206 2281 quod
1187 2220 1254 2258 1n
1299 2201 1680 2260 universum
1709 2198 1931 2272 valeat,

132 2295 583 2425 pronunciavit.
647 2302 755 2364 Τι’
762 2303 907 2388 γὰρ,
954 2303 1173 2381 inquit,
1220 2306 1273 2361 εἰ
1315 2300 1472 2361 καλὰ
1517 2302 1689 2362 ταῦτ)
1738 2300 1929 2373 ἐστὶν,

136 2399 197 2463 ὦ
136 2401 510 2483 ωμύσται,
568 2428 708 2465 και
730 2403 1165 2484 συμφέροντα,
1226 2398 1736 2485 συγκλεισοέμενοι
1782 2402 1928 2461 ἑαυ-

133 2502 282 2601 τοὺς
324 2508 409 2565 ἒν
426 2501 627 2584 σκότῳ
661 2506 863 2583 βαθεῖ
890 2508 1052 2585 τρεῖς
1070 2502 1123 2580 7)7
1158 2502 1454 2583 τέτταρας
1487 2498 1724 2581 μόνους
1762 2524 1928 2581 ωφε-

135 2609 338 2676 1εἷτε,
364 2603 583 2685 παρὸν
641 2603 947 2671 ἅπαντας
980 2595 1364 2685 ἀνθρώπους
1410 2605 1477 2681 ἐν
1522 2601 1725 2685 ’ἀγορᾷ
1770 2622 1927 2682 μεσῃ

130 2702 211 2765 τὰ
234 2709 408 2793 τῆς
422 2701 737 2787 ὠφελείας
777 2699 1150 2785 προθέντας,
1193 2706 1300 2766 ι’να
1343 2709 1560 2764 πᾶσιν
1582 2700 1781 2769 ἀδεῶς
1826 2703 1926 2779 ἒξῃ

130 2795 475 2885 βέλτίονος
513 2804 653 2866 καὶ
687 2805 1125 2887 εὐτυχεστέρου
1189 2798 1574 2881 κοινωνῆσαι
1617 2799 1788 2881 βίου
1848 2798 1926 2857 de

132 2901 376 2963 Victim.
423 2894 605 2963 Offer.
649 2922 711 2983 p.
754 2901 899 2962 856.
947 2900 1013 2962 C.
1060 2907 1181 2983 quo
1226 2905 1369 2973 loco
1409 2891 1742 2982 populares
1779 2893 1923 2958 suos

134 3005 405 3079 graviter
456 3002 780 3064 admonet:
836 3004 1052 3086 μηδεὶς
1073 3026 1075 3029 ·
1096 3001 1213 3067 οὗν
1255 3002 1416 3085 μήτε·
1450 2996 1748 3063 τελείσθω
1792 3008 1924 3062 τῶν

133 3104 457 3174 Μωυσέως
527 3113 870 3188 φοιτητῶνᾎ
904 3102 1056 3186 μήτε
1110 3103 1379 3166 τελείτωΐ
1430 3098 1721 3182 ἑκάτερον
1773 3100 1920 3185 γὰρ,

132 3199 205 3263 τό
249 3227 312 3264 τε
354 3203 712 3282 μανθάνειν
753 3205 858 3289 καὶ
898 3206 969 3268 τὸ
1016 3203 1336 3268 διδάσκειν
1376 3202 1650 3283 τελετὰς,
1697 3203 1772 3264 οὐ
1815 3226 1921 3282 μι-

133 3301 289 3385 κρὸν
342 3304 823 3392 οἷνοσιούργημα.
881 3305 953 3365 cf.
995 3306 1375 3365 Schleusner
1420 3302 1710 3361 Thesaur.
1767 3317 1813 3358 S.
1858 3318 1918 3360 v.

139 3407 199 3463 T
191 3399 508 3485 ελεςφορος
562 3403 631 3464 Τ.
677 3405 747 3465 V.
793 3404 939 3469 286
1007 3405 1090 3465 Et
1147 3405 1289 3464 huic
1345 3402 1577 3464 similes
1635 3399 1917 3463 veritatis

1540 3503 1582 3558 7
