2158 3848
851 217 1301 261 ORPH10A.
1841 206 1970 266 469

189 362 301 415 τοῦ
346 349 594 431 Φοίβου
646 353 904 414 Τιτᾶνος
953 344 1191 408 Ἠελίου
1234 345 1350 424 τὴν
1391 354 1504 408 τοῦ
1548 347 1788 429 κόσμου
1832 350 1965 413 κτί-

190 474 291 515 σιν
330 449 436 512 καὶ
476 447 570 518 τίς
613 444 892 524 ἐποίησεν
936 442 1169 524 αὐτήν·
1208 446 1569 528 Ἑμφέρεται
1612 447 1735 532 γὰρ
1781 453 1847 512 ἐν
1889 458 1965 531 τῇ

186 554 381 613 αὐτοῦ
425 548 663 610 ἐκθέσει
703 545 814 634 διὰ
855 553 1191 625 ποιητικῶν
1229 544 1458 625 στίχων
1502 547 1699 617 οὕτως

309 655 378 713 ἸΩ
414 658 543 721 ἄναξ
577 659 795 726 Λητοῦς
830 657 906 708 v‘l’
922 698 939 724 ,
979 654 1256 726 ἑκατηβόλε
1267 698 1285 724 ,
1330 659 1490 726 Φοῖβε
1527 657 1742 728 κραταιὲ
1758 657 1820 726 [¹³]

324 744 625 815 πανδερκές,
664 749 905 812 θνῄτοΐσι
938 744 1022 795 καὶ
1058 740 1400 796 ἀθανάτοισιν
1435 741 1694 811 ἀνάσσων,

317 829 511 894 Ἠέλιε,
542 828 843 898 χρυσέαισιν
879 824 1142 898 ἀειρόμενε
1180 825 1499 898 πτερύγεσσι,

324 911 618 982 δωδεκάτην
654 912 718 982 δὴ
754 910 903 982 τήνδε
941 914 1101 984 παραὶ
1140 914 1234 966 σέο
1262 912 1440 966 ἔκλυον
1475 912 1651 987 ὀμφήν
1669 916 1732 983 [†]

323 1004 411 1052 σεῦ
447 998 697 1070 φαμένου,
735 998 791 1050 σὲ
827 997 888 1051 δέ
918 996 959 1067 γ’
1000 995 1172 1063 αὐτὸν,
1213 994 1439 1066 ἒκήβολε,
1477 997 1719 1071 μάρτυρα
1755 1001 1923 1070 θείην.

182 1103 288 1183 qui
353 1119 568 1163 versus
628 1107 836 1159 utrum
908 1097 986 1158 ab
1059 1100 1199 1179 ipso
1262 1097 1655 1177 Theogoniae
1700 1108 1966 1162 >auctore

178 1201 507 1283 praemissi
549 1201 675 1258 sint
728 1216 808 1258 an
864 1195 1115 1282 aliunde
1159 1200 1443 1259 venerint
1497 1203 1716 1260 certari
1758 1211 1967 1283 potest

178 1312 311 1362 tum
355 1311 611 1382 propter
663 1291 1021 1359 communes
1064 1289 1527 1379 prooemiorum
1584 1302 1967 1381 suspiciones

179 1413 310 1462 tum
357 1402 502 1482 quia
545 1416 760 1461 versus
804 1399 972 1458 tertii
1025 1397 1198 1458 nulla
1253 1398 1481 1460 idonea
1535 1399 1715 1460 reddi
1759 1410 1966 1482 potest

177 1505 338 1563 ratio
395 1495 516 1560 nisi
570 1499 688 1559 hoc
739 1517 988 1559 carmen
1040 1516 1300 1558 numero
1359 1509 1423 1560 et
1466 1501 1683 1561 ordine
1727 1501 1965 1562 duode-

180 1605 406 1664 cimum
450 1601 586 1660 fuit.
670 1597 746 1658 Id
799 1617 949 1660 vero
1003 1617 1227 1678 parum
1287 1600 1644 1680 expeditum
1700 1602 1965 1678 videtur,

178 1722 304 1764 non
346 1701 550 1762 solum
594 1701 740 1780 quia
790 1701 856 1758 in
912 1697 1271 1759 ordinandis
1317 1700 1550 1781 Orphei
1595 1702 1964 1763 carminibus

181 1803 573 1881 Theogoniae
615 1801 885 1881 primum
932 1801 1209 1858 omnium
1235 1799 1439 1859 locum
1486 1801 1738 1861 concedi
1783 1821 1965 1882 opor-

179 1905 301 1964 tuit
354 1901 467 1963 sed
520 1903 709 1974 etiam
764 1907 1097 1980 propterea
1151 1898 1318 1978 quod
1375 1919 1461 1987 ex
1518 1910 1739 1964 octavo
1803 1903 1963 1963 libro

178 2012 335 2071 τῶν,
365 2006 549 2086 ἱερῶν
605 1998 807 2087 λόγων
863 2000 1034 2059 loeus
1091 1998 1367 2072 affertur,
1431 2020 1613 2081 quem
1668 2021 1768 2062 res
1823 2004 1964 2084 ipsa

178 2104 361 2164 docet
406 2118 491 2163 ex
533 2102 742 2182 priore
769 2099 1160 2178 Theogoniae
1186 2108 1364 2179 parte
1403 2111 1772 2182 excerptum
1813 2123 1961 2164 esse.

176 2204 651 2265 Prooemiorum
706 2211 915 2260 autem
969 2200 1514 2278 anaphoricorum‚
1573 2202 1794 2281 quibus
1840 2202 1965 2263 dis-

180 2323 366 2388 persa
421 2302 654 2382 Orphei
709 2301 980 2359 carmina
1035 2298 1117 2359 ad
1183 2300 1364 2359 unius
1417 2304 1704 2382 perpetui
1759 2304 1963 2383 operis

182 2401 651 2464 similitudinem
693 2399 968 2478 redigere
1024 2398 1391 2459 studuerunt
1444 2410 1687 2462 veteres
1731 2400 1964 2461 diasce-

182 2515 425 2576 vastae‚
468 2502 649 2583 plura
670 2502 1078 2581 'reperiuntur
1121 2500 1429 2580 exempla;
1472 2503 1742 2580 prImum
1789 2523 1962 2566 exor-

182 2603 354 2665 dium
411 2603 877 2680 Georgicorum:
964 2607 1043 2662 Εἰ
1098 2599 1166 2662 δὲ
1222 2601 1562 2686 γεωπονίης
1618 2624 1683 2665 σε
1738 2612 1961 2686 φιλομ-

180 2703 417 2790 βρότου
457 2708 666 2787 ἵμερος
709 2704 887 2786 αἱρεῖ,
933 2699 1268 2761 secundum
1293 2702 1554 2761 Dierum
1599 2704 1734 2764 sive
1757 2703 1962 2783 Ephe-

301 2874 368 2933 [b]
401 2875 516 2918 Tres
545 2873 753 2931 primores
781 2887 933 2916 versus
962 2875 1093 2916 affert
1123 2873 1314 2916 Tzetzes
1342 2874 1387 2916 in
1414 2874 1559 2929 Exeg.
1591 2889 1632 2931 p.
1664 2873 1734 2917 55.
1799 2874 1960 2918 Totum

189 2936 325 2978 locum
364 2934 530 2977 omissis
569 2931 782 2975 nonnullis
820 2933 1043 2976 vocabulis
1089 2933 1252 2990 repetit
1292 2933 1512 2976 Cedrenus
1552 2948 1593 2990 p.
1625 2932 1695 2976 57.
1726 2933 1960 2991 additaque

189 2993 429 3050 periphrasi
468 2993 681 3035 illustrat:
722 2983 757 3033 ὦ
797 2986 911 3042 ἄναξ
938 2994 1118 3046 Λητοῦς
1145 2991 1215 3035 υἱὲ
1245 2994 1453 3051 κραταιέ,
1496 2983 1531 3034 ὦ
1563 2987 1762 3036 &eandm
1792 2989 1961 3053 ἡμέρας

190 3053 283 3106 υἱέ,
326 3049 351 3094 ὁ
390 3049 443 3094 τὰ
482 3046 633 3094 πάντα
663 3045 905 3109 πόῤῥωθεν
933 3049 984 3095 ἐν
1011 3055 1109 3101 ταῖς
1138 3049 1289 3094 ἇκτῖσί
1315 3062 1398 3093 σου
1429 3045 1624 3099 τοξεύων
1653 3056 1735 3094 etc.
1766 3055 1850 3094 etc.
1908 3052 1960 3094 In

191 3108 326 3165 primo
378 3123 504 3152 versu
549 3109 746 3162 Scaliger
786 3108 830 3150 in
870 3109 1031 3152 Euseb.
1068 3110 1104 3152 I.
1145 3125 1186 3167 p.
1227 3105 1269 3151 4.
1311 3102 1432 3158 ὦναξ
1474 3109 1697 3163 emendat,
1739 3111 1960 3167 Bentlejus

192 3168 352 3224 Opusc.
383 3184 425 3224 p.
453 3166 553 3210 456.
585 3159 620 3210 ὦ
650 3163 765 3222 ἄνα,
795 3174 843 3211 ut
872 3167 1075 3212 Tzetzess.

312 3245 375 3302 [τ]
407 3246 484 3290 Sic
521 3247 744 3303 Bentlejus
775 3260 860 3303 »pro
900 3249 1079 3305 vulgato
1122 3245 1247 3307 παρὰ
1298 3248 1389 3301 σέο,
1448 3245 1648 3303 Scaliger
1693 3250 1959 3309 πυρίσσοον,

193 3305 416 3347 cedrenus
455 3307 562 3366 περὶ
599 3307 697 3350 σοῦ.
748 3305 984 3361 Sequentia
1013 3312 1108 3350 σεῖο
1141 3307 1353 3365 φαμένου
1383 3308 1429 3348 et
1457 3305 1508 3350 σὲ
1539 3305 1590 3351 δὲ
1620 3304 1757 3352 αὐτόν
1787 3306 1961 3352 Bentle-

193 3366 265 3420 jus
289 3362 506 3416 correxit,
537 3371 793 3422 postremum
826 3368 955 3422 θείην
983 3372 1134 3409 neuter
1164 3367 1406 3425 suspectum
1436 3364 1599 3410 habuit.
