2158 3848
173 194 297 255 546
682 206 921 250 LIBER
965 205 1398 252 SECUNDUS.

950 393 1004 474 §-
1093 394 1193 453 26.

343 539 773 616 Proserpinam
837 556 875 596 a
918 537 1181 596 Plutone
1223 547 1467 619 raptam
1512 557 1648 598 esse
1691 558 1829 599 cum
1874 558 1966 598 ce-

173 641 319 700 teris
376 639 681 698 consentit
738 636 1054 717 OrpheuS,
1117 635 1195 694 de
1251 637 1388 697 loco
1448 638 1787 719 discrepat;
1853 640 1964 719 ἡρ-

172 739 420 803 πάσθαι
461 737 577 815 τὴν
612 734 1032 820 Περσεφόνην
1071 736 1304 839 φασὶν
1312 740 1371 799 οἱ
1402 738 1520 819 μὲν
1555 743 1621 802 ἐκ
1654 740 1966 812 Σικελίας,

173 837 560 917 Βακχυλίδης
604 835 687 898 δὲ
707 840 784 898 ἐκ
827 835 1103 920 Κρήτης,
1141 799 1419 919 Ὀρφεὺς
1463 837 1532 899 δὲ
1569 842 1634 900 ἐκ
1665 848 1797 903 τῶν
1829 841 1970 922 περὶ

172 939 286 1002 τὸν
324 937 636 1001 Ὠκεανὸν
678 935 920 1001 τόπων·
985 935 1369 1019 Φανόδημος
1412 936 1481 999 δὲ
1527 938 1648 1000 απὸ
1693 946 1803 1018 τῆς
1839 942 1970 1001 Ἀτ-

171 1047 341 1118 τικῆς
359 1039 456 1118 [3],
502 1036 804 1120 Δημάδης
838 1038 903 1100 δ’
943 1041 1010 1101 ἐν
1045 1036 1286 1107 Νάπαις
1322 1037 1526 1097 Schol.
1562 1037 1789 1116 Theog.
1825 1038 1970 1099 914.

172 1137 270 1198 Ab
328 1137 572 1196 Oceano
638 1137 970 1197 abductam
1033 1156 1168 1196 esse
1226 1137 1384 1197 dixit
1397 1135 1498 1219 [pr
1553 1147 1661 1199 aut
1716 1139 1861 1218 quia
1904 1138 1969 1201 id

174 1249 355 1300 vetus
401 1237 658 1297 deorum
702 1238 1123 1298 habitaculum
1178 1258 1238 1299 v.
1283 1238 1443 1298 Voss
1488 1237 1867 1298 Weltkunde
1909 1258 1970 1318 p.

174 1339 432 1399 XXVII.
479 1348 587 1396 aut
631 1338 977 1397 Homerum
1022 1338 1334 1411 imitatus,
1391 1339 1497 1417 qui
1541 1336 1850 1397 Junonem
1891 1357 1972 1397 ne

175 1459 213 1499 a
256 1437 415 1501 Jove
461 1446 961 1518 corrumperetur
998 1439 1265 1516 jamjam
1307 1457 1515 1496 rerum
1551 1439 1774 1517 potito,
1821 1436 1972 1497 Oce-

177 1541 281 1601 ani
341 1549 403 1598 et
447 1538 726 1615 Tethyos
772 1557 953 1597 curae
998 1555 1038 1596 a
1079 1548 1279 1597 matre
1316 1537 1718 1596 commissam
1757 1547 1973 1600 narrat

175 1642 244 1701 Il.
302 1639 468 1700 XIV.
527 1641 672 1700 203.
736 1641 912 1719 cujus
956 1639 1242 1719 exemplo
1289 1635 1474 1698 Ceres
1516 1637 1710 1700 filiam*
1751 1636 1973 1697 eodem

178 1742 495 1820 ablegasse
538 1739 822 1812 videtur,
868 1757 990 1819 quo
1035 1740 1327 1800 securior
1354 1747 1517 1799 esset
1561 1757 1600 1798 a
1641 1755 1973 1818 procorum

122 1837 125 1838 ⁷
178 1842 451 1915 insidiiS,
508 1859 662 1921 quos
719 1840 1024 1919 plurimos
1082 1841 1275 1900 fuisse
1319 1839 1584 1900 Nonnus‘
1625 1846 1972 1898 attestatur.

177 1943 503 2002 Praeterea
558 1940 824 2000 sollicita
865 1950 1063 1999 mater
1109 1940 1392 2001 custodes
1438 1940 1735 2020 apposuit
1779 1936 1973 2016 Cory-

178 2043 427 2116 bantes„
495 2050 792 2120 quantum
865 2057 951 2098 ex
1018 2041 1266 2101 Proculi
1322 2039 1532 2102 verbis
1587 2058 1871 2117 auguror
1907 2040 1974 2097 in

181 2143 394 2203 Theol.
439 2141 542 2201 vl.
593 2142 689 2201 13.
735 2140 879 2200 382.
938 2141 1063 2204 οἷνοὶ
1119 2140 1307 2226 λόγον
1361 2147 1490 2210 τοῖς
1535 2144 1658 2202 ἐκεῖ
1695 2147 1976 2223 Κουρῆσι

181 2245 315 2328 (qui
357 2241 584 2304 Jovem
629 2240 1123 2323 custodiverunt)
1157 2242 1194 2321 ἡ
1228 2250 1359 2306 τῶν
1393 2237 1830 2324 Κορυβάντων
1861 2237 1975 2302 τοί-

181 2350 269 2415 §cs
314 2341 748 2427 προβαίνουσα
796 2342 915 2406 σὺν
956 2351 1032 2424 τῇ
1077 2340 1251 2425 Κόρῃ
1295 2343 1400 2405 καὶ
1446 2348 1816 2425 φρουροῦσα
1860 2341 1977 2403 αὗ-

184 2444 319 2523 τὴν,
367 2444 450 2512 ὥς
493 2467 685 2524 φησιν
728 2443 766 2521 ἢ
810 2442 1129 2529 θεολογία,
1176 2443 1276 2506 διὸ
1323 2443 1428 2505 καὶ
1462 2442 1578 2522 τὴν
1612 2440 1975 2523 ἐπωνυμίαν

185 2546 404 2623 ἔλαχον
460 2540 714 2620 ταύτην.
807 2541 959 2601 Alio
1015 2543 1153 2601 loco
1201 2540 1453 2601 Curetes
1510 2560 1750 2622 quoque
1791 2541 1975 2618 hujus

185 2642 458 2703 muneris
512 2641 846 2721 participes
889 2640 1040 2699 facit
1083 2643 1149 2698 in
1197 2639 1358 2700 Crat.
1403 2662 1464 2721 p.
1511 2641 1611 2700 62.
1655 2649 1764 2719 τῆς
1806 2649 1973 2703 Κου-

190 2751 434 2827 ρητικῆς
501 2742 755 2804 δεῖσθαι
822 2748 1140 2824 φρουρᾶς,
1210 2742 1407 2822 ὥςπερ
1471 2740 1586 2820 τὴν
1637 2740 1815 2804 Ῥέαν
1869 2740 1976 2802 καὶ

188 2845 301 2907 τὸν
345 2842 467 2905 Δία
508 2842 614 2905 καὶ
654 2840 770 2921 τὴν
812 2837 1041 2922 Κόρην.
1106 2840 1232 2900 Sed
1275 2861 1354 2900 ex
1396 2841 1675 2900 Plutonis
1721 2847 1785 2898 et
1826 2839 1975 2898 Pro-

312 2994 379 3050 [ἢ]
412 2995 543 3036 Paus.
571 2994 607 3035 I.
638 2991 709 3035 38.
739 2997 955 3049 raptorem
986 2992 1099 3049 apud
1127 2991 1319 3035 Erineon
1348 2992 1619 3035 descendisse
1648 2994 1821 3044 narrat,
1852 2992 1975 3048 quus

195 3052 279 3095 loci
309 3053 466 3095 mentio
497 3056 566 3094 est
593 3051 638 3093 in
668 3050 784 3093 Plat.
815 3050 1000 3093 Theaet.
1030 3066 1072 3108 p.
1091 3050 1187 3093 143.
1217 3052 1271 3094 B.
1304 3051 1512 3093 Colonum
1541 3050 1747 3107 Hippiam
1775 3049 1976 3121 designat

192 3110 337 3153 Schol.
368 3110 479 3152 Oed.
509 3110 560 3151 C.
593 3108 720 3152 1590.
751 3109 949 3166 Orpheus
977 3109 1136 3166 Hymn.
1165 3109 1332 3152 XVIII.
1365 3109 1432 3152 15.
1461 3109 1723 3161 Eleusinem,
1753 3105 1857 3152 τόθι
1885 3123 1973 3167 περ
2024 3104 2027 3107 ’
2096 3164 2102 3171 .
2144 3148 2147 3158 ,

193 3165 333 3213 πυλαι
373 3167 453 3213 εἰσ)
482 3167 652 3212 Ἀίδαο.
712 3167 781 3210 De
822 3167 1014 3210 aliorum
1047 3169 1312 3212 dissensione
1353 3183 1395 3211 V.
1440 3169 1638 3211 vossium
1669 3141 1726 3211 ad
1754 3167 1812 3209 H.
1841 3168 1898 3210 H.
1929 3168 1972 3209 in

195 3226 295 3270 Cer.
336 3233 379 3284 p.
422 3224 492 3269 45.
534 3223 662 3286 Κόρη
703 3225 772 3270 δι’
809 3225 1063 3276 Ἐλευσῖνος
1102 3227 1383 3287 ἀνερχομένη
1422 3233 1683 3269 memoratur
1720 3226 1874 3270 Tzetz.
1915 3224 1971 3267 ad

194 3285 298 3328 Hes.
328 3285 444 3342 Opp.
473 3284 544 3329 32.
573 3284 742 3329 Eudoc.
771 3299 814 3342 p.
843 3285 916 3328 95.

310 3369 378 3427 [b]
410 3371 482 3414 Ex
513 3371 657 3416 insula
687 3372 855 3415 Oceani
882 3377 1051 3430 raptam
1081 3372 1189 3415 dicit
1217 3372 1419 3430 Orpheus
1450 3372 1556 3429 Arg.
1587 3371 1712 3413 1195.
