2158 3848
256 186 387 250 494
788 200 1025 244 maun
1066 199 1496 246 SECUNDUS.

260 332 559 393 Patricius
603 329 875 389 DiscuSS.
905 328 1101 410 Perip.
1149 329 1218 389 T.
1253 330 1357 389 III.
1401 329 1469 390 L.
1516 332 1562 390 I.
1606 331 1747 402 293.
1780 330 2036 406 Quum

263 435 620 497 sciamus„
653 448 742 489 ex
799 428 1370 508 Olympiodoro
1430 429 2041 510 Orph2-e‘u111...om.-

262 551 403 595 nes
442 531 628 590 deos
673 547 761 588 ex
805 545 950 587 uno
998 545 1167 588 ovo
1190 529 1730 607 produxisse,
1744 550 1852 590 cx
1897 546 2041 610 quo

259 635 572 713 primus
598 629 954 698 PhaneS,.
1002 625 1286 687 deinde
1327 628 1538 704 Nox,
1589 621 1877 690 deinde
1926 649 2044 690 ne-

261 729 478 810 liqui.
566 728 902 787 Phanetem
945 745 1155 786 amore
1198 738 1444 808 captum
1487 732 1834 809 significare
1857 707 2038 791 vide-

259 842 363 892 tur
402 846 618 892 versus
663 847 706 887 a
726 826 986 886 Proculo
1030 838 1411 898 memoratus
1447 830 1517 888 in
1561 830 1722 890 Tim.
1734 830 1853 891 IV.
1899 830 2042 890 267.

258 933 372 996 τὸν
418 933 646 1010 νοητὸν
704 935 860 991 νοῦν
905 925 1278 1010 οἷνόμματον
1323 928 1355 990 ὃ
1407 927 2043 1015 Θεολόφοοιπροςηᾳτό-

297 1054 433 1096 evo&

257 1058 292 1113 ρ
397 1129 699 1195 Ποιμαίνων
736 1129 1076 1194 πραπίδεσσιν
1110 1126 1410 1191 ἀνόμματον
1446 1126 1577 1176 ὠκὺν
1614 1127 1797 1196 ἔρωτα.

255 1241 318 1290 et
360 1232 425 1289 in
470 1227 665 1290 Alcib.
711 1246 770 1307 p.
817 1224 915 1285 65-
965 1226 996 1287 ὃ
1051 1223 1345 1310 Θεολόγος
1393 1224 1763 1308 οῗνόμματον
1807 1230 2043 1291 ἀποκα-

260 1338 350 1393 λεῖ
388 1331 500 1394 τὸν
549 1331 823 1410 Ἔρωτα,
882 1345 957 1385 ex
1001 1324 1218 1384 eodem
1266 1344 1480 1399 vers-u,
1537 1341 1661 1406 quo
1674 1327 2044 1408 ,quidquid
2120 1390 2158 1398 -

254 1432 360 1490 ille
406 1437 751 1506 argutetur,
817 1425 1246 1485 tantummodo
1291 1427 1464 1489 notio
1510 1426 1685 1488 verbi
1722 1430 1878 1509 ..ἒρᾷν
1933 1430 2044 1487 cir-

257 1528 700 1590 cumscribitur.
789 1520 1163 1618 Rhapsodiis
1193 1543 1380 1604 porro
1426 1543 1550 1583 ιιοιι
1596 1524 1892 1586 dubitabo
1937 1527 2045 1586 ad-

255 1629 520 1690 scribere
578 1638 702 1710 tres
759 1626 1132 1690 substantias
1194 1625 1621 1706 principales,
1637 1637 1811 1716 quas
1855 1624 2044 1686 Julia-

253 1749 368 1790 nus
433 1728 535 1789 Or.
581 1727 654 1787 V.
723 1726 861 1787 168.
924 1723 1262 1785 secundum
1328 1710 1677 1806 Orpheum
1706 1710 2042 1809 enumerat,

251 1830 620 1902 Aetherem,
668 1825 902 1899 Chaos,
959 1823 1236 1897 Noctem.
1326 1824 1451 1884 Sed
1494 1844 1650 1915 quae
1692 1826 1906 1913 Lydus
1949 1848 2044 1931 ιο-

253 1931 376 1990 fert
438 1928 516 1987 de
576 1927 770 1986 Mens.
832 1946 889 2007 p.
944 1925 1039 1986 19.
1100 1931 1261 2008 τρεῖς
1320 1933 1563 2006 πρῶται
1622 1928 1753 1988 κατ’
1810 1906 2042 2020 Ὀρφεα

255 2027 712 2113 ἑξεβλάστησαν
757 2026 965 2108 αρχαὶ,
1012 2027 1128 2098 νὺξ
1170 2026 1276 2088 καὶ
1302 2033 1380 2111 γῆ
1425 2026 1531 2087 καὶ
1575 2025 1867 2111 οὐρανός,
1906 2036 2042 2089 ina-

252 2131 343 2208 gis
401 2127 526 2189 illis
586 2146 883 2200 consona,
947 2144 1102 2205 quae
1159 2124 1478 2184 Eudemus
1539 2126 1859 2208 excerpsit.
1928 2123 2044 2205 ‘Ex

249 2231 362 2293 illo
406 2247 619 2289 rursus
664 2227 838 2286 fonte
880 2227 1161 2287 manavit
1197 2226 1439 2286 Proculi
1469 2224 1747 2287 doctrina
1788 2230 1854 2287 in
1880 2226 2040 2289 Tim.

251 2331 325 2390 V.
387 2330 532 2392 291.
592 2336 723 2392 τῶν
777 2335 1015 2410 νοερῶν
1072 2327 1373 2412 ἡγοῦνται
1434 2326 1601 2409 (Nox
1658 2338 1745 2387 et.
1777 2303 2039 2420 phanes)

250 2430 519 2503 τάξεων,
565 2433 632 2494 ἐν
674 2436 764 2510 τῷ
809 2426 1024 2510 ἀδύτῳ
1068 2428 1413 2499 ὃιαιωνίως
1446 2421 1801 2512 ἱδρυμένοι,
1863 2429 2038 2511 καθά

254 2551 449 2614 φησιν
485 2528 785 2612 Ὀρφεὺς,
845 2527 961 2607 τὴν
1014 2526 1285 2610 κρύφιον
1341 2530 1554 2592 αὐτῶν
1609 2527 1786 2599 τάξιν
1842 2529 1939 2592 αδ
1953 2557 2036 2593 υ-
2087 2593 2091 2597 ,

252 2655 387 2695 τον
448 2628 902 2708 ἀποκαλῶν[“],
967 2646 1123 2706 quae
1184 2646 1223 2687 a
1280 2629 1535 2686 notione
1593 2627 1717 2687 dei
1771 2612 2038 2711 impli—

254 2732 402 2791 citi
455 2747 582 2788 non
624 2727 840 2809 procul
897 2725 1135 2786 absunt.
1221 2725 1313 2786 Ac
1356 2728 1411 2786 si
1456 2725 1534 2785 de
1579 2726 1890 2807 Orphicae
1929 2718 2037 2800 do-

252 2832 482 2892 ctrinae
537 2846 780 2890 summa
835 2828 1043 2887 omnia
1099 2825 1465 2901 detraxeris,
1524 2847 1679 2907 quae
1706 2820 1708 2823 ’
1734 2827 2037 2925 Platonici

251 2987 369 3031 rexit
410 2987 464 3030 ad
497 2987 607 3030 Call.
649 2986 707 3030 H.
738 2986 782 3029 in
811 2985 908 3028 Del.
935 2983 1037 3027 297.
1067 2984 1154 3027 Pro
1186 2981 1408 3043 κούριμον
1436 2985 1705 3027 Hermannus
1736 2986 1881 3030 tacite
1898 2985 2035 3038 edidit

254 3043 440 3106 κούριον
469 3041 631 3102 ἄνθος,
674 3050 722 3088 ut
750 3045 794 3087 in
824 3058 951 3087 versu
981 3043 1164 3113 legitur,
1196 3058 1319 3115 quem
1359 3043 1548 3086 nonnulli
1574 3044 1763 3090 Homero
1795 3044 1938 3095 adseri

252 3111 354 3146 runt.
381 3079 719 3149 11.X111.'433.
752 3099 916 3174 ’ὄφελλε
947 3100 998 3146 δὲ
1015 3098 1213 3171 κούριον
1243 3097 1398 3153 ἄνθος.
1429 3102 1505 3144 Sic
1535 3102 1736 3159 Orpheus
1767 3104 1873 3159 Arg.
1900 3059 2036 3185 1347}

253 3165 502 3222 παρθενίης
531 3165 765 3221 νοσφίζετο
797 3158 979 3222 κούριον
1009 3155 1162 3210 ἄνθος.

373 3233 435 3291 [⁶]
468 3234 627 3277 Idem
615 3250 660 3278 ιιι
690 3236 832 3279 Parm.
862 3235 915 3278 L.
945 3234 1021 3277 IV.
1052 3232 1152 3278 235.
1186 3234 1361 3277 Cousin.
1392 3233 1443 3277 ἐν
1469 3235 1532 3289 τῷ
1562 3229 1710 3304 ἀδέτῳ
1742 3235 2031 3304 κεκρυμμένα

255 3295 336 3337 τοῦ
347 3291 548 3365 πατρὸς
590 3296 681 3350 καὶ,
724 3292 785 3344 ὥς
826 3306 966 3352 φησιν
997 3290 1021 3337 ὅ
1051 3289 1296 3350 θεολόγος,
1334 3288 1454 3353 μόνῃ
1483 3288 1694 3351 γνώριμα
1724 3294 1780 3373 τῇ
1805 3292 2032 3351 προςεχιῦς

251 3348 367 3408 μετὰ
397 3353 535 3396 ταῦτα
564 3351 682 3404 τάξει
712 3356 802 3399 τῶν
829 3355 977 3408 θεῶν,
1009 3350 1053 3395 id
1085 3357 1152 3395 est
1182 3351 1327 3396 Nocti.
