2158 3848
221 197 346 257 662
752 209 1006 256 mmm
1035 208 1464 256 SECUNDUS.

224 341 403 399 inita·
444 337 722 412 videtur,
777 359 965 420 quum
1018 339 1422 405 Athenienses
1480 340 1995 424 Thebarumvpo-
2060 389 2061 392 η

223 441 479 499 tentiam
525 439 982 520 adaequassent.
1066 441 1367 520 Pompam
1383 485 1401 515 ,
1488 440 1567 500 de
1609 459 1733 521 qua
1769 442 1996 502 Pausa-

222 542 355 599 nias
421 540 721 619 loquitur‚
785 540 1111 619 phallicam
1167 541 1386 616 fuisse,
1444 542 1646 619 colligi
1700 551 1907 621 potest
1958 563 1998 601 ο

221 658 459 718 poenae
526 657 771 715 genere,
840 658 960 718 quo
1016 641 1419 702 Athenienses
1475 652 1729 722 propter
1782 640 1998 719 Pegasi

219 740 510 815 injuriam
568 738 768 796 affecti
823 738 1134 814 dicuntur3
1194 759 1274 800 an
1317 742 1439 800 alia
1483 742 1806 801 accesserit
1849 742 1998 800 ceri—

220 838 564 910 moniarum
637 837 1040 916 Phrygiarum
1107 841 1448 900 similitudo
1516 843 1583 908 in
1643 844 1999 921 quaestione

220 945 327 993 est.
417 934 602 1008 Quod
674 937 874 997 Schol.
943 939 1198 999 Hesiod.
1267 940 1491 1018 Theog.
1561 939 1692 1010 52„
1733 941 1999 1000 affirmat

218 1036 581 1096 Eleutheras
627 1037 822 1096 dictas
868 1058 1032 1113 esse,
1091 1040 1255 1120 quod
1300 1041 1388 1100 ibi
1433 1041 1511 1100 ab
1555 1039 1798 1100 insania
1839 1041 2000 1100 libe-

219 1146 388 1195 ratus
468 1140 550 1196 sit
628 1138 978 1215 Dionysus,
1062 1151 1268 1219 potest
1332 1142 1522 1200 Solius
1589 1142 2000 1218 etymologiae

221 1248 402 1293 causa
457 1237 664 1296 fictum
719 1239 920 1299 videri
977 1259 1171 1320 eoque
1215 1243 1417 1299 minus
1462 1241 1753 1320 ponderis
1795 1241 1998 1313 habet,

140 1408 141 1411 Ἴ
190 1334 387 1411 quod
430 1337 533 1393 alii
582 1338 764 1396 deum
807 1338 1074 1398 Dodone
1116 1342 1447 1419 resipuisse
1487 1350 1751 1399 narrant.
1805 1340 1999 1420 Aper-

220 1433 341 1490 tius
386 1432 636 1494 fanatici
678 1439 834 1496 ritus
878 1437 1173 1497 indicium
1220 1441 1475 1519 praebet
1519 1439 1751 1498 Suidae
1791 1458 1999 1500 narra-

220 1533 309 1589 tio
380 1551 427 1591 S.
478 1532 864 1621 Ἐλεύθεροςρ
935 1539 1282 1599 Eleutheris
1337 1541 1494 1598 filias
1550 1558 1588 1598 a
1643 1537 1879 1598 Baccho
1933 1542 1999 1600 in

215 1631 486 1692 furorem
557 1647 754 1710 actaS‚
840 1650 1079 1718 patrem
1150 1650 1355 1699 autem
1414 1641 1657 1718 jussum
1714 1658 1847 1699 esse
1900 1642 2000 1703 ἐπὶ

218 1731 440 1796 παύσει
479 1745 587 1816 τῆς
628 1739 858 1818 μανίας
900 1749 1155 1821 τιμῆσαι
1197 1740 1638 1826 Μελαναίγιὸα
1667 1739 1996 1805 Διόνυσον·

217 1831 466 1893 fabulae
537 1839 700 1896 enim
767 1839 1121 1915 hujusmodi
1191 1840 1268 1899 de
1327 1841 1693 1899 solemnium
1755 1842 1995 1901 institu-

216 1933 387 1991 tione
428 1937 627 2014 ipsam
676 1957 888 1996 eorum
931 1939 1195 1997 formam
1241 1952 1303 1997 et
1345 1942 1608 2018 speciem
1656 1942 1998 2019 exprimere

216 2033 433 2092 solent.
483 2035 902 2117 Similiterque
945 2038 1302 2098 Plutarchus
1346 2039 1763 2109 turbulentum
1807 2041 1999 2120 quod-

219 2131 364 2191 dam
429 2145 491 2193 et
543 2137 859 2197 horridum
916 2139 1073 2198 sacri
1117 2158 1305 2216 genus
1351 2141 1687 2217 significare
1731 2140 1996 2216 videtur,

216 2251 404 2312 quum
450 2237 726 2319 μειλιχίῳ
769 2240 875 2303 καὶ
914 2240 1176 2322 ἡμερίὸῃ
1221 2248 1433 2299 contra
1475 2242 1654 2320 ponit
1695 2242 1812 2305 τὸν
1850 2264 1997 2305 νυκ-

214 2336 462 2417 τερινὸν
530 2339 900 2421 (νυκτέλιον)
970 2343 1074 2403 καὶ
1141 2341 1551 2426 μελαναίγιὸα
1622 2342 1837 2421 Symp.
1893 2341 1993 2400 VI.

221 2431 467 2504 Quaest.
522 2437 654 2496 VII.
713 2441 770 2501 2.
828 2442 986 2500 sicut
1027 2442 1196 2501 idem
1238 2441 1309 2499 V.
1354 2441 1579 2500 Anton.
1624 2440 1867 2501 XXIV.
1895 2442 1994 2502 90.

215 2533 331 2597 τὸν
377 2536 723 2618 χαριδότην
777 2541 882 2601 καὶ
934 2542 1233 2622 μειλίχιον
1290 2543 1551 2622 opponit
1606 2550 1696 2623 τῷ
1740 2543 1992 2623 ὠμηστῇ

216 2633 323 2694 καὶ
379 2637 728 2720 ἅγριωνίῳ,
793 2649 854 2697 et
908 2641 1030 2698 alio
1085 2642 1221 2699 loco
1278 2641 1377 2698 De
1431 2641 1626 2698 cohib.
1682 2642 1782 2699 Ira
1825 2639 1991 2699 XIII.

217 2732 362 2793 446.
419 2733 488 2794 T.
544 2735 654 2796 IX.
712 2739 1004 2820 ὥιιιηστὴν
1062 2739 1165 2802 καὶ
1207 2738 1512 2820 μαινόλην
1555 2740 1698 2802 ἀντὶ
1739 2742 1990 2804 Λυοείου

216 2834 322 2897 καὶ
357 2837 624 2919 χορείου.
703 2838 828 2898 Sed
868 2841 931 2897 in
975 2848 1191 2896 neutro
1236 2840 1593 2897 testimonio
1638 2838 1994 2900 adminiculi

216 2938 398 3008 satiS‚
456 2940 744 3016 quoniam
800 2940 931 2997 fieri
986 2947 1192 3018 potest
1244 2949 1314 2998 ut
1369 2949 1431 2998 et
1482 2940 1633 2998 haec
1677 2943 1989 3020 oppositio

216 3035 351 3094 solo
405 3040 673 3096 nominis
727 3040 1068 3118 veriloquio
1123 3041 1354 3098 nitatur
1411 3048 1472 3097 et
1524 3039 1990 3099 Eleutherenses
2050 3110 2053 3113 v

217 3135 395 3193 aliter
451 3135 634 3196 deum
694 3158 1102 3219 eponymum‚
1146 3139 1322 3198 aliter
1365 3139 1844 3217 Melan-aegidem
1893 3159 1989 3199 co-

217 3235 458 3294 luerint.
555 3236 812 3297 Athenis
868 3238 1111 3319 quidem
1168 3259 1342 3312 eum,
1410 3241 1513 3318 qui
1570 3240 1685 3299 hoc
1738 3243 1988 3299 nomine

218 3333 413 3395 dictus
471 3346 594 3410 est,
650 3357 773 3398 non
815 3339 1156 3399 Eleutheris
1215 3339 1540 3400 deductum
1591 3340 1698 3400 sed
1742 3360 1780 3399 a
1821 3339 1988 3400 Mes-
