2158 3848
729 273 1307 318 ELEUSINIA.
1807 264 1928 325 189

142 427 286 486 στης
351 403 447 468 ὢν
498 403 877 491 ἱεροφάντην
930 405 1038 468 καὶ
1091 406 1411 487 δᾳδοῦχον
1466 407 1767 489 τεθέαμαι
1823 410 1930 472 καὶ

139 507 253 584 τὴν
294 505 540 586 τελετὴν
582 504 820 586 ἐκείνην
860 505 1055 580 εἶδον,
1099 503 1294 587 ἐξῄειν
1331 503 1452 568 ἀπὸ
1492 513 1623 570 τῶν
1659 509 1929 573 ἀνακτό-

137 627 270 687 ρων
326 607 425 667 ἐπ’
470 609 722 688 ἐμαυτῷ
764 604 1181 689 ξενιζόμενος,
1236 613 1476 689 μᾶλλον,
1520 604 1591 668 δὲ
1632 607 1928 692 ᾐσθόμην

136 703 204 786 (f.
265 702 595 787 ἡδόμενος)
650 704 758 768 καὶ
810 706 888 770 τὰ
933 708 1419 793 παραγγέλματα
1464 704 1800 790 φυλάττων
1845 710 1930 778 ὥς

138 806 392 884 ἀληθῶς
435 806 905 891 ἀκριβέστερον·
952 815 1102 888 Ζητ.
1149 812 1351 891 Διαιρ.
1397 827 1458 889 p.
1503 802 1744 888 335.[¹]
1800 806 1930 878 Sed

135 895 540 986 quodcunque
593 906 846 968 illorum
901 919 1330 986 argumentum
1375 908 1592 981 fuerit,
1653 925 1779 966 non
1823 907 1931 968 ad·

134 1004 391 1066 modum
437 1008 757 1088 copiosam
800 1008 995 1069 fuisse
1035 1009 1192 1068 hanc
1233 1009 1686 1068 institutionem
1707 1051 1724 1086 ,
1769 1007 1931 1067 indi-

136 1117 233 1166 cat
287 1126 515 1168 nomen
556 1110 765 1190 ipsum
809 1106 1249 1195 παράγγελμα,
1306 1106 1472 1188 quod
1517 1106 1595 1166 de
1637 1107 1933 1169 brevibus

135 1206 565 1289 adstrictisque
621 1210 940 1269 sententiis
997 1208 1252 1282 dicitur,
1314 1217 1384 1268 ut
1441 1215 1585 1267 sunt
1627 1207 1932 1286 Pythago·
2016 1238 2028 1259 ι

134 1326 241 1367 rae
284 1308 583 1386 symbola.
627 1329 687 1370 v.
731 1309 1033 1369 Plutarch.
1070 1308 1142 1368 V.
1186 1295 1368 1370 Num.
1402 1307 1568 1369 XIV.
1608 1308 1747 1368 1-71.
1790 1309 1933 1370 Phi-

134 1408 345 1488 lopon.
387 1412 454 1469 in
497 1410 753 1471 Aristot.
798 1409 876 1471 de
918 1410 1126 1476 Anim.
1172 1411 1252 1470 D.
1293 1411 1401 1471 111.
1448 1429 1503 1469 a.
1572 1408 1787 1490 Neque
1831 1428 1931 1470 so-

134 1509 264 1568 lum
319 1510 539 1574 brevia
597 1522 774 1572 erant
832 1512 983 1572 haec
1026 1521 1357 1593 praecepta
1399 1509 1509 1570 sed
1555 1512 1745 1571 etiam
1789 1529 1931 1591 par-

135 1609 232 1669 vis
290 1608 368 1669 de
422 1610 623 1672 rebuS.
709 1603 1089 1695 Porphyrius
1148 1611 1226 1671 de
1270 1611 1446 1672 Abst.
1490 1610 1592 1681 IV.
1644 1611 1740 1671 16.
1787 1610 1930 1673 353.

136 1714 623 1797 παραγγέλλεται
678 1715 803 1800 γὰρ
850 1716 1148 1778 Ἐλευσῖνι
1193 1714 1530 1793 ἀπέχεσθαι
1571 1711 1677 1775 καὶ
1718 1737 1931 1775 κατοι-

134 1811 355 1877 κιδίων
407 1813 694 1897 ὀρνίθων
747 1815 854 1880 καὶ
908 1813 1157 1895 ἰχθύων
1198 1813 1304 1875 καὶ
1345 1810 1609 1894 κυάμων
1644 1812 1757 1899 ’καὶ
1801 1811 1931 1874 ἐπί-

139 1931 248 1992 σης
297 1913 634 1995 μεμίανται
687 1914 761 1978 τό
815 1939 879 1978 τε
925 1922 1138 1995 λεχοῦς
1179 1914 1477 1997 ἅψασθαι
1521 1913 1606 1983 ὥς
1646 1912 1718 1976 τὸ
1763 1916 1930 1992 θνη-

254 2080 320 2139 [i]
355 2083 494 2137 Olim,
536 2098 666 2142 quum
709 2084 813 2128 libri
842 2085 1009 2143 copiam
1039 2084 1268 2138 haberem,
1300 2085 1410 2127 haec
1439 2085 1661 2142 excerpsi,
1692 2097 1805 2140 quae
1835 2083 1929 2126 vel-

135 2141 218 2184 lem
246 2142 360 2196 apud
390 2140 530 2200 ipsum
559 2149 780 2187 auctorem
808 2144 1003 2201 relegere
1033 2159 1202 2201 possem
1232 2144 1300 2201 (p.
1323 2142 1474 2199 339.):
1494 2139 1577 2187 ”Av
1600 2144 1798 2202 εἲςέλθῃς
1821 2146 1928 2186 εἴσω

138 2202 228 2242 τῶν
267 2199 532 2260 ἀνακτόρων
542 2236 556 2258 ,
597 2202 665 2248 ἐπ’
709 2202 845 2258 αὐτῆς
887 2206 965 2257 τῆς
992 2205 1167 2255 τελετῆς
1195 2215 1269 2247 σοι
1296 2205 1389 2246 τῶν
1418 2203 1646 2246 ἐνυπνίων
1673 2197 1928 2260 γενήσομαι

138 2257 373 2316 (ἐξηγητής
401 2261 642 2304 addendum
662 2261 855 2316 videtur)
898 2257 1069 2311 διδάξω
1109 2258 1232 2319 λόγῳ
1262 2259 1424 2305 λοιπὸν
1454 2259 1538 2304 οὐκ
1568 2261 1634 2304 ἔτι
1655 2256 1845 2317 νεύματι
1872 2258 1928 2304 τὰ

138 2314 363 2377 μυστήρια
376 2332 387 2343 ·
430 2316 488 2363 ἂν
527 2319 782 2377 δᾳδουχίαν
819 2316 1062 2378 θεάσωμαι
1101 2322 1179 2363 καὶ
1223 2317 1377 2391 σχῆμά
1405 2335 1448 2362 τι
1476 2320 1584 2377 περὶ
1612 2321 1693 2363 τοῦ
1722 2318 1929 2376 ἀδελφοῦ

139 2374 419 2435 γιγνόμενον
447 2376 585 2428 εὐθὺς
613 2375 862 2437 ἀνυμνήσω
891 2379 1039 2435 (scrib.
1071 2377 1342 2437 ἀναμνήσω)
1373 2375 1454 2433 τὴν
1483 2376 1560 2421 διὰ
1589 2379 1682 2421 τῶν
1701 2379 1928 2422 ἐνυπνίων

137 2439 255 2478 θέαν
282 2432 573 2495 ὑπάρξασαν·
606 2434 663 2480 ἂν
689 2440 781 2481 τῶν
805 2434 1094 2496 Ἰεροφάντου
1125 2435 1301 2498 ῥήσεων
1330 2441 1588 2493 αἴσθωμαι,
1629 2434 1680 2480 τὸ
1712 2432 1826 2495 ὄναρ
1855 2449 1928 2481 σοι

139 2497 423 2555 σαφέστερον
451 2493 755 2555 ἐξηγήσομαι·
787 2495 925 2546 εὐθὺς
953 2496 1042 2556 ἐρῶ
1070 2495 1186 2557 πρὸς
1215 2500 1292 2552 σέ,
1332 2494 1456 2540 τοῦτ’
1491 2496 1613 2540 ἔστιν
1643 2491 1671 2539 ὃ
1697 2499 1924 2552 τεθέασαι,

137 2551 264 2595 ταῦτ’
296 2546 354 2608 ἦν
370 2554 520 2599 ἐκεῖνα
541 2551 599 2600 τὰ
619 2551 842 2614 σχήματα,
873 2551 1036 2604 ταύτας
1058 2557 1106 2598 αἱ
1129 2558 1241 2599 θεαί
1250 2567 1324 2599 σοι
1342 2553 1422 2604 τὰς
1435 2550 1584 2615 ῥήσεις
1597 2552 1674 2598 διὰ
1699 2552 1791 2599 τὼν
1805 2567 1927 2614 συμ-

138 2608 287 2666 ,Βόλων
324 2612 510 2659 ἐκείνων
537 2612 788 2674 ᾗνίττοντο·
834 2628 918 2671 quo
947 2615 992 2657 in
1021 2613 1117 2657 loco
1147 2610 1358 2673 σχήματα
1387 2618 1433 2657 et
1456 2609 1747 2673 Ἱεροφάντου
1778 2611 1929 2686 ῥήσεις

139 2671 328 2714 notanda
366 2678 478 2716 mit.
515 2672 738 2716 Lucianus
776 2674 823 2717 in
863 2673 1090 2716 Pseudom.
1130 2676 1171 2727 §.
1201 2673 1273 2720 40.
1312 2688 1355 2731 p.
1389 2673 1499 2715 100.·
1529 2673 1587 2716 T.
1619 2673 1673 2715 V.
1705 2673 1926 2729 conjungit

138 2729 376 2774 Alexandri
405 2731 658 2790 δᾳδουχίαν
687 2733 764 2776 καὶ
793 2728 1074 2792 σκιρτήματα
1102 2730 1328 2792 μυστικά,
1357 2746 1468 2789 quae
1498 2732 1687 2790 Sopater
1716 2730 1925 2792 σχήματα

137 2802 295 2832 vocare
326 2790 509 2834 videtur.
567 2791 698 2844 Huic,
727 2791 772 2834 ni
799 2791 945 2845 fallor,
974 2805 1112 2835 sermo
1142 2797 1211 2836 est
1235 2792 1294 2837 de
1323 2791 1491 2834 homine
1521 2806 1605 2834 non
1632 2792 1820 2845 initiato,
1851 2791 1925 2848 qui

80 2856 85 2859 “
139 2861 267 2904 quum
305 2851 462 2894 πᾶσαν
498 2848 680 2909 τελετὴν
716 2864 796 2907 per
838 2851 1043 2895 somnium
1075 2851 1202 2908 quasi
1229 2865 1436 2909 praesens
1466 2850 1669 2903 vidisset,
1700 2851 1924 2908 visumque

96 2915 98 2917 ’
140 2914 406 2963 enarrasset,
446 2909 607 2967 proditi
648 2909 843 2965 mysterii
879 2910 964 2954 sibi
1006 2910 1165 2953 crimen
1212 2911 1319 2954 fecit
1331 2943 1344 2964 ‚
1396 2909 1512 2967 quod
1553 2914 1801 2952 consuetum
1840 2909 1926 2952 fuit

144 2963 492 3011 scholasticannn
531 2967 885 3026 declamationum
925 2975 1235 3026 argumentum.
1275 2969 1435 3013 Curius
1474 2968 1703 3011 Fortunat.
1743 2969 1787 3011 in
1816 2969 1923 3011 Arte

142 3021 268 3066 Rha.
306 3025 360 3069 L.
399 3027 437 3070 Ι.
480 3042 521 3084 p.
565 3025 636 3069 61.
678 3026 746 3070 ed.
787 3027 1003 3086 caperon.
1059 3029 1343 3081 Quaestio
1386 3026 1598 3084 duplex
1637 3027 1760 3070 sive
1791 3041 1921 3070 con—

140 3081 366 3137 juncta,
395 3099 557 3143 quum
588 3085 766 3143 prima
792 3101 925 3144 pars
957 3087 1096 3130 duas
1124 3102 1239 3143 ree,
1273 3101 1411 3143 quas
1440 3085 1673 3139 definit,
1705 3086 1921 3129 easdem

146 3138 520 3187 adversarius
556 3145 871 3202 impugnat,
911 3151 970 3189 ut
1009 3147 1104 3204 qui
1134 3161 1238 3189 non
1268 3145 1546 3189 initiatus
1576 3159 1741 3189 sacra
1760 3160 1920 3188 enun-

147 3197 421 3256 tiaverit,
459 3203 658 3261 capite
696 3203 1006 3261 plectatur3
1048 3220 1151 3248 non
1181 3204 1453 3248 initiatus
1483 3218 1649 3248 sacra
1680 3205 1836 3248 vidit
1864 3205 1920 3247 in

147 3257 383 3311 somnis,
413 3262 615 3305 retulit
644 3263 694 3305 ei
725 3262 819 3319 qui
847 3266 1038 3308 fuerat
1067 3265 1372 3315 initiatus3
1403 3262 1504 3305 ille
1534 3265 1640 3318 ait,
1671 3264 1810 3307 haec
1839 3277 1919 3306 sa—

147 3329 243 3358 cra
273 3322 428 3371 sunt3
455 3321 681 3377 petitur
711 3321 778 3364 ad
807 3335 1036 3380 poenam
1067 3329 1124 3365 et
1153 3326 1350 3366 contra
1380 3321 1602 3366 dicitur.
1641 3323 1746 3365 Hic
1775 3321 1917 3365 enim

147 3375 475 3430 quaeritur,
527 3380 659 3435 quid
709 3380 784 3423 sit
821 3381 1137 3438 'initiatum
1195 3396 1316 3424 esse
1367 3386 1422 3423 et
1461 3382 1597 3437 quid
1642 3382 1719 3425 sit
1758 3395 1917 3425 enun—

86 3457 99 3461 -
147 3434 309 3477 tiare.
