2158 3848
163 198 289 259 612
717 209 951 254 mann
997 208 1424 254 SECUNDUS.

168 358 276 402 nec
329 351 532 401 tamen
589 339 712 399 illis
755 339 1019 411 simileS,
1075 357 1227 420 quas
1271 338 1672 400 Alexandrini
1724 351 1949 422 poetae

169 462 245 502 ex
298 442 552 501 remotis
607 440 1072 518 obliteratisque
1124 439 1397 500 fontibus
1441 440 1791 500 hauserunt.
1877 443 1950 501 In

169 543 263 602 his
307 541 465 601 duae
510 542 597 598 sic
640 541 940 610 eminent,
982 549 1052 597 ut
1096 539 1312 599 ceteris
1355 539 1810 620 propemodum
1857 542 1950 600 of-

170 643 404 713 ficiant,
460 639 675 715 Zagrei
726 639 1039 710 interitus,
1097 637 1175 696 de
1232 657 1350 717 quo
1412 640 1700 721 deinceps
1745 641 1950 701 dicen·

169 740 316 801 dum
361 741 495 812 erit,
540 748 602 797 et
645 738 953 816 cataposis
989 736 1276 797 Phanetis
1320 740 1454 800 sive
1498 742 1776 801 omnium
1805 741 1950 800 deo-

169 860 306 899 rum
371 841 436 899 in
491 857 684 897 unum
738 835 959 899 Jovem
1020 838 1314 897 confusio.
1416 838 1596 898 Hanc
1649 841 1951 901 Platonici

167 942 255 999 sic
308 941 818 1020 interpretantur,
877 947 946 997 ut
1003 935 1284 1018 Orpheus
1336 957 1464 997 non
1505 938 1778 1000 Platonis
1799 955 1802 958 ’
1821 943 1951 1020 qui-

168 1040 310 1100 dem
353 1038 463 1100 sed
503 1041 783 1120 ipsorum
828 1038 1165 1118 discipulus
1210 1038 1403 1099 fuisse
1444 1039 1749 1101 videatur.
1793 1037 1957 1100 Nam

168 1161 354 1222 quum
410 1139 492 1199 ad
548 1159 685 1202 eam
745 1138 986 1218 delapsi
1032 1148 1236 1197 essent
1279 1142 1670 1220 opinionem,
1715 1151 1785 1201 ut
1828 1141 1952 1200 for-

169 1260 303 1300 mas
357 1259 560 1301 rerum
617 1249 926 1311 aeternaS,
983 1238 1319 1298 secundum
1378 1260 1528 1319 quas
1573 1242 1749 1301 Plato
1794 1242 1954 1301 hunc

167 1340 467 1401 mundum
510 1349 780 1399 creatum
826 1358 958 1398 esse
988 1340 1208 1411 voluit,
1252 1339 1629 1401 substantias
1654 1340 1951 1421 quasdam

167 1460 302 1500 esse
345 1448 634 1520 putarent
675 1439 742 1496 in
787 1436 1002 1498 divina
1046 1448 1251 1497 mente
1292 1439 1674 1513 reconditaS,
1719 1440 1953 1500 Phane-

167 1543 246 1600 tis
301 1529 551 1599 nomine
603 1536 904 1601 mundum
963 1538 1410 1617 intelligibilem
1466 1541 1792 1618 significari
1834 1551 1993 1600 star

167 1650 443 1712 tuerunt,
486 1656 750 1716 eumque
794 1638 1130 1698 Phanetem
1174 1640 1309 1700 sive
1354 1639 1710 1701 divinarum
1753 1643 1956 1700 notio-

166 1759 316 1800 num
376 1740 765 1819 complexum
785 1734 855 1818 [ἱ]
917 1758 956 1798 a
1010 1738 1170 1800 Jove
1224 1740 1525 1801 mundum
1571 1741 1956 1822 adspectabi-

165 1842 287 1900 lem
332 1840 675 1912 condituro,
719 1839 946 1898 haustu
992 1840 1261 1919 quodam
1305 1843 1687 1901 insinuatum
1731 1841 1851 1902 sibi
1894 1851 1958 1901 et

166 1942 343 2021 quasi
387 1940 746 2019 absorptum
792 1957 925 1997 esse
968 1941 1058 1998 ita
1102 1950 1171 1999 ut
1202 1943 1409 2000 omnia
1436 1961 1593 2021 quae
1618 1944 1743 2001 sint
1772 1960 1954 2022 quae-

168 2060 287 2120 que
331 2042 586 2117 cogitari
628 2041 886 2119 possint,
931 2040 1062 2118 ejus
1106 2051 1313 2100 mente
1348 2060 1420 2100 ac
1455 2041 1783 2102 divinitate
1815 2060 1956 2101 con-

166 2143 492 2201 tineantur.
578 2139 791 2219 Neque
849 2138 1178 2200 defuerunt
1231 2143 1419 2200 etiam
1463 2142 1578 2201 hac
1619 2144 1959 2202 recentiore

168 2243 503 2314 memoria,
560 2242 670 2320 qui
725 2238 805 2298 de
859 2238 1018 2299 ideis
1078 2260 1235 2320 quae
1293 2239 1451 2301 dixit
1504 2242 1714 2315 Plato,
1758 2244 1955 2302 multo

166 2344 340 2421 prius
386 2341 464 2401 ab
507 2339 758 2421 Orpheo
805 2338 970 2400 dicta
1013 2359 1148 2401 esse
1191 2350 1481 2421 putarent
1498 2340 1593 2423 [k].
1665 2341 1792 2405 Sed
1835 2343 1956 2402 hu-

160 2442 264 2518 jus
333 2440 648 2500 doctrinae
715 2441 990 2500 Platonis
1046 2444 1338 2522 propriae
1393 2443 1632 2503 nullum
1690 2446 1956 2503 cernitur

167 2542 235 2599 in
290 2540 572 2601 versibus
622 2540 915 2619 ‘Orphicis
972 2543 1336 2616 vestigium,
1391 2562 1652 2621 quorum
1708 2562 1954 2603 summa

168 2640 286 2699 huc
327 2639 508 2713 redit,
552 2638 770 2699 mu-ndi
810 2640 993 2716 hujus
1038 2640 1384 2700 effectorem
1408 2640 1631 2702 Jovem
1677 2645 1955 2703 omnium

171 2739 429 2799 deorum
473 2748 724 2799 naturas
767 2757 1091 2818 rerumque
1124 2742 1358 2820 species
1392 2742 1458 2799 in
1492 2760 1559 2800 se
1594 2743 1953 2802 conciliasse

170 2858 501 2921 rursusque
542 2841 610 2899 in
650 2840 847 2899 lucem
890 2838 1157 2898 edidisse
1200 2842 1289 2899 sic
1331 2849 1402 2899 ut
1443 2841 1560 2901 hoc
1594 2844 1954 2904 universum

174 2959 297 3000 uno
355 2949 418 2999 et
473 2940 810 2999 continenti
864 2940 1171 2999 animetur
1213 2943 1438 3021 spiritu
1482 2951 1774 3022 tanquam
1816 2962 1955 3003 sen-

175 3042 335 3101 tiens
374 3039 693 3120 quoddam
737 3048 798 3098 et
839 3039 1182 3117 intelligens
1228 3043 1473 3101 animal.
1543 3042 1644 3102 Ad
1685 3044 1803 3104 hoc
1846 3063 1948 3104 au-

176 3210 243 3285 n1
295 3180 488 3284 [ἱζΙωΞὰς
525 3182 650 3232 ἰδέας
688 3177 878 3231 ἐνούσας
920 3182 969 3226 ἐν
998 3185 1060 3240 τῷ
1090 3186 1306 3228 παντελεῖ
1334 3182 1429 3241 ζῶῳ
1458 3184 1615 3228 Plotin.
1650 3185 1765 3228 Eun.
1793 3186 1869 3229 VI.
1899 3187 1952 3228 L.

225 3273 238 3286 .
269 3255 312 3300 p·
430 3272 442 3282 ·

296 3311 360 3370 [k]
393 3313 611 3356 Patricius
649 3313 842 3357 Discuss.
885 3314 1075 3371 Per-ipat.
1121 3315 1180 3358 T.
1221 3315 1303 3359 ΙΙΙ.
1334 3315 1389 3359 L,
1423 3317 1472 3359 V.
1505 3316 1603 3360 326.
1635 3323 1679 3359 et
1710 3318 1844 3363 ceteri
1876 3331 1952 3359 ae-

177 3370 364 3428 qualium
394 3378 525 3427 atque
556 3374 839 3429 posteriorum
870 3386 1005 3428 usque
1037 3372 1091 3415 ad
1122 3374 1399 3418 Bruckerum.
