2158 3848
781 231 1235 276 ORPHICA.
1775 223 1894 282 241

115 371 550 432 Διονυσιακῶν
589 358 952 446 μυστηρίων
993 356 1431 440 μεταλαβόντα
1473 368 1602 431 τοῖς
1633 368 1697 426 τε
1720 368 1892 430 Καδ-

112 468 307 549 μείοις
336 465 527 548 φίλον
568 466 731 527 ὄντα.
747 461 1117 543 μεταθεῖναι
1157 465 1272 520 τοῦ
1297 462 1457 521 θεοῦ
1478 461 1722 545 γένεσιν
1745 467 1894 528 ἐκεί-

111 590 240 634 νως
273 561 691 647 χαριζόμενον
708 556 805 641 [f],
847 557 1013 617 unde
1037 557 1210 617 ,nihil
1244 558 1417 618 aliud
1447 564 1892 641 consequimur,

108 682 292 744 quam
335 671 407 722 ut
451 662 684 742 Orphei
726 678 901 721 sacra
943 660 1365 740 potissimum*
1397 661 1464 719 in
1510 657 1748 722 Cereris
1791 664 1895 724 Li-

107 763 360 843 berique
394 762 563 822 cultu
594 763 806 842 posita
844 759 1037 819 fuisse
1070 759 1514 837 intelligamus3
1559 781 1711 843 quos
1743 764 1893 825 deos

105 862 321 923 inferis
373 880 663 943 praeesse
719 858 1111 921 crediderunt
1162 877 1290 918 non
1343 860 1572 920 solum.
1600 861 1897 944 Aegyptii

105 961 408 1023 Herodot.
452 964 529 1023 H.
591 962 732 1022 123.
798 978 1017 1022 verum
1073 960 1262 1019 etiam
1319 960 1540 1020 Graeci
1593 962 1895 1025 Artemid.

102 1063 182 1122 H.
228 1060 422 1142 3542]
510 1061 639 1124 Nec
671 1061 996 1120 fortuitum
1022 1056 1293 1131 videtur,
1339 1059 1507 1138 quod
1534 1059 1896 1124 Herodotus

107 1162 327 1223 eodem
389 1163 529 1222 loco
589 1160 931 1238 subjungit,
1003 1156 1349 1238 Aegyptios
1409 1160 1646 1239 primos
1705 1162 1898 1224 fuisse

106 1264 215 1343 qui
270 1263 511 1322 animos
563 1262 849 1320 interitus
905 1267 1188 1338 expertes
1245 1268 1393 1338 post
1451 1271 1722 1321 mortem
1768 1267 1897 1324 ani-

107 1363 364 1422 malium
409 1361 768 1442 corporibus
810 1360 1143 1432 insinuari,
1186 1361 1513 1419 transactis
1550 1371 1759 1423 autem
1804 1374 1899 1425 ter

105 1463 277 1524 mille
320 1464 497 1522 annis
539 1464 608 1522 in
641 1462 976 1522 humanam
1011 1460 1288 1519 vformam
1331 1461 1576 1520 restitui
1606 1461 1897 1536 dicerent,

107 1582 366 1644 eamque
419 1564 788 1623 sententiam
842 1561 1222 1620 Graecorum
1279 1561 1610 1620 nonnullos
1666 1562 1898 1644 ample—

105 1682 219 1722 xos
266 1681 415 1722 esse.
500 1662 666 1722 Hinc
692 1663 858 1722 enirn
885 1661 1268 1738 intelligitur,
1313 1680 1420 1720 cur
1444 1661 1698 1741 Orphici
1738 1665 1898 1742 ejus-

108 1763 251 1824 dem
295 1765 636 1822 sententiae
678 1762 952 1821 fautores
996 1779 1171 1820 sacra
1213 1780 1357 1834 sua,
1380 1766 1382 1769 ’
1403 1761 1624 1840 quibus
1664 1765 1900 1824 scelera

109 1847 369 1943 expiari*
400 1864 721 1941 omnisque
760 1879 1001 1945 poenae
1043 1870 1190 1940 post
1231 1870 1498 1919 mortem
1542 1861 1898 1924 subeundae

103 1972 338 2023 metum
384 1963 668 2024 amoveri
711 1960 1120 2042 sponderent,
1186 1962 1264 2020 iis
1318 1963 1745 2041 inscripserint
1784 1984 1898 2025 nu-

104 2062 427 2136 minibus,
449 2079 712 2142 quorum
756 2063 855 2124 vis
900 2060 982 2123 ad
1023 2060 1256 2120 inferos
1303 2071 1365 2120 et
1400 2060 1483 2120 ad
1518 2063 1769 2123 alterius
1803 2067 1899 2126 vi·
1966 2098 1968 2100 v

104 2173 206 2222 tae
248 2162 670 2230 conditionem
713 2163 1024 2241 pertinere
1068 2160 1433 2242 crederetur.
1518 2161 1750 2223 Verum
1780 2165 1898 2225 hoc

106 2265 175 2321 in
229 2271 644 2335 antecessum3
730 2279 900 2319 nam.
932 2260 1295 2321 tractabitur
1350 2270 1570 2340 postea
1624 2282 1699 2322 ex
1754 2283 1897 2345 pro-

110 2362 292 2421 fesso.

231 2543 292 2602 [f]
324 2546 544 2603 Orpheum
585 2551 690 2589 natu
731 2547 996 2604 Aegyptium
1035 2547 1169 2590 fuisse
1198 2547 1310 2590 serio
1341 2547 1535 2590 defendit
1564 2548 1809 2593 Larcherus
1840 2552 1897 2595 ad

110 2603 168 2648 ad
197 2604 389 2647 Herodo.
420 2605 480 2647 11.
513 2604 582 2648 81.
613 2603 713 2648 343.
743 2612 788 2648 et
818 2605 916 2648 hinc
945 2606 990 2648 in
1020 2606 1281 2664 anaglyphis
1314 2606 1450 2649 Orum
1478 2606 1688 2651 simillime
1719 2609 1896 2668 Orpheo

107 2664 431 2720 repraesentari
467 2664 655 2706 ferarum
695 2669 822 2707 coetu
863 2664 1188 2715 circumdatum.
1258 2665 1503 2708 Pausaniae
1542 2666 1664 2710 locus
1704 2668 1781 2710 VI.
1823 2670 1894 2712 20.

112 2735 194 2778 quo
222 2722 486 2765 Schmidtius
519 2722 681 2779 Opusc.
713 2721 827 2765 Diss.
857 2723 941 2766 III.
972 2739 1013 2780 p.
1049 2723 1117 2766 10.
1151 2724 1248 2766 120.
1278 2724 1504 2766 ridiculam
1535 2727 1776 2782 opinionem
1805 2733 1896 2771 sta-

112 2779 282 2834 bilivit,
318 2782 409 2837 jam
449 2781 604 2824 dudum
646 2781 895 2825 emendatus
937 2787 1018 2825 est.
1089 2783 1258 2840 Orphei
1298 2782 1372 2825 ille
1412 2783 1642 2827 comitatus
1672 2785 1895 2829 'silvestris

115 2839 280 2895 saepius
309 2840 353 2882 in
385 2839 595 2883 artificum
625 2847 817 2883 veterum
846 2841 1114 2890 monimentis
1144 2846 1340 2899 apparet.
1371 2857 1412 2883 v.
1436 2842 1620 2898 Aringhi
1640 2843 1762 2886 Rom.
1793 2845 1896 2888 sub-

117 2902 218 2940 terr.
246 2898 321 2940 VI.
352 2914 387 2941 c.
417 2898 490 2941 21.
524 2898 687 2954 Caylus
716 2899 820 2941 Rec.
851 2900 910 2942 T.
939 2900 1021 2942 III.
1053 2899 1122 2942 51.
1183 2901 1352 2943 Eckhel
1383 2900 1531 2943 Doctr.
1564 2902 1691 2944 Num.
1722 2903 1798 2944 IV.
1823 2902 1893 2946 68.

120 2961 166 2996 et
191 2952 259 2997 74.
287 2957 495 3000 Welcker
524 2958 580 3000 ad
610 2957 814 3000 Philostr.
844 2959 1012 3015 Imagg.
1044 2975 1087 3017 p.
1118 2959 1218 3002 611.

31 3086 35 3094 ,
238 3041 304 3099 [ε]
335 3044 631 3087 Praecidanea
671 3059 804 3102 porca
843 3045 995 3089 Cereri
1025 3048 1298 3090 mactabatur
1329 3048 1384 3089 ab
1415 3061 1492 3099 e0,
1527 3046 1600 3103 qui
1629 3051 1795 3091 mortuo
1820 3050 1894 3104 ju-

32 3107 37 3152 g
120 3106 189 3141 sta
230 3113 311 3142 non
350 3102 534 3146 fecisset.
566 3103 726 3146 Festus
765 3118 796 3146 s,
839 3119 880 3146 v.
910 3105 1077 3148 Heredi
1117 3120 1251 3162 porca
1292 3105 1579 3161 praecidanea
1620 3106 1895 3164 suscipienda

35 3160 37 3165 “
120 3157 291 3200 Telluri
332 3165 376 3202 et
402 3161 553 3205 Cereri
583 3163 722 3205 Varro
753 3162 928 3218 Fragm.
959 3179 1001 3221 p.
1030 3164 1131 3206 247.
1171 3165 1270 3221 Bip.
1312 3166 1365 3219 τῆ
1406 3161 1895 3220 δωδεκάτη-θύσαντας

120 3215 220 3288 ἔδει,
246 3213 447 3278 Δήμητρι
483 3218 607 3264 λύειν
646 3219 696 3264 τὸ
728 3223 899 3271 πένθος
926 3222 1148 3266 Plutarch.
1180 3211 1370 3279 Lycurg'.
1403 3237 1439 3264 c.
1469 3211 1653 3266 XXVI'I.
1684 3222 1787 3274 τοὺς
1815 3239 1893 3267 νε-

120 3290 254 3332 κρους
277 3275 506 3329 Ἀθηναῖοι
533 3283 842 3381 Δηςητρείους
869 3278 1061 3325 ἐκάλουν
1088 3280 1139 3325 τὸ
1171 3280 1368 3352 παλμιόν
1395 3281 1461 3350 Id.
1491 3281 1546 3324 de
1574 3282 1680 3351 Fac.
1711 3283 1755 3325 in
1782 3283 1893 3352 orb:

120 3331 253 3435 hup-v
263 3333 468 3435 {31va
497 3335 566 3437 911.
590 3397 612 3438 Ι
642 3338 808 3447 ‚SXPIL
831 3338 906 3440 ¹1¹3th
931 3340 1102 3439 qculdam
1125 3355 1275 3383 cerri
1291 3346 1381 3383 tus
1406 3341 1503 3383 lunc
1524 3341 1739 3393 derivant,
1770 3356 1893 3399 quasi

1480 3471 1559 3532 16
