2158 3848
284 201 406 262 396
808 215 1045 259 LIBER
1087 215 1515 260 SECUNDUS.

281 346 511 425 recepti
553 363 631 405 an
673 353 891 424 postea
935 344 1011 404 ab
1056 343 1193 405 aliis
1237 343 1316 404 ad
1361 344 1702 423 augendum
1728 363 2049 408 numerum

282 445 478 505 additi
546 445 791 504 fuerint.
890 444 1028 504 Hoc
1093 452 1297 504 autem
1368 445 1676 505 intellecto
1737 446 1895 527 quis¹
1927 465 2052 506 non

281 543 572 605 concedat
637 546 769 602 fieri
835 561 1046 621 posse,
1130 552 1200 601 ut
1260 544 1366 602 ille
1420 545 1589 604 locus
1646 547 1802 605 sicut
1855 546 2052 620 multi,

280 664 432 726 quos
509 642 745 703 codices
800 643 1025 721 partim
1085 640 1319 702 addunt
1373 647 1600 723 partim
1656 645 1953 703 omittunt
2017 661 2054 701 a

280 745 460 803 docto
517 741 989 821 interpolatore,
1057 743 1162 820 qui
1223 744 1563 803 orationem
1620 741 2053 804 Demostheni-

278 861 412 902 cam
455 842 688 919 legerit,
731 841 967 917 hymno
1012 841 1095 899 sit
1135 841 1522 902 insinuatus&
1565 843 1693 903 Nos
1732 860 1904 914 vero,
1948 842 2054 919 qui
2132 872 2134 874 ·

278 951 471 1002 totam
526 941 681 1000 hanc
735 940 1103 1016 farraginem
1162 950 1386 1019 poetae
1442 941 1682 1002 cuidam
1738 943 1894 1002 aevi
1930 940 2053 1016 By-

278 1042 512 1101 zantini
554 1039 901 1113 tribuimuS,
944 1039 1059 1097 hac
1102 1041 1457 1119 exceptione
1500 1059 1626 1100 non
1651 1042 1901 1114 utimur,
1943 1037 2055 1097 sed

275 1151 587 1201 auctorem
647 1141 853 1219 ipsum
901 1138 1324 1198 contendimus
1369 1142 1734 1200 sententiam
1777 1136 2054 1199 indidem

275 1242 608 1322 accepisse,
666 1238 832 1298 unde
884 1238 1092 1298 rhetor
1149 1238 1422 1314 Atticus,
1481 1240 1557 1300 ab
1615 1240 1895 1321 Orpheo,
1949 1238 2054 1317 'qui

275 1340 352 1400 de
398 1339 557 1400 Jove
603 1339 850 1397 cecinit:

450 1441 522 1510 τῷ
561 1436 618 1488 δὲ
652 1436 789 1504 Δίκη
826 1433 1131 1497 πολύποινος
1169 1436 1413 1507 ἐφέσπετο
1450 1443 1608 1491 πᾶσιν
1644 1435 1856 1507 ἀρωγός.

274 1541 451 1618 eique
507 1536 733 1614 Legem
789 1535 1106 1621 πάρεδρον
1161 1536 1443 1615 adjunxit
1487 1558 1557 1600 v.
1602 1538 1666 1598 P.
1710 1540 1786 1598 II.
1832 1536 1899 1600 C.
1942 1538 2050 1600 ΙΙΙ.

273 1638 326 1720 ξ.
367 1639 462 1699 19.
506 1636 729 1697 iisdem
768 1636 1029 1697 fortasse
1063 1637 1290 1711 verbiS‚
1334 1656 1490 1717 quae
1523 1639 1771 1697 nuncin
1795 1635 2050 1714 Hymno

270 1740 580 1817 leguntur,
635 1747 744 1797 aut
796 1755 922 1796 non
978 1738 1240 1797 multum
1287 1737 1704 1797 dissimilibus.
1771 1737 2083 1816 Denique·

270 1841 665 1919 perspicuum
711 1847 821 1911 est,
864 1836 1326 1916 Hymnologum
1370 1848 1677 1911 nostrum,
1723 1857 1909 1917 quum
1944 1835 2052 1896 Ju-

269 1941 475 2000 stitiae
518 1936 731 1996 laudes
775 1956 989 1996 canere
1031 1937 1251 2011 vellet,
1314 1938 1571 1996 fortuito
1615 1939 1681 1996 in
1725 1956 1861 1996 eam
1903 1938 2053 1996 inci-
2156 1929 2158 2014 1

273 2037 419 2097 dere
461 2039 738 2118 potuisse
780 2038 1166 2110 sententiam,
1211 2056 1368 2116 quae
1413 2036 1663 2117 Orpheo
1710 2056 1849 2096 cum
1893 2036 2051 2096 mul-

272 2140 353 2198 tis
399 2138 538 2197 aliis
583 2139 922 2197 communis
968 2147 1075 2196 est.
1145 2135 1457 2196 Hesiodus
1504 2136 1663 2218 opp.
1708 2135 1850 2196 258.
1894 2136 2049 2216 Δίκη
2154 2067 2158 2178 ¹

274 2238 401 2321 πὰρ
459 2238 564 2299 Διὶ
628 2239 818 2320 πατρὶ
873 2236 1256 2318 καθεζομένη
1315 2236 1644 2320 Κρονίωνι.
1754 2236 2050 2297 Aelianus
2153 2228 2158 2317 l

271 2338 517 2416 Fragm.
561 2356 622 2418 p.
667 2334 809 2396 345.
855 2336 924 2396 T.
967 2337 1043 2396 Π.
1090 2334 1297 2400 ἀκούω
1342 2336 1411 2399 δὲ
1451 2336 1648 2416 αὐτὴν
1684 2339 1825 2418 παρ’
1855 2338 2050 2399 αὐτοῦ
2090 2347 2091 2350 ’
2152 2319 2158 2352 ⁸

271 2439 420 2507 Διὸς
474 2441 805 2516 καθῆσθαι
845 2434 1067 2518 θρόνῳ
1109 2438 1216 2499 καὶ
1256 2437 1562 2500 κοινωνὸν
1602 2438 1733 2500 τῶν
1774 2436 2046 2520 ἀρίστων

270 2535 722 2621 βουλευμάτων
765 2537 939 2598 εἶναι.
1019 2535 1319 2595 Arrianus
1361 2535 1538 2595 Alex.
1581 2535 1684 2595 IV.
1729 2536 1788 2596 9.
1832 2540 1891 2599 οἱ
1931 2535 2053 2601 noi-
2099 2593 2102 2596 ,

271 2644 374 2700 λαι
440 2636 626 2718 σοφοὶ
692 2635 916 2716 ἄνδρες
982 2633 1098 2713 τὴν
1165 2635 1363 2713 Δίκην
1432 2623 1747 2716 πάρεδρον
1800 2643 1890 2716 τῷ
1950 2636 2053 2697 Διὶ
2144 2662 2148 2666 ’

273 2735 582 2815 ἐποίησαν·
649 2752 769 2814 quo
839 2735 906 2792 in
957 2752 1211 2792 numero
1272 2733 1609 2814 Sophocles
1666 2753 1906 2814 quoque
1960 2743 2052 2794 est
2140 2789 2144 2793 ,

277 2835 428 2895 oed.
485 2832 614 2895 σοι.
677 2832 856 2892 1381.
911 2833 1211 2912 multique
1263 2835 1666 2893 recentiorum
1686 2877 1704 2907 ,
1748 2834 1924 2893 Phflo
1971 2834 2088 2907 de,
2141 2814 2147 2877 ἓ

272 2935 519 3016 Joseph.
574 2954 635 3014 p.
693 2931 832 2993 534.
887 2930 961 2992 A.
1017 2933 1318 2993 Plutarch.
1377 2933 1448 2992 V.
1492 2932 1667 2994 Alex.
1712 2954 1759 2993 c.
1805 2932 1904 2994 52.
1946 2933 2048 2994 Li·
2140 2929 2144 2947 ¹

269 3115 516 3163 Ἀπόλλωνι
546 3114 703 3161 ἄνακτι
733 3131 759 3159 a
788 3115 927 3159 Musis
958 3115 1012 3158 ad
1043 3117 1254 3160 Nereides
1282 3117 1342 3161 H.
1373 3116 1537 3161 XXIII.
1578 3117 1915 3174 transmigravit.
1975 3117 2044 3160 Ad

274 3175 550 3235 explicandos
580 3176 664 3220 duo
694 3174 995 3219 antecedentes
1022 3190 1183 3229 versus,
1212 3176 1257 3219 in
1287 3176 1440 3233 quibus
1459 3175 1671 3218 Nereides
1693 3177 1849 3220 teletas
1876 3175 2040 3219 Bacchi

274 3241 321 3278 et
359 3235 644 3291 Proserpinae
685 3235 923 3277 instituisse
973 3233 1196 3287 dicuntur,
1254 3236 1379 3278 varia
1418 3235 1606 3277 afferunt
1643 3233 1699 3278 V.
1740 3235 1794 3277 D.
1838 3233 1894 3277 ad
1931 3233 2041 3276 Pict.
2144 3265 2146 3270 .

276 3294 407 3336 Herc.
440 3293 554 3335 Tab.
585 3292 727 3337 XVII.
759 3292 818 3335 T.
849 3292 930 3335 ΙΙΙ.
1006 3324 1016 3334 .
1047 3292 1118 3336 89.
1149 3293 1344 3336 visconti
1371 3293 1672 3336 Pio—clement.
1704 3293 1760 3336 T.
1790 3294 1866 3336 IV.
1894 3305 1937 3347 p.
1968 3288 2038 3333 64.
2150 3288 2158 3348 Ι

278 3348 472 3394 Addend.
505 3349 683 3393 Vossius
714 3350 766 3393 ad
798 3350 855 3393 H.
884 3350 928 3391 in
1000 3363 1059 3393 er.
1090 3367 1130 3393 v.
1162 3348 1261 3396 418.
1293 3346 1370 3395 sed
1399 3350 1641 3408 scrupulum
1672 3364 1755 3396 non
1784 3348 1983 3394 evellunt.
