2158 3848
204 244 330 304 404
739 254 974 297 tumn
1019 254 1447 299 SECUNDUS.

211 413 325 469 μσς
340 434 358 460 ,
416 388 526 466 ὕλη
547 431 567 458 ,
624 384 883 468 πρόνοια
909 385 1023 465 [¹⁸]‚¹
1079 383 1429 470 γυμνάσιον
1474 386 1607 446 sive
1650 381 1894 470 γυμνάς
1912 383 1985 462 [⁰]

211 485 407 546 multo
444 527 449 533 -
475 496 622 565 post
686 503 826 544 eum
881 486 944 542 in
1001 500 1180 543 usum
1237 487 1479 545 venisse
1533 481 1989 554 contenderunt,

209 587 323 646 hos
342 608 348 611 ·
367 587 550 663 igitur
570 631 572 633 ,
595 600 807 642 omnes
850 583 1244 642 manifestum
1290 595 1383 644 est
1416 585 1704 662 Hymnos
1748 579 1990 641 nostros

211 703 334 744 non
390 685 626 760 legisse.
664 680 684 737 J
711 680 924 760 Neque
978 683 1142 741 mihi·
1189 697 1465 763 opponat
1524 686 1842 764 quisquam
1888 701 1990 741 ve·

214 784 443 842 teribus
487 781 656 840 idem
689 780 1006 842 „accidisse
1035 782 1377 857 interdum,
1423 784 1589 863 quod
1633 782 1992 862 saepissime

208 883 419 955 nobiS,
472 890 544 940 ut
598 880 894 939 lectorum
955 890 1061 939 aut
1115 882 1179 940 in
1224 891 1423 941 totum
1471 883 1992 952 obliviscerentur,

210 992 318 1042 aut
374 999 499 1040 non
534 981 633 1054 in·
662 983 1432 1059 tempore-meminissenu
1476 981 1657 1041 haud·²
1683 983 1850 1040 enim
1893 998 1994 1038 us-

209 1102 325 1162 que
385 1101 459 1140 eo
520 1078 811 1140 obliviosi
850 1080 1149 1155 (fuerunt,
1174 1085 1273 1140 ut
1312 1082 1705 1158 taminelyti
1748 1091 1994 1160 tamque

210 1182 443 1260 antiqui
490 1181 755 1239 auctoris
811 1183 1235 1242 memoriane
1262 1201 1401 1241 -uno
1443 1181 1710 1261 quidem
1731 1181 1875 1239 ‘loco
1899 1180 1996 1240 ziis

212 1289 604 1341 succurreret.
705 1277 908 1352 Quid?
978 1281 1146 1359 quod
1201 1284 1336 1362 ipse
1392 1282 1695 1357 Proculus,
1742 1281 1996 1358 ejusque

212 1380 512 1459 gregales,
586 1380 691 1458 qui
759 1378 1167 1458 Orphicorum
1241 1359 1619 1463 Poematumj·
1650 1382 1871 1460 copiis¹
1903 1380 1996 1438 in-

210 1479 601 1540 structissimi
686 1477 1052 1559 assiduaque
1128 1482 1391 1540 lectione
1458 1484 1707 1561 penitus
1773 1479 1996 1538 imbuti

210 1588 417 1650 erant,
476 1579 713 1637 nullum
768 1597 958 1637 unum
1003 1582 1376 1641 versiculum
1421 1602 1496 1640 ex
1539 1581 1812 1658 Hymnis
1855 1598 1996 1659 pro-

210 1680 511 1751 tulerunt,
575 1694 922 1756 quanquam
981 1677 1062 1737 ad
1115 1681 1537 1742 sustinendam
1594 1681 1998 1741 Theocrasiae

212 1798 462 1838 causam
517 1787 578 1836 et
633 1775 712 1836 ad
771 1796 984 1837 omnes
1041 1779 1396 1857 allegoricas
1438 1783 1720 1862 ineptias
1751 1782 1998 1862 ‘apposi-
2040 1792 2059 1826 ⁴

211 1880 483 1938 tissimiS.
1764 1877 1778 1938 J
1985 1916 1991 1918 >

381 1977 554 2037 Solet
611 1977 712 2038 vel
767 1980 1024 2037 summis
1068 1980 1334 2058 ingeniis
1370 2000 1488 2041 usu
1532 1985 1747 2059 venire
1785 1992 1884 2059 ut,
1943 1983 1998 2041 si

215 2077 362 2157 quid
419 2079 486 2136 in
529 2086 880 2137 transcursu
926 2077 1302 2159 adspiciam,
1355 2084 1491 2143 veri
1512 2106 1515 2109 ’
1533 2085 1742 2163 specie
1780 2083 1997 2143 fallan-

214 2185 329 2236 tur.
386 2165 615 2256 sltaque
659 2194 782 2236 non
826 2179 1019 2237 miror
1059 2180 1495 2241 Ruhnkenium
1538 2184 1708 2242 haec'
1730 2184 1996 2243 scriben-

216 2287 342 2336 tem
387 2278 450 2335 in
497 2276 612 2356 Ep.
659 2273 807 2336 crit.
851 2279 927 2337 II.
978 2278 1115 2339 128.
1172 2282 1244 2340 Is
1290 2285 1419 2361 qui
1462 2268 1998 2362 Argonautica

217 2386 290 2435 et
347 2376 697 2452 Hymnos
755 2377 1060 2458 Orpheo
1129 2381 1526 2459 subjecit,
1580 2386 1760 2446 sive
1809 2384 1995 2445 Ono-

214 2477 587 2534 macritus
632 2476 816 2550 fuit,
878 2489 961 2537 ut
1002 2479 1269 2557 plures
1315 2483 1771 2566 tradunt-(at
1809 2503 1995 2545 nemo

214 2573 495 2654 tradidit)
541 2576 708 2635 sive
753 2577 972 2636 ali-us.
1006 2582 1379 2658 scriptor,
1426 2594 1846 2645 certe.2meo
1882 2587 1990 2663 ju-

215 2672 419 2733 dicio
466 2683 587 2733 est
628 2678 1244 2739 vetustissimus.
1331 2681 1458 2740 Nec
1501 2683 1994 2758 Valckenarium,

214 2774 384 2850 cujus
427 2773 578 2832 haec
619 2784 761 2834 sunt
804 2776 993 2837 verba
1034 2780 1099 2837 in
1142 2779 1307 2839 Diss
1354 2780 1432 2840 de
1473 2782 1745 2843 Aristob.
1790 2803 1850 2863 p.
1890 2781 1992 2843 85.

214 2873 373 2932 Hoc
425 2883 677 2933 tamen
722 2894 951 2935 unum
995 2877 1256 2938 dicere
1299 2881 1574 2954 liceat,
1613 2881 1992 2959 Hymnus,

215 2973 343 3051 qui
412 2979 821 3048 vocantur,
882 2986 964 3035 ut
1019 2979 1292 3039 multis
1353 2981 1603 3041 modis
1663 2984 1993 3053 meliora

215 3073 324 3130 sic
393 3082 467 3131 et
516 3074 704 3134 mihi
759 3093 1064 3156 semper
1115 3081 1293 3140 visa
1345 3084 1745 3161 poematia
1799 3092 1992 3143 cete-
2037 3138 2040 3141 ,

335 3210 399 3266 [¹¹]
434 3227 474 3255 v.
506 3214 697 3272 Lennep.
729 3218 786 3260 ad
814 3218 989 3261 Phalar.
1022 3234 1065 3276 p.
1098 3219 1195 3264 167.

331 3269 399 3325 [⁰]
433 3271 577 3316 Schol.
618 3274 727 3318 Ven.
773 3276 828 3319 ad
867 3277 923 3321 Il.
953 3277 1121 3321 XXIII.
1166 3279 1265 3336 6,ssss.
1307 3287 1352 3323 et
1391 3281 1605 3337 Eustath.
1644 3281 1769 3327 1324.
1811 3282 1883 3324 24.
1928 3283 1983 3323 cf.

210 3326 424 3371 Baudelot
462 3329 698 3389 Epoque
738 3334 805 3377 de
844 3335 897 3378 la
925 3337 1124 3380 audite
1153 3339 1250 3381 des
1281 3339 1545 3383 Athletas
1575 3356 1619 3399 p.
1649 3341 1748 3386 191.
1779 3342 1820 3384 in
1853 3340 1982 3383 Mem.

213 3384 345 3428 Acad.
378 3386 516 3432 Paris.
550 3390 608 3433 T.
638 3391 676 3434 I.
708 3397 753 3435 et
782 3393 964 3437 Mueller
993 3394 1150 3439 Dorier
1180 3397 1238 3441 T.
1269 3398 1328 3441 II.
1360 3396 1461 3441 260.
1717 3419 1722 3423 ·
