2158 3848
237 205 363 268 456
753 221 1000 278 *LIBER
1042 223 1473 283 SECUNDUS.

377 351 436 415 ὃς
463 357 704 424 βρονταῖς
736 354 881 415 σειέις
911 351 1128 422 βριαρὸν
1163 348 1324 417 δόμον
1362 349 1673 419 Οὐλύμποιο,
1701 410 1704 414 ,

377 438 614 506 δαίμονες
647 437 705 491 ὃν
740 438 1043 510 φρίσσουσι,
1081 441 1220 488 θεῶν
1253 437 1308 490 δὲ
1342 436 1563 490 δέδοικεν
1588 436 1788 506 ὅμιλος,

377 513 420 595 ᾧ
448 530 626 593 μοῖραι
663 523 958 585 πείθονται,
999 520 1279 588 ἇμείλικτοί
1305 542 1398 592 περ
1433 522 1623 586 ἐοῦσαι,

305 611 338 660 5
375 606 593 678 ἄφθιτε,
630 603 1004 676 μητροπάτωρ,
1045 596 1105 656 οἷ)
1138 609 1296 676 θυμῷ
1330 603 1497 659 πάντα
1531 609 1768 671 δονεῖται,

376 690 435 752 ὃς
469 699 619 751 κινεῖς
654 691 900 756 ἀνέμους,
937 688 1193 759 νεφέλαισι
1229 690 1286 741 δὲ
1319 689 1487 742 πάντα
1520 689 1788 752 καλύπτεις

374 781 690 844 πρηστῆρσιν
724 775 908 841 σχίζων
939 772 1135 825 πλατὺν
1167 773 1371 843 αἰθέρα·
1411 774 1475 842 σὴ
1508 777 1600 842 μὲν
1635 776 1687 827 ἐν
1726 772 2009 846 ἅστροις[“’]

372 857 515 922 τάξις
548 857 938 912 ἀναλλάκτοισιν
972 856 1343 928 ε’φημοσύναὶσι
1376 858 1648 928 τρέχουσα,

376 949 450 1016 σῷ
483 945 538 996 δὲ
571 942 750 1016 θρόνῳ
784 941 1020 1014 πυρόεντι
1052 948 1364 1013 παρεστᾶσιν
1399 939 1723 1010 πολύμοχθοι

271 1031 337 1083 10
371 1026 594 1098 ἄγγελοι,
633 1026 734 1082 οἶσι
766 1029 958 1098 μέμηλε
989 1034 1197 1099 βροτοῖς
1241 1025 1310 1089 ὥς
1343 1024 1512 1079 πάντα
1546 1031 1757 1080 τελεῖται
1772 1030 1833 1093 [⁰]

372 1112 464 1164 σὸν
495 1115 589 1180 μὲν
621 1113 710 1185 ἴαρ
745 1111 929 1181 λάμπει
962 1114 1074 1166 νέον
1107 1112 1289 1165 ἄνθεσι
1323 1111 1674 1184 πορφυρέοισι,
1864 1099 1869 1102 ἱ

371 1197 464 1259 σὸς
487 1199 680 1266 χειμὼν
712 1200 996 1268 ψυχραῖσιν
1030 1195 1360 1268 ἐπερχόμενος
1391 1193 1737 1269 veque'hatmff]

371 1280 463 1344 σός
493 1304 613 1336 ποτε
646 1283 927 1351 βακχευτὴς
962 1280 1189 1351 Βρόμιος
1222 1282 1461 1349 διένειμεν
1496 1280 1719 1354 ὀπώρας.

230 1383 385 1445 Εἶτα
442 1386 708 1466 ἐπιφέρει
764 1390 959 1463 ῥητῶς
1002 1382 1478 1466 παντοκράτορα
1523 1382 1854 1472 ὀνομάζων
1894 1383 2008 1447 τὸν

227 1481 386 1546 θεόν

353 1593 641 1666 Ἄφθιτον,
679 1594 975 1661 ἀθάνατον,
1015 1594 1172 1666 ῥητὸν
1203 1578 1363 1661 μόνον
1395 1591 1753 1660 ἀθανάτοισιν,

266 1687 331 1736 15
370 1681 491 1733 ἐλθὲ
519 1681 720 1750 μέγιστε
751 1685 891 1733 θεῶν
924 1677 1129 1731 πάντων
1162 1683 1380 1750 κρατερῇ
1414 1678 1508 1731 σὺν
1541 1676 1734 1750 ἀνάγκῃ

367 1765 605 1837 φρικτός,
643 1763 920 1834 ἀήττητος,
951 1765 1136 1834 μέγας,
1174 1762 1426 1835 ἄφθιτος,
1463 1763 1522 1820 ὃν
1557 1764 1728 1835 στέφει
1765 1761 1943 1835 αἶθήρ.

227 1867 334 1929 διὰ
377 1867 495 1949 μὲν
535 1876 649 1930 τοῦ
692 1865 1107 1950 μητροπάτωρ
1153 1868 1227 1929 οὗ
1270 1865 1471 1947 μόνον
1513 1866 1629 1945 τὴν
1673 1870 1739 1928 ἐκ
1773 1866 1860 1948 μὴ
1898 1869 2006 1930 ὄν-

226 1991 356 2030 των
396 1968 638 2052 γένεσιν
681 1965 964 2049 ἐμήνυσε,
1010 1966 1237 2028 δέδωκε
1281 1965 1350 2028 δὲ
1394 1964 1685 2048 ἀφορμὰς
1727 1972 1856 2035 τοῖς
1894 1961 2007 2036 τᾶς

226 2067 540 2149 προβολὰς
584 2065 892 2152 εἲςάγουσι
934 2065 1095 2146 τάχα
1150 2067 1255 2128 καὶ
1299 2065 1571 2152 σύζυγον
1629 2072 1848 2144 νοῆσαι
1890 2073 2003 2128 τοῦ

224 2171 381 2230 θεοῦ
399 2167 491 2246 [8].

343 2334 406 2393 [Ἢ
438 2336 536 2380 Hoc
576 2351 703 2380 versu
741 2336 1007 2380 Gaffarellus
1047 2335 1214 2379 Curios.
1258 2337 1446 2381 Inaudit.
1487 2334 1587 2379 XII.
1629 2352 1670 2394 p.
1711 2312 1811 2380 266.
1853 2349 2004 2379 novam

227 2407 345 2437 suam
376 2396 444 2437 de
474 2395 704 2438 lectura
735 2396 1040 2438 stellarum
1071 2395 1308 2438 doctrinam
1338 2396 1567 2452 approbat.

346 2463 409 2519 [0]
442 2463 700 2519 Angelorum
742 2478 891 2506 nomen
931 2464 1190 2506 Christianis
1231 2465 1493 2522 temporibus
1537 2469 1614 2507 aut
1654 2463 1796 2520 paullo
1837 2468 1938 2506 ante
1978 2477 2006 2506 a

228 2520 412 2563 Graecis
443 2528 487 2562 et
515 2522 715 2563 barbaris
745 2535 901 2576 graece
930 2522 1070 2564 doctis
1099 2528 1347 2579 usurpatum
1378 2528 1456 2565 est.
1530 2522 1742 2578 Apollinis
1773 2521 2006 2573 oraculum,

225 2594 311 2635 quo
341 2579 496 2635 Angeli
526 2575 810 2637 (πνεύματα)
852 2586 951 2622 ante
982 2580 1169 2622 homines
1196 2586 1244 2622 et
1273 2580 1483 2622 hominum
1515 2595 1647 2622 causa
1687 2580 1823 2622 creati
1853 2578 2003 2622 dicun-

224 2644 310 2691 tur,
341 2637 533 2680 servavit
562 2638 760 2679 Annaeus
794 2638 903 2679 Gaz.
936 2638 1156 2694 Theophr.
1190 2654 1230 2695 p.
1263 2638 1362 2680 647.
1393 2638 1446 2681 B.
1479 2638 1535 2679 Τ.
1566 2638 1667 2680 XII.
1698 2638 1825 2692 Bign.
1847 2637 2002 2680 Proxi-

224 2711 291 2739 me
321 2697 377 2739 ad
409 2696 574 2752 Orphei
603 2696 856 2738 sententiam
886 2696 1180 2738 Hostanes
1209 2702 1266 2739 et
1295 2699 1522 2739 formam
1552 2696 1644 2738 dei
1673 2695 1799 2738 veri
1829 2700 2003 2751 negat

224 2751 488 2812 conspici
539 2768 707 2810 posse
747 2760 802 2796 et
842 2754 1072 2808 angelos
1114 2769 1283 2796 veros
1335 2754 1458 2796 sedi
1500 2755 1623 2809 ejus
1663 2753 1813 2795 dicit
1853 2753 2003 2796 assi-

224 2818 384 2856 stere
415 2812 622 2869 Cyprian.
652 2813 706 2854 de
735 2812 844 2855 Idol.
873 2812 982 2854 Van.
1013 2827 1054 2868 p.
1085 2811 1183 2854 226.
1215 2813 1282 2855 ed.
1303 2813 1454 2855 Baluz.
1487 2813 1775 2868 Magorum
1806 2816 1861 2854 et
1890 2812 2002 2853 elo-

225 2872 359 2929 quio
390 2877 443 2914 et
472 2871 708 2927 negotio
737 2871 951 2928 primus
980 2871 1272 2913 Hostanes
1302 2881 1360 2913 et
1388 2886 1580 2913 verum
1611 2870 1768 2912 deum
1797 2871 2001 2913 merita

222 2931 530 2986 majestate
568 2929 952 2985 persequitur
988 2934 1044 2970 et
1084 2930 1344 2985 angelos,
1389 2929 1443 2971 id
1491 2935 1580 2971 est
1609 2929 1916 2972 ministros
1946 2934 2003 2971 et

222 2989 466 3031 nuntios
498 2988 608 3041 dei,
641 2989 763 3043 ejus
793 2988 1169 3030 venerationi
1199 2990 1360 3031 novit
1390 2989 1707 3040 assistere,
1736 2994 1797 3029 ut
1826 2994 1883 3030 et
1911 3000 2000 3029 nu-

222 3053 280 3089 tu
310 3047 440 3103 ipso
473 3053 528 3089 et
557 3046 725 3088 vultu
753 3046 953 3088 territi
985 3047 1462 3089 contremiscant.
1496 3047 1658 3089 Minuc.
1690 3046 1844 3088 Octav.
1871 3043 2000 3088 c.26.

338 3111 399 3169 [d]
444 3111 705 3172 Νιφάδεσσι
758 3115 899 3171 aptius
948 3115 1149 3168 videtur3
1191 3122 1434 3172 sequentem
1475 3129 1643 3158 versum
1689 3115 1751 3157 sic
1793 3115 2022 3171 scriptnm'

181 3223 187 3227 .
221 3178 445 3229 praestant
475 3173 612 3215 codd.
643 3180 687 3216 et
716 3173 830 3216 Edd.
862 3172 914 3222 ἅς
943 3188 1052 3217 ποτε
1082 3173 1328 3231 βακχευτάς
1356 3178 1600 3234 Βρομίους,
1632 3173 1744 3215 unde
1778 3174 1998 3215 Gesnerus

221 3228 303 3280 σάς
342 3244 451 3274 ποτε
492 3230 737 3288 βακχευτὴς
776 3228 991 3305 Βρόμιος.
1063 3233 1288 3276 Sententia
1330 3233 1472 3290 poscit
1502 3232 1608 3283 hoc,
1640 3230 1754 3288 quod
1786 3231 1993 3281 dedimus,

222 3285 299 3338 σός
326 3302 461 3345 ποτε,
494 3291 580 3332 fert
607 3294 837 3349 Βρομίους
865 3286 1057 3348 οπώρας.
1995 3291 1998 3294 ’

339 3357 400 3413 [θ]
433 3357 548 3400 Hinc
594 3359 748 3414 CroJus
788 3360 971 3416 Specim.
1015 3359 1209 3413 Conject.
1257 3361 1298 3402 in
1340 3360 1464 3415 Orig.
1497 3374 1537 3415 p.
1573 3358 1641 3401 28.
1672 3361 1712 3402 b.
1745 3364 1789 3401 et
1819 3359 1993 3415 Wessc-
