2158 3848
740 238 1310 287 ELEUSINIA.
1610 272 1612 274 ,
1831 227 1917 289 89

142 395 444 442 merum.
507 374 842 449 Praeclare,
885 375 941 434 si
983 374 1118 453 quis
1160 356 1372 432 noss'et
1411 369 1553 430 illos
1595 370 1918 433 Ante-Ho-

144 497 375 551 meroS,
430 477 771 554 legissetve.
870 472 996 533 Sed
1050 492 1165 553 pro
1220 472 1317 530 his
1360 470 1728 532 Heraclidae
1771 476 1917 535 scri-

141 582 245 640 nia
289 577 625 657 compilant
663 573 1088 652 symbolorum
1129 571 1412 632 Daedali.
1550 636 1552 638 .
1902 592 1906 596 ·

307 677 518 757 Neque
585 676 978 754 angustiores.
1020 675 1315 734 terminos
1368 670 1555 732 habet
1609 690 1756 732 usus
1809 689 1918 731 no-

142 779 380 838 minum
423 779 624 862 ὄργια,
667 775 921 849 τελεταί,
963 772 1293 858 μυστήρια,
1340 773 1560 854 quibus
1605 792 1778 832 sacra
1819 774 1921 833 lu-

144 878 386 952 stralia,
430 875 818 958 depulsoria,
861 875 1208 956 parentalia
1251 883 1435 953 atque
1476 875 1712 952 magica
1755 892 1921 934 com-

140 976 616 1058 prehenduntur.
680 977 780 1036 De
821 977 1150 1053 Plynteriis
1170 974 1552 1037 Plutarchus
1596 974 1668 1032 V.
1724 975 1931 1034 Alcib.

140 1076 427 1138 XXXIV.
472 1079 670 1160 δρῶσι
711 1078 789 1140 τὰ
825 1080 1000 1162 ὄργια
1034 1074 1501 1159 Πραξιεργίδαι.
1546 1073 1922 1151 Hesychius:

143 1177 515 1263 Κεντριοίὸαι
559 1181 618 1240 οἱ
659 1177 798 1260 περὶ
839 1178 918 1240 τὰ
948 1174 1278 1259 μυστήρια.
1322 1173 1749 1252 Athenagoras
1780 1175 1922 1253 Leg.

145 1298 192 1337 c.
241 1277 295 1337 l.
331 1275 644 1365 Ἄγραύλῳ
680 1280 1002 1357 Ἀθηναῖοι
1043 1278 1149 1340 καὶ
1190 1275 1432 1344 τελετὰς
1468 1275 1576 1345 καὶ
1614 1274 1924 1359 μυστήρια

144 1379 367 1464 ἄγουσι
407 1380 512 1442 καὶ
555 1376 936 1462 Πανδρόσῳ.
980 1376 1229 1439 Anecd.v
1254 1376 1447 1435 Bekk.
1491 1395 1553 1456 p.
1594 1375 1739 1438 239.
1785 1379 1926 1438 Δει-

143 1479 455 1562 πνοφορία
498 1480 626 1542 ἐστὶ
665 1480 737 1542 τὸ
784 1480 994 1562 φέρειν
1037 1480 1261 1542 δεῖπνα
1301 1482 1430 1546 τοῖς
1459 1478 1772 1560 Κέκροπος
1795 1482 1923 1541 θυ-

142 1576 425 1663 γατράσι·
472 1582 716 1662 ἐφέρετο
761 1577 830 1640 δὲ
866 1586 1212 1648 πολυτελῶς
1250 1575 1408 1640 κατά
1441 1602 1584 1641 τινα
1619 1579 1924 1658 μυστικὸν

146 1675 349 1762 λόγον.
391 1678 784 1759 Lupercalia,
828 1696 987 1758 quae
1028 1682 1346 1761 καθαρμῷ
1386 1678 1614 1738 similia
1657 1679 1814 1739 Plut.
1849 1679 1923 1739 V.

146 1775 327 1836 Num.
373 1798 420 1837 c.
462 1778 633 1839 XIX.
686 1778 886 1838 Varro
931 1798 1030 1860 ap.
1073 1778 1329 1856 August.
1376 1775 1509 1839 Civ.
1552 1777 1778 1839 XVIII.
1828 1781 1923 1840 17.

148 1877 412 1955 (Fragm.
469 1898 529 1959 p.
587 1878 754 1956 362.)
811 1880 1111 1955 mysteria
1153 1878 1445 1958 appellat,
1485 1876 1774 1958 idemque
1815 1898 1926 1939 no-

145 1995 287 2037 men
333 1977 720 2038 Secularibus
773 1979 988 2039 tribuit
1028 1978 1365 2039 Herodian.
1407 1978 1513 2037 ΙΠ.
1559 1979 1618 2038 8.
1682 1998 1794 2038 nec
1835 1980 1926 2039 la-

148 2085 238 2137 tet
286 2097 486 2138 causa.
545 2076 893 2156 Cybelae
950 2088 1023 2138 et
1077 2079 1486 2139 Gallorum
1548 2083 1927 2157 mysteria

149 2177 313 2238 Zeno
356 2179 690 2240 Veronens.
735 2179 934 2239 Tract.
978 2179 1048 2238 L.
1090 2180 1137 2238 I.
1188 2178 1284 2238 13.
1332 2179 1470 2238 126.
1533 2179 1602 2238 Τ.
1646 2180 1719 2239 V.
1767 2181 1926 2254 Gall.

151 2287 214 2338 et
262 2278 476 2357 Lydus
530 2279 607 2339 de
660 2280 855 2340 MenS.
909 2299 969 2360 p.
1025 2279 1127 2339 43.
1193 2278 1463 2340 Galenus
1522 2278 1599 2339 de
1652 2280 1926 2342 Theriac.

150 2377 220 2438 L.
262 2379 310 2437 I.
359 2378 413 2438 l.
453 2397 516 2459 p.
561 2379 704 2440 931.
760 2378 836 2439 A.
894 2380 1216 2451 Πείσωνος
1268 2381 1403 2452 υἱὸς
1458 2381 1692 2455 ἁπαλὸς
1734 2380 1926 2457 πάνυ,

152 2476 356 2558 ἐπειδή
408 2503 501 2548 τις
536 2480 875 2562 δημοτελὴς
915 2477 995 2559 ἦν
1034 2481 1398 2564 μυστηρίων
1440 2482 1776 2568 ἱερουργία,
1821 2484 1930 2548 διὰ

151 2577 492 2661 θρησκείαν
521 2580 638 2659 τὴν
669 2579 823 2663 ὑπὲρ
847 2587 987 2643 ,τῶν
1013 2581 1336 2664 Ῥωμαίων
1368 2585 1545 2653 θεῶν
1577 2583 1928 2670 ἀναγκαίως

153 2680 422 2765 ἀγομένη
489 2681 666 2754 ποτέ,
735 2682 826 2765 ἐφ’
896 2682 1020 2765 ὅτῳ
1088 2682 1194 2745 καὶ
1258 2683 1403 2753 τοὺς
1457 2683 1930 2769 εὐγενεστάτους

152 2781 381 2851 παῖδας
434 2779 801 2852 ἱππεύοντας
854 2783 960 2844 καὶ
1005 2781 1382 2866 χορεύοντας
1439 2785 1561 2848 ἔδει
1617 2786 1759 2850 τινὰ
1801 2795 1930 2852 τῶν

153 2880 512 2965 μυστηρίων
566 2881 672 2944 καὶ
713 2883 941 2953 αὐτοὺς
983 2885 1303 2958 ἐπιτελεῖν,
1358 2883 1663 2945 ludicrum
1707 2886 1932 2966 Troiae

158 2983 480 3060 significat,
544 2991 788 3062 tempus
840 2985 1142 3044 incertum
1185 2986 1475 3065 relinquit
1489 2983 1581 3065 [d].
1667 2986 1794 3047 Nec
1835 3007 1931 3049 sa-

160 3081 240 3140 tis
300 3081 523 3164 liquet,
587 3101 886 3163 quaenam
948 3078 1060 3145 illa
1115 3086 1239 3145 sint
1291 3087 1614 3161 mysteria,
1672 3107 1932 3169 quorum

281 3217 345 3278 [ἆ]
377 3223 511 3281 Cajtn
542 3224 706 3268 Caesar
744 3224 796 3270 ἐν
829 3229 964 3272 τινῶν
1002 3229 1197 3277 τελεταῖς
1223 3231 1508 3287 μυστηρίων,
1552 3225 1606 3282 ἃς
1636 3229 1769 3281 αὐτὸς
1799 3238 1928 3278 συνί-

164 3293 297 3324 στατο
315 3307 327 3330 ,
370 3281 527 3333 στολὰς
567 3279 841 3343 ἐνδυόμενος
877 3290 1136 3343 γυναικείας
1171 3287 1345 3343 Joseph.
1375 3288 1495 3331 XIX.
1529 3289 1566 3333 1.
1596 3291 1831 3334 Praetereo
1861 3307 1930 3336 re-

166 3339 390 3392 centiores,
420 3341 493 3396 qui
520 3341 602 3385 hoc
629 3343 796 3386 nomine
824 3343 998 3388 liberius
1026 3351 1220 3398 utuntur,
1252 3347 1395 3389 Schol.
1419 3347 1635 3406 Aristoph.
1660 3351 1806 3395 Nubb.
1829 3349 1928 3402 508.

168 3402 212 3441 et
239 3397 344 3454 Lys.
374 3395 473 3442 646.
512 3413 689 3455 quorum
731 3401 801 3445 hic
841 3403 1075 3459 puellarum
1115 3404 1352 3449 Atticarum
1383 3400 1618 3465 ἅρκτευσιν
1646 3423 1850 3453 enarrans
1879 3409 1928 3454 τὸ
