2158 3848
826 190 1281 256 ournrcal.
1815 182 1941 245 655

166 327 376 408 ᾄδειν,
421 322 614 388 ἐνιότε
657 322 730 387 δὲ
769 319 877 384 καὶ
918 323 978 390 ἐς
1019 319 1195 402 ὕδωρ
1239 323 1489 405 ψυχρὸν
1533 325 1632 386 ἐπὶ
1672 329 1944 410 κεφαλὴν

165 427 514 496 ὠθεῖσθαι,
560 420 819 504 ἀσβόλῳ
857 420 1256 503 κεχρισμένον
1298 420 1371 483 τὸ
1416 420 1774 505 πρόςωπον·
1810 427 1957 488 Lu-v

164 526 315 583 cian.
361 523 489 583 Sat.
535 521 589 603 §.
633 522 692 582 2.
736 520 1187 601 Phallophoros
1225 537 1342 600 pro
1386 539 1655 603 persona
1694 525 1948 604 fuligine

159 624 381 682 faciem
449 622 706 683 tinxisse
774 620 944 702 apud
1009 618 1398 682 Athenaeum
1466 622 1728 702 legimus
1780 624 1945 686 XIV.

160 724 305 782 622.
348 711 431 782 Ε.
464 722 650 783 Hunc
690 724 879 801 igitur
919 740 1158 782 morem
1192 739 1303 781 ora
1337 740 1582 804 quoquo
1620 724 1810 785 modo
1843 726 1947 786 de-

158 822 472 883 formandi
524 822 931 884 Bacchanalia
982 814 1256 902 Orphica
1309 841 1449 883 cum
1505 826 1722 886 ceteris
1782 844 1947 887 com-

157 942 408 985 munem
460 924 752 985 habuisse
806 920 1114 986 videntur.
1213 919 1403 1001 Cujus
1446 924 1712 986 instituti
1757 945 1948 1007 quum

158 1034 374 1085 auctor
427 1033 822 1106 quaereretur
862 1021 1202 1105 probabilis
1218 1066 1237 1095 ‚
1299 1032 1447 1083 nata
1489 1034 1583 1084 est
1623 1026 1733 1086 illa
1773 1027 1949 1088 fabu—

159 1125 252 1198 la,
298 1143 483 1206 quam
526 1124 944 1206 Harpocratio
967 1116 1052 1181 ¹et
1093 1121 1152 1182 N
1154 1140 1356 1182 onnus>
1395 1122 1687 1199 referunt,
1733 1128 1948 1205 Zagrei

158 1227 460 1285 occisores
519 1241 742 1304 corpus
798 1239 995 1302 gypso
1053 1221 1298 1282 fucasse
1349 1223 1451 1284 vel
1508 1242 1589 1283 ne
1630 1228 1947 1288 manifesti

155 1326 372 1383 fierent
412 1324 518 1385 vel
559 1322 643 1383 ad
675 1312 974 1383 terrorem
993 1322 1087 1404 [Ἴ.
1133 1322 1468 1384 Aeschines
1503 1343 1675 1400 vero,
1719 1336 1789 1387 ut
1820 1327 1947 1387 De-

154 1425 507 1486 mosthenes
573 1432 865 1498 testatur,
934 1424 1067 1484 luto
1134 1422 1422 1484 illinebat
1471 1427 1946 1488 sacrificantium

154 1526 399 1600 faciem,
442 1543 616 1586 more
659 1524 926 1586 fortasse
966 1523 1371 1606 Aegyptiaco,
1415 1528 1482 1586 in
1524 1527 1789 1588 luctibus
1833 1547 1948 1608 pu-

153 1626 333 1689 blicis
365 1627 753 1708 privatisque
782 1635 1051 1707 recepto.
1079 1645 1140 1688 v.
1170 1625 1531 1701 Valckenar.
1559 1627 1642 1688 ad
1670 1628 1946 1689 Herodo.
2016 1692 2018 1694 ,

152 1727 230 1787 II.
274 1725 377 1788 85.
432 1745 546 1788 nec
602 1728 805 1788 alieno
850 1747 890 1787 a
932 1727 1405 1788 cerimoniarum
1446 1729 1794 1788 lustralium
1840 1732 1950 1789 tri-

155 1829 327 1888 stitia
394 1835 457 1886 et
518 1828 791 1888 horrore.
878 1827 1057 1888 Alios
1123 1837 1290 1887 creta
1359 1838 1467 1887 aut
1534 1846 1731 1909 gypso
1799 1848 1946 1891 usos

153 1945 318 2001 esse,
379 1945 467 1987 ex
520 1927 1036 2008 Harpocrationis
1078 1927 1521 1988 adnotamento
1564 1931 1946 2009 intelligitur,

151 2030 371 2109 hisque
434 2029 767 2110 pigmentis
837 2028 1004 2106 Galli
1070 2047 1345 2110 quoque,
1409 2029 1676 2109 Magnae
1729 2034 1946 2092 matris

152 2129 538 2203 sacerdotes,
583 2147 706 2209 quo
751 2131 1080 2190 similiores
1124 2129 1484 2192 viderentur
1526 2131 1808 2205 feminiS‚
1853 2134 1946 2192 uti

153 2229 436 2291 solebant
461 2228 556 2311 [†].
640 2230 855 2309 Itaque
922 2230 1131 2290 omnia
1188 2229 1408 2289 eodem
1463 2249 1580 2290 nos
1637 2230 1948 2292 deducunt

153 2333 448 2410 vestigia,
505 2347 680 2390 sacra
738 2330 1020 2412 Orphica·
1063 2348 1103 2390 a
1155 2329 1443 2408 Phrygiis
1497 2330 1652 2390 nihil
1698 2330 1946 2394 diversa

151 2433 363 2493 fuisse.
447 2429 664 2511 Neque
718 2432 816 2492 his
871 2441 966 2491 tot
1021 2441 1083 2491 et
1137 2432 1326 2491 tantis
1380 2429 1723 2492 rationibus
1767 2451 1968 2513 praes

153 2534 316 2595 verti
359 2531 574 2606 debet,
637 2531 804 2613 quod
848 2531 1148 2611 Theologi
1189 2534 1471 2592 nonnulli
1514 2533 1678 2592 hunc
1720 2532 1978 2613 Orphi-.

154 2652 326 2709 cum,
394 2642 464 2694 ut
530 2635 621 2693 ita
678 2631 908 2707 dicam,
975 2632 1331 2710 Dionysum
1386 2643 1519 2694 tum
1576 2652 1615 2692 a
1673 2632 1940 2694 Sabazio

152 2743 290 2795 tum
340 2753 379 2795 a
420 2731 599 2796 Jovis
654 2743 718 2794 et
759 2733 1167 2816 Proserpinae
1218 2735 1345 2794 filio
1402 2733 1786 2807 discernunt,
1872 2743 1943 2794 ut

159 2916 366 3020 ῪῘΠΒΞΊῚ
375 2918 453 2962 Sic
481 2918 636 2963 Phocii
676 2918 907 2978 aliquando
948 2921 1091 2964 fecere
1121 2920 1176 2963 ad
1208 2918 1542 2964 consternandos
1572 2919 1721 2962 hostes
1750 2919 1939 2964 Herode.
1973 2926 1985 2975 ξ

279 3061 344 3120 [†]
375 3063 551 3109 Faciem
579 3064 827 3108 dealbatam
855 3066 1093 3110 sacerdotis
1124 3065 1318 3123 Cybelae
1347 3065 1611 3121 Augustinus
1641 3063 1809 3109 deridet
1839 3064 1938 3109 niv.

158 3120 219 3164 II·
248 3119 319 3163 26·
349 3129 577 3181 gypsatam
602 3124 861 3178 Petronius,
891 3138 1073 3169 coenoso
1103 3125 1321 3184 pigmento
1353 3124 1531 3167 oblitam
1558 3123 1792 3181 Apulejus;
1823 3125 1937 3167 Pan-

157 3179 372 3225 tomimum
423 3180 501 3225 διὰ
550 3184 737 3238 πηλίνης
776 3177 925 3239 ὅψεως
963 3183 1252 3244 δαιμονῶντα
1293 3182 1471 3226 Tatian.
1514 3198 1550 3226 c.
1595 3183 1753 3226 Graec.
1795 3182 1938 3226 XXII.

157 3237 258 3281 263.
299 3239 519 3285 mulierum
603 3239 614 3254 '
658 3258 712 3286 ου
745 3245 858 3303 χρία
893 3258 977 3287 uta
1016 3242 1159 3287 Rufin.
1199 3242 1354 3300 Epigr.
1385 3241 1506 3299 XIV,
1547 3246 1755 3286 cretatam
1785 3241 1937 3285 faciem

160 3298 335 3342 Anthol.
376 3297 478 3343 Lat.
588 3332 601 3344 .
688 3316 731 3360 p.
774 3258 891 3345 22³5?
919 3301 1169 3359 Utriusque
1188 3301 1268 3346 loci
1300 3301 1557 3359 interpretes
1587 3301 1714 3359 plura
1744 3301 1937 3345 contule-

160 3362 273 3401 mut.
