2176 3886
773 224 1348 270 nnnuslNlA.
1870 213 1951 275 31

172 365 432 424 facere
472 373 784 436 magnas
827 356 1054 418 urbes
1096 356 1437 434 ingressi
1470 357 1831 432 solemus,
1871 367 1956 418 ut

172 463 501 544 primum
566 475 829 518 sacras
900 457 1131 518 aedes
1202 464 1276 517 et
1333 454 1598 515 dicata
1648 459 1956 519 numini

172 578 462 620 summo
509 557 840 619 delubra
887 559 1261 630 visamus,
1306 565 1467 616 tum
1509 555 1683 616 fora
1724 565 1956 636 atque

170 661 571 738 gymnasia
624 668 700 719 et
753 658 1210 719 ambulacra
1263 658 1643 717 miremur.
1742 656 1956 736 anue

168 763 328 821 ratio
385 760 576 820 fuisse
632 758 911 834 videtur,
957 780 1063 820 cur
1105 766 1606 836 mystagogorum
1647 774 1877 819 nomen
1919 774 1959 815 a

167 879 484 921 sacrorum
526 860 1041 920 monstratoribus
1084 859 1518 920 transferretur
1561 855 1645 919 ad·
1683 857 1955 936 periege-

167 970 264 1022 tas
306 962 612 1040 vulgareS,
655 961 1035 1040 verbumque
1077 963 1514 1044 μυσταγωγεῖν
1557 955 1781 1015 eodem
1823 975 1958 1017 mo-

167 1062 250 1122 do
293 1071 366 1121 ut
408 1067 684 1147 ξεναγεῖν
726 1081 826 1142 ap.
866 1061 1118 1121 Lucian.
1164 1056 1513 1140 Contempl.
1557 1055 1609 1137 ξ.
1658 1054 1713 1115 l.
1756 1075 1819 1135 p.
1854 1055 1957 1118 30.

169 1162 237 1221 Τ.
307 1162 365 1223 3.
434 1161 512 1220 de
579 1163 659 1221 iis
725 1160 1057 1235 diceretur,
1114 1178 1378 1240 quorum
1433 1157 1621 1218 ductu
1677 1155 1958 1220 advenae

166 1260 466 1342 quidquid
507 1263 575 1320 in
616 1260 768 1320 urbe
797 1270 905 1321 aut
935 1269 1247 1323 vetustate
1275 1260 1558 1319 inclitum
1588 1266 1696 1319 aut
1722 1258 1958 1334 magni·-

163 1364 406 1423 ficentia
462 1360 880 1443 adspectabile
935 1372 1128 1436 esset,
1182 1359 1529 1421 lustrabant
1583 1366 1651 1418 et'
1701 1359 1958 1422 circum-

164 1462 507 1544 spiciebant
523 1464 614 1544 [¹].
1639 1518 1642 1523 .

335 1562 501 1638 Quid
555 1581 639 1622 ex
694 1563 792 1623 his
850 1562 1164 1643 sequitur&
1208 1561 1377 1635 Hoc,
1425 1561 1676 1642 opinor3
1720 1558 1957 1619 unicui-

163 1682 281 1743 que
322 1663 796 1723 Atheniensium
838 1663 1104 1736 licuisse,
1149 1682 1337 1743 quum
1385 1658 1625 1744 Cereris
1667 1657 1951 1719 Liberae?

166 1783 284 1844 que
328 1763 460 1823 dies
503 1763 701 1823 festus
745 1771 1055 1841 ageretur,
1111 1782 1239 1822 non
1283 1762 1489 1821 solum
1513 1762 1740 1838 ipsum
1783 1757 1957 1835 adire

162 1863 461 1943 templum
518 1862 630 1923 sed
674 1864 861 1923 etiam
906 1864 1185 1942 hospites
1228 1880 1374 1921 suos
1417 1857 1809 1919 introducere
1850 1859 1956 1918 iis-

161 1982 277 2044 que
319 1965 654 2043 spectaculi
697 1962 921 2044 cupide
951 1963 1223 2048 'expetiti
1268 1962 1512 2041 copiam
1555 1959 1771 2020 facere.

953 2175 1008 2255 ξ.
1095 2174 1152 2234 5.

329 2345 501 2407 Haec
568 2347 946 2425 supergressi
1013 2344 1091 2405 de
1154 2345 1598 2421 mysteriorum
1664 2340 1953 2420 gradibus

162 2465 316 2528 quae
372 2447 707 2506 afferuntur
751 2443 1109 2504 testimonia
1164 2446 1563 2504 excutiamus.
1625 2442 1952 2502 Tertullia-

160 2566 275 2606 nus
340 2548 408 2606 in
478 2542 733 2605 exordio
792 2543 1162 2616 dicacissimi
1218 2544 1517 2606 adversus
1573 2543 1952 2604 Valentinia-

158 2665 271 2706 nos
327 2644 523 2706 libelli
576 2646 691 2705 hos
750 2653 813 2704 et
868 2654 1103 2706 ceteros
1147 2664 1513 2706 arcanorum
1558 2645 1950 2705 simulatores

157 2748 311 2807 nihil
369 2746 538 2807 aliud
581 2745 748 2828 quod
793 2747 991 2807 celent
1033 2746 1262 2807 habere
1305 2746 1457 2806 dicit
1469 2790 1486 2821 ,
1531 2747 1653 2806 nisi
1695 2745 1813 2805 hoc
1854 2747 1950 2824 ip-

158 2866 294 2909 sum
338 2848 538 2908 nihil
553 2868 568 2922 ;
612 2848 691 2924 in
746 2866 868 2928 quo
914 2856 1112 2908 totam
1158 2855 1439 2908 constare
1482 2848 1783 2924 mysticae
1826 2844 1950 2904 dis-

159 2949 420 3029 ciplinae
464 2949 850 3028 sapientiam.
939 2948 995 3007 V
1010 2949 1083 3008 al
1099 2969 1133 3008 e
1145 2968 1184 3007 n
1199 2950 1350 3008 tini
1365 2967 1401 3008 a
1412 2950 1489 3007 ni
1504 2991 1521 3021 ,
1565 2948 1768 3026 inquit
1781 2989 1799 3020 ,
1842 2963 1886 3004 n
1897 2946 1948 3005 i-

160 3048 270 3108 hil
321 3050 566 3128 magis
624 3058 930 3122 curant,
1001 3068 1221 3130 quam
1292 3067 1328 3107 o
1347 3048 1691 3125 ccultare
1747 3044 1947 3127 quod

160 3149 655 3227 praedicant3
712 3150 766 3208 si
820 3159 1072 3210 tamen
1129 3147 1621 3231 praedicant,
1664 3148 1791 3227 qui
1836 3165 1872 3204 o
1889 3165 1947 3204 c-

161 3249 474 3309 cultant.
522 3247 954 3310 Custodiae
999 3268 1035 3308 o
1053 3249 1360 3309 fficium
1406 3248 1944 3308 conscientiae

279 3373 339 3431 [ἲ]
374 3375 449 3418 Sic
480 3375 668 3433 Alciphr.
699 3376 782 3419 111.
813 3376 897 3433 Ep.
929 3376 998 3420 31.
1030 3376 1102 3419 ubi
1135 3374 1243 3418 male
1274 3373 1516 3419 initiare
1546 3373 1757 3418 redditur.
