2158 3848
831 204 1284 259 onrtucn.
1818 196 1942 256 625

172 348 302 397 tum
360 336 660 398 voeabula
714 335 838 396 alia
894 332 1034 392 aliis
1089 331 1240 392 locis
1299 332 1685 413 ‘frequentata
1737 339 1940 399 insue-

170 447 352 516 taque
370 431 466 514 [¹¹].

924 563 1012 705 ς.
1100 625 1213 684 3.,

331 809 675 888 Mythologi
732 811 954 883 nostri,
1008 829 1197 889 quum
1255 827 1369 888 pro
1426 809 1653 869 fabulis
1709 819 1772 869 et
1811 811 1942 870 riti-

162 908 274 968 bus
318 910 526 982 sacris»,
572 928 724 989 quos
769 910 847 970 ab
889 911 1110 970 ultima
1138 909 1503 987 antiquitate
1530 918 1809 990 repetere
1841 929 1945 970 cu·

156 1010 368 1088 piunt,
427 1010 632 1068 nullos
686 1011 807 1069 nisi
849 1010 1124 1071 novitios
1169 1011 1356 1067 testes
1401 1007 1617 1067 afferre
1661 1019 1943 1088 possunt,

158 1110 522 1189 plerumque
578 1127 653 1167 eo
710 1109 1036 1186 confugere
1096 1109 1327 1179 solent,
1386 1116 1456 1165 ut
1495 1117 1750 1167 *veteres
1807 1092 1956 1167 toto

159 1211 365 1269 animo
410 1229 449 1268 a
491 1207 805 1281 mutandis
848 1207 1250 1284 religionibus
1296 1205 1689 1265 abhorruisse
1719 1205 1941 1269 dicant.

156 1308 239 1367 Et
283 1316 378 1366 est
420 1326 570 1367 sane
613 1310 703 1367 ita
736 1308 1073 1366 memoriae
1100 1305 1439 1386 proditum,
1487 1306 1791 1379 omnibuS,
1836 1307 1944 1385 qui

154 1407 232 1466 de
286 1406 670 1469 moderando
726 1406 983 1466 deorum
1045 1407 1212 1466 cultu
1272 1417 1382 1466 aut
1435 1406 1697 1486 Delphis
1753 1417 1862 1466 aut
1905 1424 1944 1464 a

153 1508 424 1568 Dodona
470 1508 782 1567 oraculum
817 1509 1204 1587 petivissent,
1249 1505 1548 1575 divinitus
1577 1505 1942 1566 mandatum

155 1626 319 1681 esse,
374 1616 446 1667 ut
498 1627 738 1668 morem
780 1607 1051 1687 patrium
1097 1616 1448 1679 servarent,
1492 1608 1650 1669 κατὰ
1693 1589 1776 1668 ’ἰὰ
1818 1603 1942 1667 710}-

154 1734 297 1790 τρια
340 1713 656 1771 ποιεῖσθαι
699 1708 812 1778 τὰς
855 1707 1087 1778 θυσίας
1130 1707 1384 1767 Aristot.
1427 1694 1603 1766 Rhet.
1649 1705 1729 1765 ad
1762 1704 1938 1764 Alex.

151 1809 228 1867 ΙΙ.
284 1827 344 1888 p.
399 1808 504 1878 30.
560 1808 629 1868 T.
682 1809 759 1867 ΙΙ.
815 1806 1094 1887 Buh1.[·]
1151 1806 1439 1885 idemque
1494 1805 1614 1863 fuit
1658 1813 1940 1866 veterum

152 1919 478 1988 poetarum
533 1915 596 1966 et
650 1892 1165 1987 philosophorum
1209 1906 1605 1985 politicorum
1648 1922 1939 1983 praecep-

152 2017 318 2080 tum,
362 2025 537 2067 sacra
580 2017 650 2067 ut
679 2008 907 2088 ,fierent

292 2119 361 2181 ὥς
392 2141 445 2172 κε
478 2117 625 2182 πόλις
657 2118 855 2193 ῥέζῃσι,
889 2116 1047 2186 νόμος
1080 2119 1123 2171 δ’
1160 2119 1373 2189 ἀρχαῖος
1405 2117 1615 2189 ἄριστος

149 2221 465 2282 Hesiodus
508 2223 598 2279 ait
639 2239 738 2299 ap.
782 2220 1082 2299 Porphyr.
1128 2219 1205 2278 de
1248 2219 1423 2279 Abst.
1468 2221 1513 2278 Ι.
1564 2220 1659 2278 18.
1705 2218 1780 2280 cf.
1827 2219 1936 2293 Za-

149 2322 308 2380 leuci
361 2321 525 2398 leges
583 2319 762 2380 Stob.
811 2317 991 2380 CXL.
1047 2317 1193 2380 458.
1250 2329 1311 2378 et
1364 2319 1719 2377 Musonium
1763 2318 1844 2377 ib.
1888 2321 1934 2379 1.

152 2421 209 2480 5.
265 2421 366 2480 21.
425 2419 550 2480 Sed
603 2420 718 2479 his·
756 2420 1102 2500 praeceptis
1157 2438 1379 2498 parum
1440 2417 1935 2498 obtemperatum

149 2540 284 2581 esse
327 2519 635 2600 Josephus
677 2518 859 2579 docet
902 2540 949 2578 c.
991 2517 1218 2598 Apion.
1261 2519 1330 2577 L.
1375 2519 1450 2578 ΙΙ.
1496 2516 1596 2576 35.
1672 2518 1932 2577 Graeco-

147 2641 286 2682 rum
327 2622 648 2683 levitatem
692 2628 754 2678 et
794 2620 1271 2679 inconstantiam
1314 2620 1382 2677 in
1417 2618 1583 2677 cultu
1618 2635 1932 2677 sacrorum

266 2789 335 2850 [ΙΙ]
367 2791 723 2835 Bouterweckius
753 2790 822 2835 De
848 2790 1002 2848 EuriP·
1033 2789 1195 2833 Philos.
1234 2790 1279 2833 in
1311 2788 1471 2832 Comm.
1502 2788 1651 2830 Goett.
1682 2795 1842 2831 recent.
1873 2788 1930 2831 Τ.

152 2850 228 2895 1v.
269 2865 314 2908 p.
356 2851 397 2893 8.
437 2852 618 2893 miratur
654 2854 810 2906 poetae
850 2849 1099 2902 audaciam,
1141 2848 1215 2905 qui
1253 2848 1334 2891 hoc
1375 2851 1420 2889 et
1459 2846 1557 2889 aliis
1595 2846 1701 2888 locis
1729 2846 1929 2901 (Heracl.

155 2906 305 2964 1317.)
335 2910 697 2953 sanctissimorum
726 2909 1027 2964 mysteriorum
1056 2911 1225 2949 secreta
1252 2906 1437 2964 prodere
1467 2904 1730 2947 sustinuerit.
1773 2906 1929 2949 Verum

151 2966 364 3010 enimvero
395 2968 501 3011 nihil
530 2966 750 3023 vulgatius
780 2965 863 3010 fuit
891 2966 958 3009 his
987 2965 1147 3009 fabulis
1175 2965 1367 3022 nihilque
1395 2964 1530 3006 minus
1560 2967 1767 3006 sanctum.

272 3053 334 3125 [ὃ]
370 3054 638 3111 Porphyrius
678 3052 764 3110 Ep.
805 3052 861 3096 ad
905 3053 1102 3096 Marcell.
1143 3067 1180 3095 c.
1212 3051 1279 3120 ¹8:
1321 3065 1365 3107 p.
1394 3049 1496 3094 298.
1556 3049 1705 3121 0¹:⁰¹¹&
1720 3051 1931 3120 μέχισῐος

153 3127 328 3171 καρπος
345 3110 586 3182 ,εζισεβείας
614 3114 751 3171 τιμᾷν
780 3109 829 3155 τὸ
859 3115 990 3156 θεῖον
1019 3113 1097 3154 καὶ
1125 3108 1180 3153 τὰ
1209 3108 1929 3210 πατςέἕοὶίᾗὲοῖῗέἴυῶαΐέιὲᾟῖέ

151 3170 988 3285 ἱὲηξῐξῗωνιίᾱῗιξῗιπῗωᾷυῗξιῖιῒεῗῆυεὶ
1012 3169 1366 3284 δῇῗιὶοξέειὸἒῖἱειν
1405 3223 1516 3267 κατὰ
1548 3223 1600 3268 τὰ
1629 3228 1730 3283 τρία
1743 3257 1755 3280 ,
1785 3181 1929 3282 ἕγουν

152 3285 266 3331 κατὰ
294 3289 466 3345 μῆνας,
495 3284 701 3359 ἱῆμέρας,
734 3282 964 3336 ἐνιαυτούς
972 3319 987 3343 ,
1016 3298 1222 3345 perversa
1251 3282 1579 3326 intercalatione
1605 3284 1831 3336 turbatos,
1862 3283 1928 3326 al-

153 3351 288 3389 terum
320 3342 433 3389 καῐὰ
463 3361 518 3389 τα
546 3360 727 3405 πατρια.
