2158 3848
267 203 387 263 160
850 211 1088 257 LIBER
1131 213 1443 257 rannus,

262 348 593 406 Rhetorum
612 342 684 425 [ἰ]
743 348 970 425 partim
1014 346 1095 406 ad
1140 346 1485 408 docendum
1528 346 1756 425 partim
1802 345 1884 405 ad
1929 347 2034 405 ob-

260 445 605 506 lectandum
651 448 1008 525 composita,
1052 450 1278 525 partim
1324 449 1508 506 etiam
1553 444 1743 504 studii
1777 454 1839 505 et
1873 464 2036 505 com—

259 546 649 606 mentationis
711 564 908 604 causa.
1004 546 1268 605 Proinde
1322 547 1476 605 nihil
1533 562 1724 624 aeque
1780 545 2036 604 stultum

259 664 442 724 quam
524 646 588 702 in
655 644 1131 722 interpretandis
1198 646 1574 725 antiquitatis
1643 646 2036 703 monimentis

259 763 364 802 eos
409 744 581 820 sequi
626 740 838 814 duces,
883 743 987 821 qui
1031 744 1306 802 consulto
1353 745 1457 804 via
1500 743 1800 804 excedunt
1843 752 1905 802 et
1947 742 2036 802 di-

256 841 553 902 verticula
596 841 1235 901 accommodationum
1281 854 1594 922 quaerunt.

426 938 548 1012 Qui
591 959 740 1002 vero
793 943 1026 1021 priscos
1070 951 1286 1022 poetas
1331 941 1408 1000 de
1450 940 1632 1001 rebus
1676 941 1902 1004 divinis
1944 944 2036 1001 ni-

254 1040 342 1100 hil
365 1041 505 1106 vnisi
547 1039 711 1118 quod
755 1039 1031 1101 doctrina
1075 1052 1135 1101 et
1175 1043 1335 1102 ratio
1378 1041 1848 1121 praescriberet,
1902 1060 2037 1102 sen-

251 1141 407 1199 sisse
474 1138 856 1217 judicarunt,
926 1154 1133 1202 tamen
1200 1143 1380 1202 fateri
1447 1143 1641 1201 coacti
1695 1149 1869 1214 sunt,
1897 1197 1900 1200 ,
1930 1159 2036 1200 eos

250 1240 450 1299 multa
495 1239 752 1315 dixisse,
799 1261 952 1321 quae
997 1245 1240 1322 utrique
1281 1261 1620 1322 repugnare
1661 1240 2035 1303 viderentur.

251 1339 325 1399 Id
381 1348 586 1400 autem
644 1359 716 1398 eo
775 1341 1096 1415 accidisse,
1151 1342 1316 1422 quod
1361 1361 1745 1402 communem
1790 1339 2035 1399 dicendi

249 1440 517 1500 formam
572 1442 745 1520 sequi
801 1441 1251 1502 detrectassent.
1349 1441 1484 1514 Qua
1527 1441 1605 1501 de
1646 1462 1714 1501 re
1757 1440 2034 1501 studiose

251 1539 530 1620 disputat
586 1539 866 1601 Clemens
925 1561 998 1600 eo
1054 1543 1223 1615 loco,
1290 1561 1408 1621 quo
1457 1543 1589 1619 jam
1644 1544 1890 1622 saepius
1933 1542 2031 1600 usi

154 1712 164 1716 -
249 1658 490 1700 sumus:
561 1639 809 1711 Πάντες
876 1644 934 1704 οἱ
998 1640 1484 1728 θεολογήσαντες
1547 1642 1662 1721 τὴν
1729 1640 2030 1721 ἀλήθειαν

243 1742 575 1826 αἰνίγμασι
642 1741 746 1803 καὶ
810 1749 1191 1826 μεταφοραῖς
1261 1743 1366 1805 καὶ
1428 1739 1729 1811 τοιούτοις
1782 1738 2031 1823 τρόποις

248 1839 748 1923 παραδεδώκασι·
815 1841 1003 1920 idque
1069 1843 1368 1922 exemplis
1435 1840 1710 1921 undique
1793 1839 2028 1899 collatis

251 1942 611 1999 confirmare
679 1949 932 1998 conatur
1010 1943 1281 2021 primum
1363 1942 1625 2021 Orphei,
1707 1950 1865 2000 tum·
1897 1939 2028 1999 Ho-

247 2043 405 2101 meri
472 2041 670 2120 ipsius
726 2039 1139 2120 Hesiodique,
1207 2040 1350 2100 dein
1413 2040 1832 2118 Pherecydae,
1909 2040 2028 2116 Py-

248 2140 567 2218 thagorae,
622 2138 951 2214 Heracliti,
1007 2142 1434 2221 Empedoclis,
1500 2161 1694 2221 usque
1749 2140 1831 2200 ad
1885 2140 2027 2199 illas

247 2239 551 2319 Sphinges
578 2238 1048 2315 Alexandrinas,
1092 2226 1558 2322 Euphorionem
1588 2239 2026 2320 etLycophro-

245 2359 417 2413 nem,
474 2358 626 2420 quos
686 2359 898 2400 omnes
955 2340 1033 2400 de
1087 2341 1390 2402 industria
1433 2342 1521 2401 sic
1564 2342 1912 2421 scripsisse,
1956 2349 2026 2399 ut

243 2438 413 2500 aliud
457 2438 657 2499 dicere
698 2440 1086 2515 viderentur,
1130 2442 1298 2502 aliud
1338 2443 1761 2519 intelligerent.
1825 2440 2025 2500 Idem-

244 2559 365 2620 que
408 2539 767 2598 Plutarchus
812 2539 1104 2614 affirmat,
1161 2525 1401 2601 veteres
1447 2541 1692 2601 decreta
1734 2561 1846 2602 sua
1887 2561 2020 2619 my-

242 2640 364 2700 this
420 2648 481 2697 et
529 2638 765 2719 griphis
834 2639 1213 2721 implicuisse
1269 2641 1433 2711 ὅπως
1490 2643 1548 2703 οἱ
1598 2640 1716 2722 μὲν
1771 2650 2022 2723 φιλοσο-

244 2782 444 2839 quodque
485 2780 539 2823 de
569 2781 651 2822 diis
680 2781 792 2824 idem
821 2781 953 2824 sensit
984 2797 1078 2825 cum
1110 2784 1291 2837 Stoicis,
1323 2784 1479 2826 multos
1509 2783 1738 2839 populares
1768 2798 1863 2826 esse
1893 2799 2018 2828 unum
2100 2833 2106 2840 ,

243 2839 498 2884 naturalem.
543 2854 585 2882 v.
617 2839 709 2882 Cic.
741 2840 797 2882 N.
827 2840 881 2883 D.
912 2841 948 2882 I.
982 2842 1050 2884 12.
1111 2842 1268 2899 Neque
1299 2843 1515 2898 Diogenes
1545 2843 1709 2883 alienus
1739 2843 1822 2884 fuit
1851 2844 1906 2886 ab
1936 2844 2018 2886 hac

240 2898 553 2955 interpretandi
593 2898 834 2941 subtilitate
849 2932 860 2954 ,
903 2899 939 2942 si
971 2899 1170 2943 Medeam
1210 2915 1294 2943 non
1323 2901 1493 2956 magica
1522 2901 1597 2943 sed
1628 2902 1893 2957 gymnastica
1923 2909 2017 2945 arte

244 2957 496 3015 corporibus
535 2957 704 2998 luxurie
742 2958 879 3013 magis
910 2972 1036 3013 quam
1066 2960 1181 3001 senio
1212 2960 1364 3001 fractis
1393 2960 1586 3016 vigorem
1615 2966 1659 3002 et
1689 2960 1916 3003 sanitatem
1945 2975 2015 3003 re-

243 3015 436 3058 stituisse
466 3015 684 3058 contendit
703 3015 836 3070 ‚St0b.
867 3016 1002 3059 Serm.
1031 3017 1194 3061 XXIX.
1227 3033 1267 3074 p.
1298 3018 1398 3060 207.

361 3071 426 3129 [ἰ]
460 3074 602 3128 Hujus
641 3074 812 3130 generis
852 3076 1088 3131 exemplum
1128 3078 1311 3132 praebet
1349 3077 1551 3119 Herculis
1593 3076 1738 3131 Ogmii
1767 3077 1895 3120 fictor
1923 3077 2015 3118 Lu-

241 3131 414 3184 cianus,
453 3132 565 3174 unde
606 3132 714 3174 haec
742 3133 905 3189 species
935 3135 1104 3176 ethicae
1133 3135 1500 3191 interpretationis
1528 3136 1744 3178 rhetorica
1774 3136 1859 3178 dici
1890 3136 2011 3178 solet.

241 3205 283 3233 v.
315 3189 468 3232 Tzetz.
497 3190 637 3245 Exeg.
668 3191 719 3233 Il.
749 3206 791 3247 p.
822 3190 891 3233 28.
923 3197 967 3234 et
998 3193 1108 3236 Chil.
1140 3194 1174 3235 I.
1206 3193 1276 3236 36.
1307 3195 1382 3236 ubi
1411 3194 1588 3236 eandem
1616 3195 1803 3236 fabulam
1833 3195 2011 3251 primum

239 3248 561 3300 mathematice,
600 3249 681 3290 hoc
710 3255 776 3291 est
806 3251 1090 3307 astrologice,
1122 3252 1333 3308 explicat,
1365 3252 1518 3295 deinde
1546 3251 1658 3295 καιὰ
1689 3249 1876 3313 ῥήτορας
1903 3251 2010 3306 ἠθι-

239 3302 448 3366 κώτερον.
507 3306 716 3361 Didymus
756 3308 812 3350 ad
841 3309 891 3351 Il.
922 3310 958 3352 I.
990 3309 1059 3353 50.
1091 3313 1136 3354 οἱ
1166 3313 1392 3371 ῥητορικοὶ
1421 3307 1599 3361 λύοντές
1628 3324 1772 3369 φασιν
1800 3334 1856 3344 -
1886 3312 1930 3354 οἱ
1959 3310 2009 3353 δὲ

243 3361 617 3424 φιλοσοφώτερον
646 3362 824 3417 λύοντες
852 3373 935 3410 etc.
