2158 3848
215 203 340 264 352
750 214 988 260 LIBER
1038 215 1464 261 SECUNDUS.

212 350 317 413 καὶ
357 347 591 432 μύθων
635 350 702 411 ἐν
747 349 911 409 ἔπεσι
952 344 1147 417 τάξις·
1219 348 1365 430 ὅπερ
1428 350 1744 431 ἐξαιρέτως
1787 349 1996 431 “Opem

213 476 320 534 ρος
375 447 732 529 ἐπετήδευσε
798 447 902 510 καὶ
955 447 1257 530 κατέδειξε
1328 456 1587 530 πρῶτος
1675 450 1867 513 (Ὀσοι
1925 449 1995 512 δὲ

211 549 635 636 πραγματείας
678 549 884 629 ἑτέρας
941 549 1258 630 ἔγραψαν,
1329 549 1603 612 ἐποποιοὶ
1662 547 1850 629 (adde
1894 551 1995 626 οὗ)

211 659 569 714 καλοῦνται.
612 647 651 709 ’ἢ
695 647 817 732 γὰρ
862 645 1001 727 περὶ
1045 648 1462 730 ἀστρονομίας
1503 648 1544 729 ἢ
1588 648 1859 732 φυσικάς
1900 675 1994 711 τι-

209 776 323 820 νας
377 749 417 828 ἢ
463 749 669 830 ἑτέρας
727 749 1015 831 ’ἔγραψαν
1057 745 1337 828 βίβλους.
1427 748 1552 808 Sed
1607 747 1778 808 haud
1820 767 1996 829 prae-

209 847 640 910 termittendus
693 845 941 907 videtur
983 846 1358 922 Dionysius,
1421 850 1590 925 cujus
1646 849 1804 908 hanc
1860 867 1997 908 sen-

207 952 467 1010 tentiam
527 947 753 1008 Suidas
809 946 998 1005 refert
1051 947 1140 1035 (v.
1201 943 1266 1005 C.
1311 946 1412 1005 Vl.
1470 946 1524 1027 ξ.
1574 949 1655 1028 l.)
1716 951 1993 1032 Ὀρφεὺς

200 1049 516 1134 Ὀδρύσης
562 1045 873 1117 ἐποποιός·
937 1044 1264 1117 Διονύσιος
1308 1047 1377 1110 δὲ
1430 1057 1658 1113 τοῦτον
1702 1050 1849 1113 οὐδὲ
1892 1076 1994 1136 γε-

206 1153 459 1238 γονέναι
521 1152 703 1236 λέγει·
795 1165 1142 1227 quanquam
1201 1149 1365 1206 enim
1421 1148 1539 1207 hoc
1604 1147 1683 1208 de
1735 1168 1860 1209 uno
1919 1170 1994 1209 ex

207 1261 503 1333 quatuor,
550 1268 701 1328 quos
725 1257 1044 1321 numerat,
1092 1246 1354 1327 Orpheis
1400 1248 1632 1310 dictum
1678 1268 1810 1310 esse
1838 1251 1994 1323 vult,
2151 1312 2153 1334 ³

206 1364 416 1412 tamen
454 1349 831 1425 DionysiuS,
862 1350 1010 1409 ‘sive
1042 1347 1372 1424 Olynthius
1416 1349 1565 1422 fuit,
1610 1352 1715 1430 qui
1759 1349 1838 1409 de
1862 1349 1994 1410 Ho-
2119 1341 2153 1391 :¹⁸

204 1470 376 1512 mero
422 1450 668 1529 scripsit
712 1449 951 1508 Tatian.
994 1466 1054 1526 p.
1095 1447 1234 1507 166.
1276 1448 1574 1526 Athenag.
1620 1470 1667 1509 c.
1713 1450 1813 1510 31.
1858 1453 1995 1512 sive
2114 1422 2152 1549 d

203 1550 764 1612 Halicarnassensis
807 1549 1102 1606 historiae
1143 1549 1414 1606 musicae
1465 1559 1678 1608 auctor
1718 1569 1780 1611 v.
1823 1549 1990 1611 Jons.

202 1653 309 1712 III.
353 1651 456 1711 42.
511 1652 650 1710 sive
690 1649 1060 1720 PhaseliteS‚
1125 1649 1230 1727 qui
1285 1657 1503 1727 poetas
1556 1658 1800 1710 veteres
1853 1651 1994 1710 illu-

205 1754 431 1813 stravit
476 1744 677 1811 Schol'.
722 1748 898 1808 Pind.
942 1749 1019 1807 II.
1070 1747 1122 1807 1.
1167 1747 1290 1807 vit.
1335 1749 1619 1809 Nicandr.
1662 1751 1795 1810 init.
1858 1752 1993 1813 sive
2116 1781 2127 1818 ι

204 1863 465 1932 utroque
509 1850 805 1910 celebrior
850 1849 1088 1921 Thrax,
1144 1847 1360 1908 doctus
1407 1860 1568 1909 certe
1614 1851 1992 1911 Grammati-

205 1972 342 2026 ους,
399 1951 616 2031 procul
661 1948 850 2008 dubio
904 1967 1104 2027 neque
1148 1948 1483 2025 Odrysium
1529 1950 1843 2030 Orpheum
1886 1967 1991 2010 ne-

204 2072 324 2133 que
380 2049 838 2122 Crotoniatam‚
902 2068 1100 2129 neque
1155 2049 1347 2109 alium
1405 2070 1752 2132 quenquam
1803 2052 1987 2130 hujus

204 2153 664 2214 commenticiae
708 2149 995 2210 familiae.
1030 2151 1298 2226 agnovit.

911 2420 1087 2483 ΟΑΡ.»
1170 2421 1272 2482 VI.

415 2562 854 2627 Carmz'mcm
928 2565 1459 2648 Orphicorum
1521 2567 1781 2630 index.

993 2763 1061 2846 §.f
1140 2765 1191 2824 1.

367 2935 504 2998 Nisi
539 2937 674 3015 jam
718 2935 951 2996 dudum
995 2936 1293 2997 librorum
1328 2935 1790 3018 deperditorum
1833 2939 1981 2998 titu-

196 3039 292 3097 los
338 3045 401 3096 et
445 3038 644 3114 elogia
687 3044 1006 3096 auctorum
1047 3038 1221 3099 velut
1261 3038 1639 3118 cenotaphiis
1682 3039 1980 3118 inscripta

196 3138 468 3216 legentes
514 3136 595 3196 ad
638 3147 917 3199 veterum
962 3138 1309 3208 chartarum
1344 3139 1651 3215 jacturam
1682 3124 1976 3217 quodam·
2025 3151 2028 3155 ’

197 3237 387 3298 modo
444 3238 969 3312 occalluissemus‚
1037 3237 1464 3298 enumerandis
1522 3238 1825 3318 Orphicae
1879 3256 1975 3296 se-

196 3347 329 3398 ctae
371 3339 767 3399 monimentis
821 3337 903 3398 ad
956 3340 1138 3399 inane
1191 3357 1419 3399 nomen
1461 3337 1727 3398 redactis
1782 3336 1974 3397 mole-
