2158 3848
239 205 364 266 318
782 218 1018 263 LIBER
1061 219 1488 265 SECUNDUS.

239 360 374 410 tum
445 347 700 431 probari
765 358 1004 429 posset3
1070 368 1192 408 non
1252 368 1371 430 quo
1426 359 1716 429 putarent
1770 351 2019 413 doctum

237 460 487 532 poetam
544 451 784 524 omnia,
844 467 998 529 quae
1051 460 1294 523 nosset,
1340 449 1708 510 carminibus
1752 453 1884 511 suis
1929 454 2022 511 in-

236 551 513 624 fer-sisse,
578 548 688 608 sed
746 550 889 628 quia
942 551 1224 629 ineptum
1271 549 1645 628 judicabant
1689 551 2024 631 quidquam

236 653 371 711 sine
412 650 640 709 idonea
682 649 926 707 ratione
971 648 1234 708 credere.
1319 651 1533 731 Itaque
1575 662 1873 729 negarunt
1913 652 2022 710 ho-

234 752 496 809 mericos
539 748 756 805 heroes
799 747 864 804 in
908 766 1116 826 pugna
1135 752 1406 846 Ntesseris
1451 761 1513 809 et
1554 753 1774 828 signiS,
1818 752 1886 809 in
1928 769 2023 810 sa-

236 849 473 909 crificiis
529 847 738 920 thure,
792 847 858 904 in
916 849 1208 906 concione
1263 850 1541 928 calculiS,
1597 854 1663 910 in
1718 852 2022 912 conviviis

234 939 669 1030 propinatione
723 955 785 1005 et
828 949 1153 1024 unguentis
1197 966 1343 1007 usos
1389 967 1552 1022 esse,
1594 968 1667 1008 ac
1710 969 1789 1008 ne
1830 951 2019 1027 gallo-

233 1068 370 1108 rum
427 1047 676 1129 quidem
736 1056 982 1106 cantum
1027 1048 1152 1106 illis
1194 1047 1514 1128 reliquere.
1599 1048 1916 1129 Iidemque
1957 1052 2023 1108 in

234 1149 650 1228 grammaticis
696 1148 1173 1227 quaestionibus,
1218 1150 1335 1207 etsi
1377 1151 1741 1229 neutiquam
1777 1158 2023 1207 conten-

234 1248 389 1309 dunt
443 1250 719 1309 universi
777 1247 1151 1307 Graecorum
1210 1251 1544 1322 sermonis,
1601 1250 1707 1329 qui
1751 1257 1886 1308 tum
1929 1250 2023 1310 vi-

231 1352 380 1428 guit,
423 1351 557 1411 vim
602 1360 664 1407 et
707 1351 1070 1409 varietatem
1113 1348 1326 1408 niadis
1372 1361 1434 1409 et
1475 1349 1792 1427 Odysseae
1837 1368 2021 1426 angu-

233 1435 368 1510 stiis
427 1450 757 1521 contineri,
815 1459 1023 1507 tamen
1081 1448 1387 1509 vocabula
1427 1447 1786 1532 θησαυρός,
1831 1457 2022 1528 πλῆκ-

232 1574 415 1632 τρον,
483 1557 731 1630 πνεῦμα
745 1595 766 1621 ,
828 1555 1083 1621 πλοῖον,
1139 1547 1329 1628 τύχη,
1386 1546 1728 1630 τύραννος,
1777 1547 2022 1630 χλαμύς

232 1661 295 1709 et
349 1660 603 1709 centena
665 1649 790 1708 alia
832 1649 1112 1708 Homero
1167 1647 1551 1726 abjudicant,
1609 1648 1872 1706 multum
1929 1668 2023 1706 re-

231 1751 590 1831 pugnaturi,
646 1751 701 1808 si
757 1750 891 1828 quis
951 1768 1024 1808 ea
1078 1748 1192 1807 sub
1251 1749 1360 1807 illo
1421 1747 1712 1806 fortuitae
1754 1759 2023 1828 praeter-

229 1851 544 1910 missionis
590 1849 847 1908 obtentu
889 1850 954 1907 in
998 1849 1452 1907 homericorum
1497 1849 1834 1907 carminum
1880 1867 2021 1907 con-

230 1961 469 2011 textum
526 1950 819 2009 invehere
871 1948 1079 2009 vellet.
1187 1947 1360 2006 Haec
1421 1909 1830 2022 Criticorlssn
1843 1967 2021 2027 repa-

230 2052 374 2130 gula
417 2051 472 2110 si
514 2050 708 2109 semel
751 2049 1000 2109 revulsa
1042 2048 1302 2122 fuerint,
1357 2049 1411 2107 si
1454 2049 1739 2127 quisque,
1795 2059 1866 2107 ut
1909 2049 2019 2107 ali—

229 2149 377 2231 quid
431 2160 638 2208 mente
692 2150 1069 2229 conceperit,
1124 2150 1178 2207 is
1233 2150 1538 2227 perficiet,
1592 2157 1663 2206 ut
1716 2148 1833 2206 hoc
1887 2147 2020 2207 Ho-

228 2267 404 2310 mero
469 2259 687 2309 notum
758 2248 869 2308 sed
937 2267 1083 2308 casu
1148 2250 1652 2329 praetermissum
1717 2247 2020 2322 videatur,

228 2351 384 2410 nihil
440 2351 558 2409 erit
610 2351 676 2408 in
730 2367 936 2408 rerum
995 2359 1242 2422 natura,
1302 2349 1470 2429 quod
1521 2349 1834 2409 Homerus
1868 2368 2023 2408 non
2118 2403 2120 2406 Α

228 2453 717 2532 praetermisisse
760 2451 1007 2530 potius,
1047 2468 1230 2529 quam
1274 2452 1589 2527 ignorasse
1629 2448 1833 2509 videri
1876 2469 2018 2530 pos-

228 2553 326 2611 sit.
432 2552 531 2610 Illi
589 2550 906 2630 Orpheum
976 2551 1035 2607 ei
1103 2551 1411 2626 cognitum
1478 2549 1674 2607 fuisse
1738 2542 2017 2624 sumunt3

230 2663 433 2712 sumet
475 2653 634 2711 alius
678 2648 1125 2728 Pronapidem,
1190 2649 1349 2707 alius
1403 2649 1814 2727 Eumolpum3
1881 2653 2016 2723 erit,

228 2755 335 2832 qui
406 2747 755 2813 'Homerum
837 2746 1088 2809 Daretis
1166 2750 1397 2828 scripta
1480 2750 1845 2829 compilasse
1924 2750 2036 2810 di·-

230 2863 356 2927 cat,
413 2854 531 2913 erit
585 2855 690 2933 qui
742 2849 1120 2924 Demodoci,
1177 2851 1294 2909 erit
1336 2851 1441 2929 qui
1484 2849 1850 2909 Phantasiae
1891 2850 2014 2910 Ae-

230 2955 499 3033 gyptiae.
620 2953 779 3015 Nam
839 2954 992 3012 haec
1048 2953 1258 3011 omnia
1326 2950 1404 3009 ab
1473 2950 1780 3030 aliquibus
1847 2963 2016 3013 vete-

152 3044 159 3048 *
228 3072 368 3112 rum
414 3053 811 3127 affirmantur,
854 3071 1051 3132 neque
1093 3052 1224 3110 ulla
1266 3053 1424 3132 ratio
1472 3050 1593 3110 dici
1635 3061 2013 3130 potest,'cur

228 3154 319 3211 ita
362 3172 495 3213 esse
537 3173 662 3214 non
704 3157 920 3236 possit.
985 3150 1345 3231 Eodemque
1390 3164 1747 3228 argumento
1792 3136 2039 3231 aliquis

232 3251 478 3326 efficiet,
543 3256 745 3316 Iliacis
802 3254 1182 3337 temporibus
1238 3262 1300 3312 et
1355 3271 1663 3332 caupones
1706 3252 1897 3311 fuisse
1949 3261 2012 3308 et

233 3353 541 3413 ciniflones
600 3368 661 3415 et
727 3373 986 3435 angar-os
1042 3365 1103 3413 et
1156 3355 1522 3434 portitoreS‚
1588 3351 2010 3433 typographos
