2158 3848
295 234 415 295 114
871 244 1113 288 LIBER
1155 243 1464 288 PRIMUS.

291 379 606 458 pertineat.
700 373 873 435 Nune
925 375 1192 436 dubitari
1245 393 1371 434 non
1425 378 1667 458 potest,
1715 374 1860 452 quin
1913 372 2056 430 illae

296 475 630 562 ἁγιώταται
666 474 900 562 ᾐτελεταί
939 494 977 534 a
1021 473 1256 533 Cereris
1302 474 1486 531 sacris
1530 479 1769 530 tantum
1813 470 2055 542 distent,

295 584 588 656 quantum
654 572 730 631 ab
806 574 900 633 his
986 573 1283 648 mysteria
1362 568 1745 629 Christianae
1819 570 2057 648 religio-

295 677 407 736 niS.
506 670 841 746 Commode
905 670 1157 750 accidit,
1208 677 1302 728 fut
1364 671 1469 728 ille
1523 679 1650 729 tam
1706 667 1786 726 ad
1842 686 2059 726 ornan-

299 772 446 831 dum
498 773 707 848 inop8‚
778 789 960 850 quam
1032 767 1111 828 ad
1165 769 1603 830 inveniendum
1646 767 1872 827 sterilis
1915 769 2058 826 seri-

296 880 437 949 ptor
495 867 749 927 eandem
806 867 1270 927 similitudinem
1318 868 1526 927 decies
1588 865 1868 927 iterando
1901 871 2058 925 'rem

296 967 473 1028 nobis
516 970 883 1048 apertiorem
923 968 1149 1027 fecerit.
1215 967 1420 1027 Primo
1462 967 1599 1025 loco
1642 985 1870 1047 ponam
1911 967 2062 1025 haec

296 1068 710 1148 superioribus
764 1086 889 1127 non
944 1068 1140 1127 multo
1196 1067 1480 1126 clariora:
1546 1067 1740 1148 ὥςπερ
1807 1069 1874 1129 ἐν
1926 1072 2060 1134 ταῖς

301 1166 667 1253 ἁγιωτάταις
718 1175 848 1232 τῶν
889 1175 1146 1230 τελετῶν
1189 1174 1608 1251 προηγοῦνται
1648 1173 1779 1228 τῶν
1820 1165 2058 1247 δρωμέ-

266 1291 430 1330 -νων
471 1266 863 1346 καταπλήξεις
902 1265 1084 1339 τινὲς,
1130 1269 1195 1327 αἱ
1235 1265 1350 1349 μὲν
1393 1267 1497 1329 διὰ
1541 1274 1671 1329 τῶν
1697 1266 2059 1349 λεγομένων,
2124 1277 2125 1286 ’

301 1368 367 1427 αἱ
407 1365 477 1429 δε)
520 1367 627 1429 διὰ
665 1375 796 1430 τῶν
836 1366 1285 1446 δεικνυμένων,
1332 1364 1930 1428 ὖποκατακλίνουσαι
1971 1372 2061 1445 τῷ

300 1464 457 1545 θείῳ
508 1466 624 1545 τὴν
675 1464 922 1548 ψυχήν,
981 1465 1144 1527 οὕτω
1187 1465 1266 1544 δὴ
1310 1465 1414 1526 καὶ
1457 1468 1523 1527 ἐν
1564 1471 1692 1534 τοῖς
1731 1472 1841 1543 τῆς
1884 1472 2060 1546 φιλο-

302 1563 522 1645 σοφίας
586 1563 931 1646 προθύροις
1001 1574 1111 1623 etc.
1187 1562 1424 1623 Comm.
1477 1565 1544 1622 in
1596 1563 1789 1623 Alcib.
1844 1583 1903 1643 p.
1961 1562 2060 1622 61.

301 1659 513 1722 Creuz.
575 1661 889 1722 Secundus
931 1662 1101 1721 locus
1143 1671 1274 1721 re'm
1315 1665 1381 1722 in
1423 1663 1658 1739 majore
1699 1665 1834 1722 luce
1877 1663 2062 1721 collo-

302 1770 427 1819 cat:
469 1761 662 1844 ὥςπερ
705 1766 771 1825 ἐν
811 1768 946 1831 ταῖς
987 1769 1254 1832 τελεταῖς
1298 1765 1363 1824 αἱ
1416 1770 1548 1825 τῶν
1604 1760 1884 1844 ἇῤῥήτων
1937 1787 2060 1844 φα-

301 1859 556 1942 σμάτων
588 1861 796 1931 δείξεις
829 1861 934 1922 καὶ
963 1863 1043 1923 τὰ
1079 1861 1364 1944 σύμβολα
1392 1859 1892 1941 καταπλήττοντα
1917 1861 2061 1930 τοὺς
2124 1884 2126 1887 ’

298 1960 698 2042 τελουμένους
753 1959 1267 2044 ἐπιτηδειοτέρους
1320 1961 1544 2030 αὐτοὺς
1585 1962 1918 2041 καθίστησι
1958 1961 2063 2023 καὶ
2122 2032 2125 2034 q

300 2060 791 2141 ἕμπαθεστέρους
844 2058 996 2142 πρὸς
1052 2061 1199 2139 ὅλην
1251 2060 1366 2139 τὴν
1405 2059 1648 2140 τελετήν
1689 2060 1770 2120 ib.
1813 2080 1874 2140 p.
1922 2059 2060 2119 142.
2107 2055 2132 2122 ζ

298 2157 413 2215 Est
453 2166 657 2215 tamen
697 2158 813 2216 hoc
852 2177 1089 2238 quoque
1133 2158 1509 2236 ambiguum3
1562 2180 1708 2220 nam
1750 2161 1897 2219 illae
1937 2159 2062 2222 δεί-

300 2261 417 2327 ξεις
466 2265 596 2320 τῶν
651 2255 932 2338 οἷῤῥήτων
990 2257 1338 2340 φασμάτων
1394 2261 1580 2319 etiam
1621 2262 1689 2320 in
1729 2259 2059 2320 Eleusiniis

299 2355 742 2434 praedicantur.
830 2355 954 2415 Sed
995 2357 1165 2416 nullo
1208 2357 1396 2417 modo
1442 2379 1579 2419 cum
1622 2360 1717 2420 his
1752 2360 2060 2419 conciliari

299 2463 502 2532 potest
556 2457 802 2514 tertium
859 2457 1304 2516 testimonium:
1347 2459 1504 2521 κατὰ
1547 2458 1628 2522 τοὶ
1670 2459 1831 2523 αὐτοὶ
1871 2458 1950 2538 δὴ
1993 2462 2059 2522 εἶν

299 2558 433 2622 ταῖς
491 2551 858 2638 ἁγιωτάταις
910 2562 1040 2618 τῶν
1094 2563 1350 2619 τελετῶν
1403 2558 1521 2640 πρὸ
1575 2565 1683 2637 τῆς
1734 2566 1848 2622 τοῦ
1900 2562 2058 2621 θεοῦ

300 2652 639 2734 παρουσίας
679 2651 999 2735 δαιμόνων
1039 2662 1231 2717 τινῶν
1266 2656 1555 2733 χθονίων
1593 2655 1880 2740 σύμβολα
1902 2681 2056 2742 προ-

301 2751 631 2832 φαίνονται
683 2752 786 2814 καὶ
842 2755 1013 2835 ὄψεις
1066 2752 1547 2837 ἐκταράττουσαι
1585 2756 1731 2825 τοὺς
1771 2758 2082 2840 τελουμέ-

300 2871 448 2919 νους
504 2852 608 2912 καὶ
665 2853 1030 2914 ἅποσπῶσαι
1081 2861 1209 2917 τῶν
1261 2853 1590 2937 ἁχράντων
1650 2858 1918 2940 ἀγαθῶν
1971 2892 2055 2903 -

300 2948 399 3009 διὸ
455 2951 560 3012 καὶ
613 2953 671 3013 οἱ
723 2950 864 3013 θεοὶ
916 2951 1428 3034 παρακελεύονται
1480 2955 1565 3037 μὴ
1618 2953 1918 3038 πρότερον
1971 2961 2054 3024 εἷς

224 3054 226 3058 ’
300 3046 563 3117 ἐκείνους
606 3051 851 3131 βλέπειν
892 3051 1037 3133 πρὶν
1078 3057 1212 3122 ταῖς
1255 3054 1376 3115 άπὸ
1419 3061 1550 3118 τῶν
1594 3055 1856 3119 τελετῶν
1891 3080 2052 3138 φρα-

288 3148 552 3228 χθῶμεν
604 3149 944 3233 δυνάμεσιν
979 3149 1139 3210 ibid.
1182 3171 1243 3232 p.
1288 3151 1387 3213 39.
1470 3152 1596 3213 Nec
1636 3156 1833 3232 magis
1875 3173 2052 3234 quar-

296 3251 455 3303 tum:
499 3247 690 3330 ὥςπερ
733 3254 800 3313 ἐν
840 3256 973 3320 ταῖς
1012 3257 1142 3313 τῶν
1182 3260 1440 3316 τελετῶν
1482 3253 1856 3338 ἁγιωτάταις
1897 3254 2052 3335 φασὶ
2088 3234 2091 3243 ¹

291 3344 434 3412 τοὺς
484 3343 720 3426 μύστας
770 3350 883 3427 τὴν
935 3349 1051 3431 μὲν
1104 3349 1354 3435 πρώτην
1404 3354 1748 3417 πολυειδέσι
1787 3353 1892 3415 καὶ
1934 3378 2043 3415 πο-
