2158 3848
0 385 13 1015 ἰ

802 213 1263 281 οιιΡιιιοΑ,
1797 204 1917 268 591

137 357 345 430 κλῆος,
402 341 567 428 quod
621 347 723 408 hic
778 346 1139 424 importune
1180 343 1667 419 intermiscetur,
1710 351 1777 410 in
1821 370 1923 412 su-

136 451 473 530 spicionem
516 464 741 510 vocare
782 444 992 524 coepi,
1033 453 1147 505 nec
1181 443 1317 522 jam
1362 443 1580 505 dubito
1627 450 1773 527 quin
1817 471 1922 512 ve-

108 570 270 617 ,rum
313 549 615 626 tetigerim
630 589 648 621 ,
688 547 828 620 sive
868 554 1057 625 poeta
1098 545 1189 606 ita
1230 546 1573 627 scripserit:

270 656 610 733 Περσεφόνην
643 658 784 730 πέρι·
822 657 1043 729 Πατρὸς
1076 656 1431 726 ἀμαιμακέτου
1467 660 1765 732 Κρονίωνος
1855 680 1870 695 ·

267 747 545 815 μειλιχίην,
583 746 668 798 καὶ
704 748 945 816 Ζανρῆος
979 745 1271 816 περίφημον
1307 743 1496 815 ἅμνξιν
1517 810 1523 822 ,,

129 852 267 912 sive
306 849 500 913 simili
543 843 818 929 quodam
864 845 1071 909 modo.
1114 846 1400 909 Nominev
1423 848 1708 930 μειλιχίη,
1754 848 1924 930 quod

130 969 169 1010 a
228 950 535 1010 tralaticia
591 950 917 1029 scriptura,
952 946 1184 1027 Μήλου
1228 966 1339 1007 seu
1381 946 1618 1029 Μήχου
1660 967 1787 1009 non
1832 934 1924 1024 ni&

127 1051 246 1110 mis
305 1051 526 1124 distat,
581 1049 910 1128 significari
962 1056 1172 1129 potest
1213 1049 1598 1129 placatio,
1656 1049 1922 1130 depre-

130 1152 367 1224 catio,
424 1169 548 1230 qua
601 1157 921 1229 stuprator
962 1149 1121 1208 iram
1164 1149 1382 1208 matris
1426 1149 1622 1208 lenire
1662 1149 1923 1221 studuit,

125 1248 291 1328 quod
351 1268 494 1308 eum
550 1249 787 1310 violata
841 1248 1012 1307 Rhea
1054 1247 1273 1307 fecisse
1315 1258 1578 1308 testatur
1622 1247 1924 1310 Clemens.

127 1348 524 1408 Hermannus
567 1347 900 1433 Εὐβούλου
943 1374 1009 1411 τε
1052 1350 1159 1412 καὶ
1198 1349 1568 1434 Ἡρακλέους
1613 1351 1923 1428 corrigens

125 1458 380 1530 poetam
425 1449 504 1508 de
546 1449 835 1510 Herculis
879 1458 943 1508 et
984 1450 1267 1510 Plutonis
1311 1469 1523 1530 pugna
1566 1451 1740 1531 loqui
1785 1472 1923 1511 cen·

124 1560 248 1624 set,
294 1551 394 1610 cui
435 1551 554 1610 hoc
597 1550 844 1610 obstare
887 1550 1168 1624 videtur,
1226 1551 1394 1631 quod
1437 1553 1504 1611 in
1546 1551 1658 1610 illo
1702 1571 1922 1633 prooe-

124 1652 238 1710 mii
291 1650 429 1711 loco
486 1653 829 1730 carminum
886 1651 1329 1732 Orphicorum,
1375 1672 1532 1733 quae
1578 1662 1724 1712 tunc
1767 1663 1921 1713 tem-

123 1754 297 1832 poris
372 1752 814 1826 noscebantur,
911 1763 1273 1830 argumenta
1342 1756 1570 1833 exponi
1640 1766 1920 1834 apparet,

123 1853 410 1913 Herculis
466 1862 674 1912 autem
730 1871 830 1912 res
873 1861 1076 1930 gestas
1121 1853 1201 1912 ab
1248 1854 1500 1935 Orpheo
1546 1856 1920 1935 perscriptas

124 1972 258 2014 esse
311 1969 436 2012 non
496 1963 767 2027 constat,
824 1971 1023 2033 neque
1073 1956 1329 2027 omnino
1375 1957 1511 2018 veri
1556 1955 1759 2015 simile
1804 1964 1920 2029 est,

122 2053 677 2133 Argonauticorum
732 2050 1138 2135 scriptorem,¹
1187 2056 1242 2115 si
1298 2074 1548 2115 carmen
1615 2055 1922 2135 ejusmodi

121 2155 437 2215 heroicum
493 2157 806 2234 cognitum
863 2153 1209 2228 habuisset,
1273 2155 1340 2214 id
1396 2157 1515 2216 hoc
1569 2157 1740 2231 loco,
1775 2176 1920 2237 vquo

126 2254 204 2315 de
249 2252 471 2315 Cerere
514 2264 577 2314 et
619 2256 991 2335 Proserpina
1032 2256 1202 2336 loqui
1245 2257 1534 2330 instituit,
1577 2258 1924 2338 interrupta

125 2365 484 2437 temporum
527 2357 688 2416 serie
731 2365 1357 2417 commemoraturum
1404 2358 1615 2418 fuisse.
1694 2356 1920 2431 Quem-

125 2452 466 2518 admodum
545 2467 752 2517 autem
834 2459 899 2517 in
982 2440 1341 2536 Theogonia
1409 2459 1683 2540 Orphica
1753 2479 1920 2519 com-

122 2560 506 2639 pressionem
548 2557 955 2638 Proserpinae
999 2567 1062 2617 et
1094 2553 1319 2638 Zagrei‘
1353 2570 1601 2640 partum
1640 2559 1918 2638 ejusdem

123 2657 279 2720 deae
320 2669 536 2740 raptus
579 2657 1003 2739 subsequitur,
1058 2661 1151 2719 ita
1191 2663 1502 2740 prooemii
1539 2670 1755 2721 auctor
1795 2679 1919 2721 uno

122 2759 444 2838 interjecto
502 2776 722 2834 versu,
807 2778 928 2841 quo
987 2757 1413 2839 Corybantum
1471 2773 1536 2822 et
1590 2761 1919 2822 Idaeorum

123 2859 533 2938 Daetylorum
578 2862 835 2920 mentio¹
857 2863 1204 2925 continetur
1246 2864 1340 2923 illi
1383 2863 1728 2923 narrationi
1776 2881 1919 2940 con-

115 2960 535 3038 junctissima,
580 2963 870 3022 contiuuo
917 2961 1097 3023 addit

264 3062 547 3138 Δήμητρός
578 3087 632 3119 τε
668 3064 866 3136 πλάνην
901 3071 986 3122 καὶ
1028 3067 1362 3141 Φερσεφόνης
1396 3069 1534 3139 μέγα
1563 3070 1772 3132 πένθος.

124 3156 488 3239 Quanquam
530 3162 688 3221 hanc
729 3161 1003 3224 fabulam
1047 3165 1342 3243 singulari
1369 3164 1610 3245 Orphei
1649 3166 1918 3233 carmine

123 3261 471 3342 expositam
514 3261 706 3322 fuisse
748 3260 1025 3325 Justinus
1068 3284 1181 3325 nos
1230 3264 1411 3325 docet
1462 3263 1714 3326 Cohort.
1749 3265 1915 3325 XVI.

17 3349 21 3449 ³3
124 3359 224 3418 81.
271 3359 426 3439 (17.)
469 3369 583 3426 τοῦ
620 3365 892 3445 Ὀρφέως
