2176 3886
796 184 1392 229 PRAEFATIO.
1494 224 1500 230 .
1915 192 1985 236 lx

284 347 291 356 ·
364 315 611 377 Ceteras
681 334 853 376 meas
920 319 1193 377 rationes
1254 326 1318 376 et
1377 334 1531 397 quos
1586 319 1982 397 potissimum

191 432 374 492 duces
428 440 724 511 sequutus
778 432 899 490 sim
956 433 1187 491 infine
1230 430 1485 491 secundi
1530 439 1601 490 et<
1634 436 1799 493 tertii
1841 435 1986 496 libri

188 548 449 626 exposui
504 564 701 627 eoque
756 545 892 605 loco
948 544 1000 604 J.
1045 545 1128 605 H.
1173 545 1431 620 vossio,
1486 545 1683 623 hujus*
1713 546 1984 628 discipli-

185 679 302 719 nae
355 659 679 733 eonditori‚
724 659 1000 720 debitum
1045 660 1344 720 honorem
1391 659 1601 720 detuli.
1644 661 1984 722 'Praeterea

183 776 326 834 sciri
394 775 544 837 volo
610 774 786 835 haud.
849 777 1134 854 exiguam
1197 784 1441 856 partem
1515 793 1764 849 eorum,
1809 796 1982 856 quae

181 907 342 949 nunc
411 891 784 968 conjunctim
849 889 1142 960 eduntur,
1203 891 1339 967 jam
1395 892 1569 970 prius
1628 874 2021 968 evulgatam¹

182 1021 317 1063 esse
360 1005 429 1063 in
468 1003 1012 1064 dissertationibus
1050 1002 1438 1078 academicis,
1483 1023 1742 1085 quarum
1777 1007 1981 1085 prima
2011 885 2037 1079 ἶ

179 1118 299 1178 filit
356 1118 434 1178 de
476 1128 680 1179 morte
718 1119 943 1180 Bacchi
983 1115 1352 1179 MDCCCX.
1397 1118 1740 1200 publicata,
1796 1138 1982 1199 quam

176 1234 540 1312 insequuhtae
581 1243 727 1294 sunt
769 1235 931 1294 aliae
976 1234 1337 1315 complures*
1370 1233 1458 1294 ‘de
1503 1231 1980 1311 CorybantibuS,

180 1346 577 1408 Telchinibus
596 1393 614 1422 ‚
659 1349 738 1409 de
783 1351 1098 1426 mysteriis
1142 1350 1479 1410 Eleusiniis
1524 1360 1710 1430 atque
1755 1349 1980 1430 Orphi-

178 1463 264 1521 cis
320 1464 658 1544 ceterisque
711 1464 927 1540 rebus,
1018 1484 1173 1545 quae
1230 1484 1369 1525 cum
1423 1465 1538 1525 hac
1595 1483 1781 1524 causa
1839 1482 1981 1522 con-

169 1577 423 1654 junctae
487 1587 647 1638 sunt.
754 1578 1036 1652 Deinde,
1106 1581 1398 1659 quoniam
1468 1580 1570 1639 hie
1637 1579 1795 1638 liber
1861 1577 1977 1636 sub

178 1691 388 1770 ipsum
431 1694 581 1751 anni
620 1695 873 1753 initium
914 1695 1197 1773 imprimi
1241 1699 1496 1770 coeptus
1543 1699 1656 1764 est,
1701 1711 1777 1750 ea
1821 1709 1978 1770 quae

175 1804 292 1863 hoc
335 1784 633 1884 =tempore
675 1815 739 1863 et
779 1807 994 1884 paullo
1038 1815 1183 1863 ante
1226 1803 1306 1862 ab
1351 1804 1492 1862 aliis
1537 1806 1768 1885 scripta
1811 1813 1976 1877 sunt,

175 1937 214 1978 a
278 1937 383 1978 me
454 1917 736 1979 adhiberi
798 1937 926 1977 non
998 1919 1297 1998 potuisse.
1395 1916 1643 1977 Deinde
1699 1918 1977 1977 locorum

175 2033 686 2114 longinquitatem
756 2033 1071 2093 obstitisse
1085 2076 1103 2106 ‚
1171 2034 1502 2113 quominus
1570 2042 1634 2092 et
1687 2033 1974 2093 librario-

171 2165 310 2208 rum
353 2147 583 2207 menda
623 2148 898 2229 plurima
941 2158 1004 2208 et
1047 2147 1352 2229 quosdam
1397 2149 1696 2207 orationis
1729 2165 1966 2209 naevos

175 2262 456 2322 tollerem
471 2306 490 2335 ‚
544 2263 651 2342 qui
705 2264 774 2321 in
831 2263 1214 2342 autographo
1258 2262 1664 2323 multifariam
1700 2269 1973 2321 correcto

173 2375 357 2435 facile
414 2375 818 2451 delituerunt,
887 2380 955 2437 in
1019 2377 1222 2437 nitido
1280 2387 1491 2437 autem
1548 2378 1795 2437 chartae
1841 2395 1972 2435 eor-

174 2508 328 2570 pore
372 2500 675 2572 apparent
716 2492 822 2554 vel
863 2494 1083 2554 invito.
1168 2490 1500 2573 Utriusque
1533 2493 1773 2570 generis
1817 2510 1974 2571 quae

174 2614 318 2665 sunt
361 2608 648 2683 graviora
691 2606 977 2668 absoluto
1024 2625 1213 2688 opere
1245 2607 1690 2682 enotabuntur3
1733 2607 1971 2688 paueiS‚

174 2719 396 2800 quibus
441 2722 626 2782 celeri
669 2723 900 2783 auxilio
949 2741 1106 2804 opus
1153 2733 1276 2796 est,
1344 2724 1444 2783 hic
1498 2721 1813 2782 medebor.
1900 2719 1965 2779 P.

174 2833 278 2895 85.
320 2847 448 2896 not.
491 2836 550 2895 b.
604 2856 668 2898 v.
710 2839 768 2897 2.
829 2857 944 2918 pro
991 2838 1175 2897 Pluto
1219 2839 1333 2917 leg.
1378 2838 1556 2899 Puto.
1645 2836 1712 2897 P.
1761 2835 1863 2895 87.
1908 2853 1970 2895 v.

181 2946 278 3010 15.
321 2969 437 3031 pro
481 2950 804 3012 mendacio
849 2954 889 3011 l.
935 2939 1266 3016 mendacis.
1337 2952 1402 3011 P.
1452 2950 1592 3011 131.
1621 2969 1683 3009 v.
1723 2947 1819 3008 11.
1851 2967 1967 3029 pro

179 3060 407 3125 divinis
451 3068 516 3125 in
559 3069 872 3143 mysteriis
916 3068 956 3127 l.
1002 3067 1232 3130 divinis
1280 3066 1357 3126 de
1402 3066 1586 3126 rebus
1630 3066 1696 3123 in
1735 3072 1969 3140 myste—

179 3177 305 3236 riis·
391 3179 456 3238 P.
499 3179 639 3267 145.
677 3201 738 3243 v.
786 3180 880 3243 15.
920 3202 1035 3263 pro
1076 3183 1453 3242 alternorum
1485 3181 1524 3239 l.
1556 3188 1966 3240 aeternorum.

181 3290 244 3348 Ρ.
307 3289 443 3352 159.
500 3314 558 3356 v.
620 3294 716 3355 15.
773 3316 887 3376 pro
951 3297 1353 3358 dialectorum
1398 3296 1436 3352 1.
1484 3294 1967 3355 dialecticorum.
