2158 3848
822 216 1272 262 onpnch.
1376 256 1391 270 ,
1806 207 1938 267 639

166 355 404 413 catione
461 348 720 410 deorum
770 345 1108 408 infetorum
1166 349 1504 425 conjuncti,
1561 360 1623 409 et
1664 356 1936 416 vicissim

82 507 92 517 .
163 469 335 512 sacra
374 451 612 527 magica
653 445 981 530 καθαρμοί
1020 448 1230 508 vocati
1270 446 1500 507 fuerint
1511 449 1624 531 [Ἴ.

944 664 998 755 §.²
1084 677 1143 736 4.

326 848 446 909 His
513 850 817 928 expositis
885 847 1308 910 demonstrare
1377 851 1736 911 conabimur
1798 850 1940 910 illos

160 950 535 1033 καθαρμοὺς
589 950 695 1011 καὶ
747 948 1021 1023 τελετάς,
1054 947 1286 1029 ¹quibus&
1331 949 1507 1009 Plato
1551 953 1615 1010 in
1660 950 1941 1010 Phaedro

158 1052 534 1113 inveteratas
589 1049 860 1108 maculas
906 1049 1030 1109 elui
1073 1047 1362 1121 affirmat,
1408 1048 1490 1107 ad
1533 1068 1709 1109 sacra
1751 1051 1942 1127 Phry-

86 1138 89 1141 *
159 1153 260 1229 gia
332 1170 405 1211 ac
473 1150 991 1227 Metragyrtarum
1060 1151 1306 1225 negotia
1370 1150 1758 1228 pertinuisse.
1844 1150 1944 1209 De

157 1251 376 1309 horum
431 1250 666 1309 artibus
723 1248 978 1324 medicis
1034 1257 1246 1307 extant
1300 1246 1672 1328 Antiphanis
1726 1267 1943 1309 versus

157 1368 234 1408 ex
288 1348 668 1427 Metragyrta
722 1368 821 1430 ap.
865 1348 1087 1409 Athen.
1131 1347 1270 1407 XII.
1313 1346 1456 1408 553.
1500 1346 1568 1408 C.
1611 1351 1679 1408 in
1723 1350 1943 1429 quibus

154 1449 418 1527 Magnae
484 1448 639 1510 deae
702 1450 951 1510 camilla
1016 1448 1330 1508 inducitur
1399 1451 1532 1508 seni
1599 1451 1942 1530 paralytico

153 1548 350 1632 (quod
392 1569 580 1627 genus
622 1545 929 1630 hodieque
960 1549 1381 1627 Theurgorum
1424 1551 1944 1610 infulatorumta—

157 1650 378 1710 bernas
421 1649 736 1731 clarificat)
778 1668 1006 1712 nervos
1049 1652 1380 1710 restituens
1423 1669 1550 1710 non
1594 1652 1726 1710 sine
1759 1652 1943 1710 mira-

158 1751 296 1811 culo
338 1750 711 1811 chrismatis:

834 1872 929 1943 τῆν
964 1896 1017 1927 τε
1053 1874 1203 1927 παῖδ’
1244 1875 1534 1942 ἀλείμματα

410 1962 555 2033 παρὰ
584 1965 679 2030 τῆς
708 1965 839 2014 θεοῦ
870 1965 1136 2028 λαβοῦσαν
1167 1957 1276 2012 εἶτα
1309 1959 1430 2022 τοὺς
1463 1958 1628 2025 πόδας

408 2046 586 2100 ἐκέλευ’
627 2045 850 2118 ἀλείφειν
883 2051 1113 2116 πρῶτον,
1153 2044 1262 2099 εἶτα
1295 2045 1360 2098 τὰ
1394 2043 1603 2115 γόνατα.

412 2129 483 2194 ὧς
514 2137 715 2185 θᾶττον
750 2129 783 2200 ἥ
819 2139 940 2203 παῖς
972 2132 1016 2184 <5⁰
1055 2130 1214 2201 ἥψατ’
1251 2130 1410 2183 αὐτοῦ
1443 2136 1547 2184 τῶν
1580 2137 1754 2187 ποδῶν

411 2215 590 2287 ἔτρεψέ
619 2217 681 2284 τ’,
719 2215 1049 2286 ἀνεπήδησεν.

156 2335 266 2395 ubi
319 2332 691 2413 Papisticam
746 2332 1056 2412 quandam
1121 2332 1470 2409 Legendam
1503 2334 1766 2392 narrari
1820 2353 1944 2391 cre-

160 2434 291 2508 daS‚
334 2434 576 2513 qualem
622 2432 699 2492 de
742 2443 991 2510 aegrota
1014 2434 1253 2509 virgine
1276 2432 1599 2492 benedicto
1633 2433 1771 2490 oleo
1806 2452 1943 2511 per-

157 2543 342 2594 uncta
404 2544 619 2593 narrat
670 2533 906 2592 Auctor
962 2532 1142 2590 Vitae
1199 2532 1433 2591 Theod.
1481 2531 1766 2592 Studitae
1808 2532 1941 2591 MS.

158 2653 256 2715 ap.
299 2634 485 2695 Anat.
530 2633 608 2694 de
653 2633 899 2693 Graeco.
945 2632 1169 2712 Opinn.
1212 2652 1274 2712 p.
1324 2633 1463 2693 124.
1504 2634 1542 2712 ἡ
1586 2633 1661 2694 δέ
1695 2658 1765 2717 γε
1798 2639 1943 2703 παῖς

160 2736 292 2817 ἅμα
333 2743 408 2816 τῇ
455 2737 680 2818 ἀλοιφῇ
715 2733 887 2817 ῥᾴων
914 2733 1152 2818 γίνεται
1175 2734 1280 2796 καὶ
1305 2742 1420 2796 τοῦ
1443 2739 1714 2815 πυρετοῦ
1744 2734 1942 2795 ἀπαλ-

162 2833 458 2898 λάττεται.
537 2834 761 2894 Vetula
803 2834 913 2893 illa
955 2833 1296 2907 Elidensis,
1341 2836 1586 2913 quicum
1629 2832 1756 2891 Dio
1802 2833 1942 2892 exul

162 2934 542 3014 aliquamdiu
586 2943 1015 3007 conversatuS,
1069 2933 1475 3014 profitebatur
1519 2936 1677 3013 ἔχειν
1717 2957 1940 3014 μαντι-

162 3032 277 3112 κὴν
341 3036 408 3096 ἐκ
472 3035 737 3118 Μητρὸς
807 3038 978 3099 θεῶν
1054 3035 1431 3117 δεδομένην,
1512 3037 1797 3118 χρῆσθαι
1865 3032 1935 3096 δὲ

283 3201 376 3259 [²⁸]
414 3206 546 3262 Ψυχα
579 3206 696 3263 ωγοί
736 3216 853 3253 τινες
888 3200 1044 3261 γόητες
1083 3204 1135 3248 ἐν
1180 3203 1407 3257 Θεσσαλίᾳ
1448 3206 1705 3263 καθαρμοῖς
1742 3214 1833 3246 τισι
1862 3205 1939 3247 καὶ

161 3264 386 3319 γοητείαις
410 3259 466 3304 τὰ
496 3265 540 3306 εἴ
567 3264 660 3308 ωλα
689 3259 915 3321 ἐπάγουσι
938 3276 986 3306 τε
1016 3264 1094 3307 καὶ
1123 3258 1334 3320 ἐξάγουσι
1353 3260 1576 3304 Plutarch.
1598 3262 1773 3305 Homer.
1796 3261 1939 3305 Exer-

162 3320 255 3362 citt.
286 3318 362 3361 Fr.
392 3318 427 3362 Ι.
458 3318 558 3363 806.
586 3320 655 3365 De
681 3321 852 3364 Hecate
879 3320 976 3377 ipsa
1003 3321 1149 3364 Schol.
1179 3321 1367 3365 Theocr.
1401 3319 1458 3362 11.
1486 3319 1560 3380 Βῆ.
1592 3320 1670 3364 ἐπὶ
1697 3323 1788 3363 τῶν
1816 3326 1935 3364 καθ-

162 3374 376 3434 αρμάτων
406 3378 484 3421 καὶ
509 3375 779 3437 μιασμάτων
806 3376 833 3432 ἡ
863 3376 980 3428 θεός.
1765 3384 1767 3387 ’
