2158 3848
230 244 314 307 68
815 248 1052 294 LIBER
1093 245 1409 294 PRIMUS.

236 386 517 457 ductum,
570 388 641 441 ut
693 383 759 443 in
814 381 1101 443 omnibus
1144 380 1341 442 causis
1385 377 1766 455 ambiguum,
1807 377 1899 435 ita
1937 375 2005 434 in

235 486 348 545 hac
390 482 546 549 adeo
589 480 935 544 invalidum
979 491 1102 554 est,
1145 490 1215 540 ut
1256 479 1334 539 ab
1377 477 1819 539 Ecclesiasticis·
1860 475 2006 535 scri-

237 583 516 666 ptoribus
557 582 624 640 in
667 584 1032 642 contrariam
1074 589 1337 660 partem:
1355 578 1647 638 trahatur.
1686 574 1818 636 Hi
1843 576 2008 635 enim

238 684 538 761 mysteria
585 678 748 738 ideo·
785 697 824 739 a
865 682 1214 760 promiscuo
1256 691 1372 738 usu
1414 684 1647 737 secreta
1683 675 1879 741 fuisse
1902 673 2010 735 *af-

239 784 513 852 firmant‚
556 798 634 837 ne
676 779 992 863 turpitudo
1038 794 1254 838 eorum·
1284 784 1642 858 patesceret.

1007 989 1062 1073 ξ.
1151 989 1248 1051 ιο.

412 1175 776 1256 Priusquam
810 1175 1065 1238 ulterius
1094 1171 1576 1255 progrediamur,
1620 1172 1830 1254 omnia
1854 1187 2015 1250 quae

248 1277 536 1337 hactenus
581 1275 1068 1355 disputavimuS,
1122 1276 1190 1335 in
1233 1275 1482 1334 brevem
1526 1290 1850 1332 summam-r
1877 1287 2019 1329 con·

245 1378 534 1437 feramus.
604 1374 823 1452 Vulgo
867 1374 1168 1435 creditum
1210 1391 1523 1436 sacrorum
1562 1373 1743 1432 initia
1785 1389 1824 1430 a
1865 1369 2019 1432 viris

248 1473 614 1555 quibusdam
654 1473 1082 1553 prudentibus
1145 1473 1226 1533 ad
1258 1471 1765 1534 >conservandam
1803 1486 2020 1529 <rerum

246 1575 599 1636 divinarum
642 1574 995 1645 scientiam,
1050 1573 1434 1652 posterisque
1476 1570 1870 1641 tradendam,
1896 1648 1897 1651 Ἴ
1923 1585 2020 1627 sa-

245 1673 503 1733 lubriter
558 1671 911 1751 utiliterque
955 1673 1286 1731 constituta
1328 1690 1471 1732 esse·
1503 1672 1677 1750 quasi
1719 1666 2022 1749 quaedam

245 1773 586 1852 sapientiae
647 1770 1047 1848 receptacula.
1147 1770 1313 1829 Eam
1369 1772 1740 1850 opinionem
1759 1769 2022 1833 elevare

248 1870 451 1930 conati
507 1886 749 1940 sumus,
804 1869 1029 1943 tribus,
1044 1902 1061 1909 =-
1082 1877 1154 1928 ut
1193 1869 1372 1932 nobis
1417 1869 1713 1942 videtu-r,-
1735 1867 2025 1946 gravissi-

245 1970 364 2034 mis
420 1967 816 2046 argumentis3
873 1986 996 2026 uno
1010 2011 1029 2040 ‚
1086 1967 1253 2047 quod
1302 1970 1541 2031 nullum
1596 1968 1891 2031 idoneum
1932 1974 2022 2025 te-

247 2077 406 2139 stem
446 2066 689 2138 habeat,
733 2066 949 2139 altero,
992 2066 1159 2145 quod
1192 2086 1231 2125 a
1264 2067 1704 2129 consuetudine
1738 2075 2024 2130 veterum

248 2152 605 2237 abhorreat,
658 2166 839 2224 tertio
854 2192 898 2237 ,·
927 2164 1096 2244 quod
1150 2185 1289 2226 cum
1342 2166 1606 2245 publicis
1648 2167 2024 2230 Graecorum

246 2264 642 2343 religionibus
689 2274 964 2324 constare
1006 2283 1131 2324 non
1161 2267 1398 2345 ⁴possit3
1443 2266 2023 2346 quumquepraevi-

248 2364 530 2425 deremus
586 2365 718 2424 fore
731 2407 749 2437 ‚
808 2366 914 2444 qui
970 2367 1331 2424 esotericam
1375 2364 1718 2426 doctrinam
1761 2385 2024 2446 perpau-

249 2466 333 2524 cis
375 2472 589 2522 notam
634 2472 974 2535 excusaret,
1017 2465 1180 2523 hunc
1220 2474 1638 2544 praetextum,
1680 2474 1751 2526 ut
1793 2485 1870 2527 ex
1903 2464 2024 2528 'va-

247 2580 328 2622 no
372 2563 660 2622 haustum
677 2606 696 2635 ‚
754 2563 1074 2638 rejecimus
1118 2564 1419 2642 simulque
1463 2564 1896 2643 ostendimus,
1917 2585 2024 2627 ne-

249 2681 367 2741 que
417 2663 798 2724 reverentiae
855 2659 1120 2719 officium
1135 2703 1152 2732 ‚
1218 2679 1413 2740 neque
1489 2662 1718 2724 silentii
1781 2653 2024 2744 religio-

248 2772 390 2822 nem
404 2805 422 2834 ,
466 2779 586 2841 qua
625 2761 1079 2821 Eleusiniorum
1122 2761 1384 2819 cultores
1425 2779 1492 2820 se
1535 2761 1859 2822 obstrictos
1907 2783 2025 2844 pu·-

249 2869 477 2936 tarunt,
522 2860 833 2921 doctrinae
869 2859 1171 2937 ejusmodi
1212 2859 1396 2920 fidem
1429 2856 1658 2937 afferre.
1678 2941 1681 2946 y
1703 2862 1828 2923 Sed
1856 2862 2023 2944 quod

247 2962 449 3039 primo
493 2955 630 3022 loco
674 2959 970 3033 diximuS‚
1012 2960 1213 3020 nullos
1272 2968 1476 3020 extare
1529 2970 1748 3035 testes,
1798 2961 1869 3022 id
1924 2967 2021 3024 ac-‘

252 3141 352 3184 532.
382 3143 433 3185 C.
471 3142 536 3201 μὴ
577 3146 873 3205 σεμνοτέρους
909 3142 1244 3202 ἀποφαίνωμεν
1272 3140 1376 3193 τοὺς
1405 3146 1762 3203 προςκυνοῦντας
1790 3148 1882 3195 τοῖς
1911 3145 2017 3189 δαι-

251 3204 450 3257 μονίοις,
490 3203 536 3245 οἳ
573 3205 742 3245 θᾶττον
782 3199 839 3245 ἄν
875 3203 956 3245 τοῦ
995 3203 1184 3259 αἵματος
1223 3199 1252 3255 ἢ
1293 3198 1445 3259 λόγων
1483 3202 1606 3246 ἐστὶν
1635 3195 1700 3246 ὧν
1726 3203 2017 3261 μεταδιδοῖεν

250 3263 342 3307 τοῖς
382 3256 606 3317 ἀμυήτοις.
647 3259 1027 3317 Paroemiogr'aphi
1065 3263 1109 3302 et
1147 3260 1303 3302 Suidas
1344 3275 1378 3303 s,
1421 3257 1654 3318 Στεγοινόν
1694 3288 1753 3295 -
1790 3265 2015 3323 παροιμία

248 3312 429 3374 Βάκχης
453 3314 636 3376 τρόπον,
665 3318 742 3364 ἐπὶ
770 3322 860 3363 τῶν
887 3319 1114 3377 στεγανοῢν
1142 3320 1220 3361 καὶ
1248 3319 1501 3372 σιωπηλῶν·
1531 3320 1581 3361 αἱ
1606 3317 1697 3380 γὰρ
1721 3316 1900 3377 Βάκχαι
1914 3321 2012 3364 ἐσί-

248 3389 357 3429 ytur-
