2176 3886
714 214 1349 281 rssffinssuslNlA.
1867 203 1951 263 29

176 352 357 412 nimis
398 336 923 419 liberaliterfacit
963 343 1236 419 Herodi,
1291 346 1396 424 qui
1438 361 1626 422 genus
1671 346 1750 406 ab
1783 346 1949 409 Aea-

136 474 140 477 *
177 469 246 510 co
290 447 572 521 ducebat,
603 444 1076 527 Hierophantae
1122 444 1387 508 officium
1421 445 1802 524 impertiens,
1845 446 1952 509 Ni-

168 549 404 614 mirum
446 549 501 606 is
545 545 819 623 vulgaris
864 565 1034 606 error
1076 554 1204 619 est,
1245 546 1363 605 hoc
1402 544 1691 604 initiandi
1732 559 1953 607 munus

171 650 481 708 neminem
533 654 778 727 praeter
817 645 1311 727 Hierophantam
1357 645 1610 719 obiisse3
1651 643 1820 725 quod
1859 665 1954 704 re-

163 750 404 809 fellitur
446 747 720 807 Platonis
762 748 1117 806 testimonio
1146 748 1595 824 mystagogiam
1628 747 1790 805 inter
1809 745 1955 808 vul-

173 851 343 927 garia
395 847 836 927 hospitalitatis
890 845 1088 907 officia
1139 849 1534 907 numerantis·
1579 846 1779 927 Epist.
1822 845 1955 908 VII.

166 948 322 1009 333.
383 947 616 1011 κατιών
651 948 860 1011 οἴκαδε
897 947 1070 1011 Δίων
1109 947 1360 1030 ἀδελφώ
1396 944 1512 1009 δύο
1554 944 1956 1031 προςλαμβοί-

178 1075 270 1113 νει
297 1047 672 1128 Ἀθήνηθεν,
708 1050 823 1111 οὐκ
847 1052 912 1110 ἐκ
937 1046 1309 1129 φιλοσοφίας
1327 1044 1616 1132 γεγονότε
1642 1046 1803 1129 φίλω
1828 1048 1954 1125 ἅλλῗ

167 1153 246 1212 ἐκ
288 1158 396 1228 τῆς
441 1145 911 1231 περιτρεχούσης
961 1146 1261 1230 ἑταιρείας
1303 1144 1532 1227 ταύτης
1561 1147 1639 1227 [g]
1684 1155 1794 1227 τῆς
1827 1155 1956 1212 τῶν

176 1249 479 1311 πλείστων
518 1247 739 1330 φίλων,
770 1248 864 1327 ,ἢν
901 1251 967 1310 ἐκ
1001 1255 1114 1310 τοῦ
1150 1247 1405 1323 ξενίζειν
1427 1272 1492 1310 τε
1517 1248 1624 1310 καὶ
1644 1253 1828 1331 μυεῖν
1854 1247 1959 1322 καὶ

164 1346 530 1411 ’ἐποπτεύειν
578 1345 1142 1434 πραγματεύονται.
1229 1347 1476 1409 Horum
1511 1349 1831 1430 hospitum
1870 1348 1960 1408 al-

160 1458 379 1508 terum
430 1447 813 1529 eundemque
836 1449 1071 1508 <Dionis
1118 1449 1575 1510 interfectorem
1615 1450 1960 1527 mystagogi

179 1550 361 1609 titulo
388 1559 566 1609 ornat
587 1549 948 1610 Plutarchus
974 1549 1046 1609 V.
1090 1549 1276 1608 Dion.
1307 1571 1354 1610 c.
1382 1550 1539 1610 LVI.
1567 1551 1710 1613 322.
1736 1554 1959 1634 ἔσφατ-

177 1675 243 1713 τε
285 1651 399 1713 τὸν
442 1649 688 1731 μύστην
724 1653 913 1729 αὐτῆς
956 1635 1415 1731 (Proserpinae)
1456 1653 1487 1714 ὅ
1524 1649 1958 1738 μυσταγωγός,

178 1748 344 1830 quod
391 1768 618 1813 nomen
665 1748 1000 1809 delendum
1052 1760 1258 1809 censet
1293 1751 1581 1810 Reiskius
1629 1759 1962 1829 propterea

172 1848 342 1929 quod
374 1850 481 1907 ille
519 1846 838 1929 Callippus
880 1852 1015 1912 sive
1054 1848 1409 1910 Callicrates
1440 1851 1539 1930 [gg]
1579 1849 1829 1907 omnino
1863 1867 1960 1909 sa-

176 1949 390 2010 cerdos
426 1969 554 2009 non
602 1949 804 2008 fuerit.
862 1948 986 2008 Sed
1035 1952 1382 2029 mystagogi
1433 1949 1792 2010 dicebantur
1828 1951 1962 2030 qui-

175 2070 412 2132 cunque
437 2050 908 2110 Atheniensium
930 2051 1242 2131 hospitem
1269 2051 1349 2112 ad
1376 2052 1676 2128 mysteria
1699 2049 1962 2112 visenda

171 2151 648 2226 introducerent,
692 2171 845 2233 quos
879 2151 1191 2212 interdum
1230 2153 1420 2212 etiam
1454 2150 1696 2234 μύστας
1719 2162 1960 2214 vocant.

174 2251 556 2328 Hesychius:
600 2251 870 2333 Μύστης
906 2254 938 2315 5
961 2250 1304 2338 ,εἰςηγητής
1371 2251 1624 2324 Suidas:
1671 2252 1703 2313 5
1737 2253 1818 2316 τοὶ
1842 2278 1959 2336 μυ-

179 2350 397 2435 στήρια
425 2352 762 2417 διδάσκων.
810 2355 1109 2413 Zonaras:
1155 2354 1187 2417 5
1213 2359 1342 2415 τῶν
1364 2352 1730 2436 μυστηρίων
1754 2356 1960 2439 ἐξηγη-

174 2451 298 2532 τής·
337 2471 457 2532 quo
495 2472 571 2512 ex
605 2471 720 2513 usu
743 2453 981 2536 μύστης
1008 2453 1233 2512 dicitur
1261 2452 1499 2512 Himer.
1527 2452 1631 2512 Or.
1658 2451 1791 2512 VH.
1819 2450 1958 2513 512.

178 2563 239 2612 et
283 2554 349 2612 in
373 2554 582 2633 Epigr.
602 2553 837 2617 Ἀὸεσπ.
864 2553 1123 2613 DXVII.
1147 2574 1207 2634 p.
1237 2553 1380 2613 266.
1415 2554 1497 2634 ἢν
1530 2555 1604 2618 δέ
1634 2574 1699 2618 σε
1722 2552 1958 2638 μύστης

173 2651 496 2739 εἲςαγάγῃ,
538 2652 606 2712 id
649 2663 761 2728 est,
807 2652 1023 2714 doctus
1065 2656 1386 2735 interpres.
1431 2654 1713 2735 Plerique
1753 2663 1961 2715 tamen

172 2763 504 2834 utrumque
537 2773 763 2814 nomen
795 2754 1178 2833 distinguunt
1208 2765 1279 2814 ut
1307 2756 1748 2838 Moschopulus
1784 2775 1959 2837 prae-

170 2855 327 2933 cipit
367 2856 436 2913 in
480 2853 696 2915 Sched.
740 2875 825 2936 p:
853 2855 989 2916 140.
1033 2853 1271 2939 μύστης
1305 2857 1337 2919 5
1363 2857 1674 2940 μαθητής,
1717 2878 1959 2939 μυστα-

178 2955 379 3040 γωγὸς
421 2954 454 3016 5
501 2953 876 3027 διδάσκαλος
905 2953 1001 3037 [¹¹].
1047 2957 1118 3016 cf.
1167 2954 1379 3036 Cyrill.
1424 2958 1570 3017 Lex.
1614 2960 1681 3017 in
1724 2956 1954 3017 Aretin.

298 3109 359 3167 [ε]
405 3110 620 3154 Maximus
658 3112 770 3168 Tyr.
800 3112 978 3156 XXXV.
1019 3111 1060 3155 4.
1104 3112 1201 3155 171.
1239 3112 1537 3172 ἐὐδαιμονίας
1575 3111 1763 3173 ἐραστὴς
1792 3112 1845 3158 οὗ
1874 3128 1956 3156 τα-

183 3171 336 3223 πεινῆς
361 3167 428 3227 μὰ
459 3173 551 3213 Δία
582 3170 687 3215 οὐδὲ
718 3174 794 3227 τῆς
821 3167 1181 3233 περιτρεχούσης.

301 3239 391 3298 [88]
424 3244 604 3298 Aristot.
632 3245 762 3287 Rhet.
791 3244 827 3286 Ι.
859 3245 927 3289 12.
963 3244 1059 3288 137.
1090 3245 1277 3301 Interpr.
1308 3243 1363 3286 ad
1407 3243 1579 3288 Cornel.
1610 3245 1736 3290 Dion.
1768 3260 1804 3287 c.
1837 3243 1956 3286 VIII.

303 3308 363 3368 [¹²]
397 3314 714 3374 Μυσταγωγὸς
750 3318 827 3371 τῆς
865 3315 1131 3376 ἀφθέγκτου
1172 3320 1434 3375 οἰκονομίας
1471 3316 1682 3374 Didymus
1712 3319 1765 3361 de
1795 3317 1955 3361 Trinit.

186 3370 241 3412 II.
273 3371 312 3413 8.
343 3370 442 3414 222.
471 3379 790 3432 μυσταγωγεῖν
818 3374 1030 3419 docere
1061 3376 1252 3419 African.
1285 3376 1403 3420 Cest.
1435 3390 1476 3433 p.
1508 3377 1606 3421 311.
