2158 3848
215 215 342 274 370
751 225 988 270 LIBER
1031 227 1466 286 SECUNDUS.

214 362 322 421 ille
369 360 602 441 Orphei
647 360 922 441 aequalis
969 358 1211 430 omnia,
1269 376 1425 436 quae
1469 377 1506 418 a
1549 357 2008 436 Nysaeensibus

214 458 587 541 Aethiopiae
632 461 710 521 de
755 459 975 521 Bacchi
1018 456 1201 517 rebus
1245 460 1430 535 gestis
1489 469 1843 540 acceperat,
1900 478 2012 521 ex-

212 562 425 642 posuit
477 564 790 643 ἀρχαϊκῶς
844 567 927 638 τῇ
974 583 1039 620 τε
1091 558 1397 641 ’διαλέκτῳ
1451 561 1556 623 καὶ
1617 567 1748 630 τοῖς
1803 560 2011 646 γράμ-

212 683 372 745 μασι
416 659 808 742 χρησάμενος
863 655 1053 717 Diod.
1097 657 1203 716 III.
1247 658 1348 718 66.
1436 660 1796 739 Eademque
1855 659 2011 720 diffi-

216 762 443 821 cultate
486 760 821 839 implicata
863 764 1008 816 sunt
1061 767 1306 818 caetera
1348 759 1544 837 hujus·
1588 763 1861 820 nominis
1908 781 2008 820 ex-

216 859 451 939 empla:
519 858 879 943 Γράμματα
938 856 1225 942 Φρύγια,
1286 858 1452 918 unde
1480 895 1482 897 >
1511 860 1873 921 Plutarchus
1933 861 2011 921 de

213 959 293 1018 Is.
352 979 400 1018 c.
445 959 546 1019 29.
603 979 664 1039 p.
715 959 854 1019 140.
923 957 992 1018 T.
1037 957 1146 1019 IX.
1208 961 1578 1022 sententiam
1639 962 2009 1038 singularem

216 1058 294 1117 de
339 1059 644 1140 Typhone
689 1059 898 1133 affert3
946 1060 977 1121 ὅ
1023 1059 1170 1129 τοὺς
1216 1059 1539 1144 Φρυγίους
1584 1058 1808 1145 λόγους
1850 1061 2008 1146 γρά-

215 1179 344 1243 ψας
388 1162 455 1219 ἰῐι
501 1159 703 1220 Schol.
746 1159 953 1240 Apoll.
999 1161 1046 1219 I.
1093 1157 1236 1219 558.
1281 1162 1388 1239 qui
1423 1159 1751 1220 Thetidem
1779 1153 2013 1246 ,Chiro-

214 1261 312 1319 nis
369 1260 562 1320 filiam
613 1261 805 1321 fuisse
862 1260 1049 1333 dixit,
1111 1262 1399 1340 proxime
1455 1260 1616 1319 afuit
1675 1260 1754 1320 ab
1810 1260 2014 1322 Euhe-

214 1362 371 1419 meri
428 1363 699 1435 ratione‚
768 1381 952 1442 quam
1010 1362 1197 1419 etiam
1251 1360 1564 1437 Diagorae
1618 1361 1926 1439 placuisse
1981 1384 2014 1421 e

216 1459 464 1519 Tatiani
509 1459 612 1520 Or.
669 1481 731 1542 p.
777 1461 878 1520 96.
923 1465 1011 1543 (p.
1073 1460 1211 1519 164.
1255 1460 1358 1541 A.)
1418 1461 1620 1537 colligi
1677 1480 1863 1541 posse
1918 1465 2012 1523 vi—

215 1560 427 1621 detur:
492 1567 634 1631 Τοῖς
680 1562 988 1647 Φρυγίοις
1032 1562 1230 1623 αὐτοῦ
1279 1559 1499 1645 λόγοις·
1531 1561 2014 1646 ἐντυγχάνοντες

215 1662 385 1744 ἡμᾶς
427 1661 850 1745 μεμισήκατε,”
894 1663 1170 1731 Λέοντος
1211 1661 1568 1742 κεκτημένοι
1610 1661 1690 1723 τὰ
1732 1662 2013 1746 ὑπομνή-

215 1788 390 1845 ματα
432 1764 580 1832 τοὺς
624 1764 730 1846 ὑφ’
775 1763 959 1843 ἡμῶν
1003 1763 1285 1848 ἐλέγχους
1327 1761 1786 1844 ὃυςχεραίνετε,
1833 1772 1897 1823 et
1939 1784 2015 1824 ex

214 1861 444 1923 Arnob.
490 1862 594 1921 IV.
632 1863 732 1922 29.
778 1862 1199 1922 Possumus
1233 1881 1511 1922 omnes
1550 1864 1782 1938 ist-os,
1827 1883 2014 1945 quos

214 1961 745 2025 introducitis
802 1970 1035 2042 atque
1101 1962 1561 2042 appellatis
1595 1963 1817 2038 deoS,
1878 1965 2014 2025 ho-

216 2065 467 2123 mines
510 2058 764 2123 fuisse
807 2062 1353 2122 demonstrare
1405 2063 1535 2125 vel
1578 2050 2012 2125 Euhemero

216 2163 618 2244 replicato
675 2163 806 2225 vel
858 2163 1178 2222 Pellaeo
1235 2163 1529 2223 Leonte
1592 2165 1720 2225 vel
1776 2163 2012 2242 Cyre-

214 2265 441 2322 nensi
486 2263 899 2323 Theodoro
957 2264 1084 2324 'vel
1127 2262 1494 2345 Hippone
1539 2283 1623 2324 ac
1664 2264 2012 2343 Diagora

217 2363 608 2442 Meliis[‘³],
664 2363 884 2444 quibus
928 2367 1206 2445 utrisque
1250 2365 1403 2423 locis
1457 2366 1619 2424 inter
1662 2384 1729 2425 se
1773 2366 2011 2426 collatis

215 2463 555 2541 intelligere
597 2465 755 2523 mihi
797 2465 1049 2539 videor,
1114 2466 1454 2544 Diagoram
1499 2468 1566 2526 in
1609 2465 2011 2526 Sermonibus

218 2633 297 2661 nec
339 2633 366 2661 a
407 2618 652 2675 Telegonia
692 2618 1003 2675 Eugammonis
1044 2621 1218 2662 diversa
1247 2621 1383 2663 fuisse
1412 2622 1608 2674 videtur,
1642 2623 1716 2678 qui
1747 2632 1876 2678 quum
1907 2620 2004 2665 Mu-

218 2678 311 2720 saei
357 2677 511 2721 librum
561 2680 668 2737 περὶ
724 2680 1035 2737 ΘεσπρωτῶνΔ
1062 2679 1315 2735 compilasse
1370 2679 1542 2722 dicatur
1595 2681 1674 2735 (v.
1719 2682 1914 2723 Passow.
1953 2682 2009 2723 ad

217 2737 333 2792 Mus.
375 2751 418 2792 p.
449 2735 544 2792 56.)
587 2736 772 2793 suspicio
816 2739 980 2790 oritur,
1022 2752 1115 2786 eum
1157 2752 1268 2794 quae
1310 2738 1366 2780 ad
1398 2739 1683 2793 antiquiorem
1714 2739 2006 2796 Thesprotiae

217 2795 442 2838 historiam
483 2795 775 2852 pertinerent,
819 2810 847 2837 a
886 2796 1069 2838 Musaeo
1101 2799 1329 2850 sumsisse,
1378 2797 1531 2853 hisque
1562 2798 1799 2840 attexuisse
1828 2813 1899 2840 res
1930 2810 2007 2855 ge-

218 2858 309 2896 stas
338 2853 482 2896 Ulixis
511 2857 556 2896 et
584 2853 783 2896 filiorum.

340 2912 401 2969 [θ]
436 2911 692 2955 Theodorus
721 2917 767 2955 et
794 2911 942 2970 Hippo
969 2913 1108 2956 minus
1138 2913 1222 2955 huc
1252 2913 1526 2967 conveniunt,
1558 2914 1632 2956 sed
1662 2914 1899 2970 Diagoram
1929 2929 2008 2972 po—

216 2969 392 3029 pulares
443 2970 677 3028 religiones
727 2971 1004 3028 impugnasse
1056 2973 1276 3015 indubium
1327 2977 1420 3026 est,
1481 2973 1565 3015 etsi
1603 2980 1802 3016 auctores
1844 2975 2007 3016 discre-

215 3035 336 3085 pant.
366 3030 670 3087 Athenagoras
699 3029 808 3086 Leg.
837 3030 915 3074 IV.
944 3030 1044 3073 282.
1075 3028 1285 3090 Διαγόρᾳ
1316 3029 1495 3080 εἰκότως
1516 3030 1736 3088 ἀθεότητα
1754 3029 2006 3078 ἐπεκάλουν

212 3087 448 3142 Ἀθηναῖοι
479 3088 534 3133 οὗ
560 3086 708 3148 μόνον
735 3088 816 3134 τὸν
838 3087 1040 3148 Ὀρφέως
1067 3093 1130 3139 εἰς
1156 3094 1302 3150 μέσον
1329 3094 1499 3135 τιθέντι
1528 3087 1669 3149 λόγον
1700 3090 1812 3135 ἀλλὰ
1843 3094 1920 3135 καὶ
1950 3091 2004 3135 τὰ

218 3150 456 3206 Καβείρων
487 3146 728 3206 δημεύοντι
753 3146 994 3209 μυστήρια·
1038 3150 1109 3191 cui
1147 3150 1185 3192 si
1225 3149 1334 3192 fides
1363 3149 1589 3202 habenda,
1629 3150 1815 3206 intelligi
1845 3156 2025 3208 potest‚'

219 3219 296 3247 cur
328 3202 526 3266 Φρύγιοι
564 3204 695 3266 λόγοι
723 3207 957 3267 inscriptus
985 3209 1119 3251 fuerit
1146 3208 1284 3262 liber,
1318 3223 1401 3266 quo
1432 3207 1492 3251 dii
1522 3208 1730 3264 Orphici,
1763 3209 1930 3264 Cybele
1959 3213 2005 3250 et

219 3263 444 3318 Bacchus,
486 3266 831 3311 traducerentur.
903 3266 1033 3320 Quod
1062 3266 1222 3322 Lysias
1252 3268 1358 3311 dicit
1387 3267 1613 3323 Diagoran
1641 3270 1749 3328 περὶ
1778 3266 1833 3311 τὰ
1863 3262 2001 3310 ἄλλο’-

217 3321 449 3424 τριαιὶερῗ
479 3326 557 3367 καὶ
586 3323 743 3383 ἑορτὰς
770 3330 939 3382 σέβειν,
986 3326 1178 3370 nonnihil
1207 3326 1411 3372 momenti
1439 3328 1632 3381 faceret,
1663 3328 1700 3369 si
1730 3326 1875 3384 patria
1907 3325 2000 3380 ejus

219 3395 321 3423 cons
343 3395 417 3425 are
439 3411 474 3425 ..
