2158 3848
269 859 570 939 PARS
642 861 1023 939 PRIMA
1054 866 1059 870 ’
1086 859 1785 939 GENERALIS.

882 1201 1070 1289 CAP.
1139 1231 1186 1289 Ι.

472 1358 574 1417 De
626 1356 871 1440 Orphei
908 1357 1155 1418 amtibus
1199 1368 1267 1418 et
1303 1357 1589 1419 mentis,

134 1491 483 1595 ordiendi
527 1532 733 1612 operis
775 1533 1023 1592 initium
1067 1550 1309 1592 sumam
1351 1549 1479 1595 non
1521 1530 1688 1590 unde
1731 1531 1918 1608 vulgo

130 1632 586 1709 prooemiantes
631 1634 940 1713 auspicari
982 1633 1211 1706 solent,
1255 1631 1366 1691 sed
1410 1631 1487 1691 ab
1527 1651 1600 1690 eo
1628 1633 1798 1704 loco,
1844 1650 1920 1690 ex

133 1750 273 1810 quo,
316 1731 490 1791 velut
531 1731 739 1812 aliqua
781 1751 868 1792 ex
910 1734 1192 1813 specula,
1237 1734 1303 1791 in
1347 1742 1544 1803 totam
1579 1733 1916 1809 regionem,

132 1850 319 1910 quam
347 1833 670 1894 emensuri
725 1851 936 1892 sumus
952 1876 971 1906 ,
1024 1841 1390 1913 prospectus
1444 1842 1673 1912 pateat.
1757 1831 1918 1891 Nam

132 1948 287 2009 quae
344 1929 422 1989 de
479 1930 712 2012 Orphei
771 1934 1006 2012 patria,
1072 1952 1320 2009 genere,
1379 1934 1514 1994 vita
1572 1942 1916 2005 narrantur,

124 2048 386 2110 paterga
428 2042 602 2106 sunt,
664 2032 1005 2113 meliusque
1056 2034 1124 2091 in
1179 2035 1473 2107 transitU,
1535 2033 1590 2092 si
1634 2033 1771 2112 quis
1815 2053 1918 2092 me

123 2129 296 2190 locus
329 2130 738 2206 admonuerit,
781 2133 1235 2207 tractabuntur3
1280 2134 1514 2192 artibus
1543 2152 1716 2206 vero,
1762 2152 1915 2213 quas

130 2234 188 2290 ei
225 2233 558 2312 antiquitas
585 2231 838 2306 affinxit,
883 2234 1318 2313 institutisque*
1349 2244 1410 2293 et
1451 2235 1740 2307 inventiS,
1785 2236 1912 2314 qui-

125 2331 244 2391 bus
287 2331 600 2406 inclaruit,
644 2333 845 2393 solum
889 2334 1064 2413 quasi
1109 2343 1170 2392 et
1199 2333 1678 2394 fundamentum
1722 2337 1914 2395 totius

126 2431 379 2491 fabulae
435 2433 795 2493 continetur.
894 2434 1054 2494 Sunt
1107 2445 1344 2508 autem,
1411 2426 1567 2516 quae
1622 2445 1732 2495 aut
1785 2437 1913 2517 pri-

127 2550 266 2591 mus
308 2533 619 2594 invenisse
661 2543 770 2593 aut
810 2553 960 2614 prae
1021 2537 1238 2595 ceteris
1284 2534 1623 2596 excoluisse
1669 2535 1910 2610 dicitur,

124 2631 303 2692 haec:

292 2733 339 2792 Ι.
423 2733 693 2794 Mettum
733 2734 1067 2795 heroicum.
1153 2737 1468 2816 Longinus
1516 2738 1758 2815 Fragm.
1804 2738 1908 2797 III.

130 2833 215 2910 (p.
261 2831 399 2893 141.
441 2835 510 2893 in
549 2833 890 2914 Hephaest.
937 2835 1160 2918 Gaisf.)
1215 2839 1311 2901 ὅτι
1355 2837 1424 2900 δὲ
1479 2846 1664 2901 τοῦτο
1711 2839 1908 2909 οὕτως
1982 2916 1985 2919 v
2046 2912 2052 2919 ἢ

134 2931 278 3009 ἔχει,
319 2933 715 3022 παράδειγμα
755 2934 1115 3017 τεθήσεται,
1173 2940 1207 3002 ὃ
1251 2937 1412 3007 τινὲς
1454 2938 1572 3019 μὲν
1609 2939 1905 3021 Ὀρφέως,

92 3029 290 3101 ’τινὲς
341 3033 409 3097 δὲ
461 3044 569 3115 τῆς
614 3036 874 3108 Πυθίας
927 3036 1527 3122 παραλαμβάνουσι·
1597 3038 1736 3121 περὶ
1777 3039 1901 3123 γὰρ

135 3138 263 3193 τῶν
301 3134 460 3198 ἐπῶν
503 3137 699 3223 λέγων
740 3136 779 3217 ἢ
825 3139 1087 3223 λέγουσα

259 3240 475 3313 ’Όρθιον
509 3246 745 3319 ἓξαμερὲς
781 3248 1001 3322 τετόρων
1034 3255 1117 3305 καὶ
1156 3252 1312 3305 εἴκοσι
1346 3251 1561 3322 μέτρων.

132 3361 313 3422 quem
356 3365 600 3411 versum
644 3352 747 3432 qui
791 3351 1048 3429 Pythiae
1094 3348 1464 3424 tribuerunt,
1510 3372 1896 3416 communem
