2158 3848
850 215 1304 258 oRl‘ch-A.
1845 206 1979 267 677

195 353 295 411 91.
340 348 463 409 Cur
504 348 710 410 Lindii
752 346 1004 408 Herculi
1036 346 1210 407 ¹bove
1251 364 1382 406 rem
1411 344 1709 407 divinam
1751 350 1996 412 facien--

197 463 288 509 tes
330 431 751 509 victimarium
796 445 1089 506 detestati
1130 445 1315 507 sunt?
1357 444 1499 506 Non
1537 454 1697 505 certe
1722 453 1977 530 propter

194 549 658 609 Thiodamantis
731 549 1148 608 execrationes
1163 594 1181 626 ‚
1265 563 1417 627 quas
1483 545 1577 606 illi
1647 553 1978 609 commenti

189 658 334 708 sunt
385 647 669 708 Philostr.
717 649 929 708 Iconii.
983 631 1218 708 1124.
1273 644 1416 706 850.
1472 646 1546 706 cf.
1602 645 1751 707 Adr.
1806 646 1978 708 Junii

163 747 521 809 ‘Animadw
589 767 652 828 p.
718 738 861 810 214.
933 746 1058 808 sed÷
1099 765 1178 806 ne
1231 746 1458 809 bovem
1515 757 1822 810 aratorem
1877 767 1977 808 cu-

186 846 334 927 pide
374 846 829 928 libidinoseque
869 849 1210 908 interficere
1252 846 1628 908 viderentur.
1695 847 1977 929 Apparet

187 948 350 1006 enim
365 990 383 1020 ‚
427 956 671 1009 veteres
685 992 703 1021 ‚
749 967 936 1028 quum
978 966 1110 1008 rem
1153 948 1387 1007 licitam
1430 945 1680 1025 quidem
1702 947 1847 1026 sed*
1875 940 1978 1007 ne-

185 1049 516 1107 cessariam
581 1047 778 1125 magis
845 1066 1031 1127 quam
1096 1046 1218 1107 sibi
1280 1045 1621 1124 jucundam
1687 1047 1977 1122 facerent,

185 1148 392 1206 varias
446 1146 734 1225 ambages
794 1147 1079 1206 nexuisse
1132 1146 1318 1205 simul
1374 1144 1633 1204 ludendi
1689 1164 1873 1205 causa
1915 1154 1980 1205 et

157 1245 267 1304 ·ad
310 1254 554 1326 tempus
599 1245 1064 1319 traducendum,
1109 1245 1294 1305 simul
1336 1255 1408 1304 ut
1448 1245 1683 1305 factum
1728 1264 1980 1306 excusa-

184 1354 322 1404 rent
338 1341 433 1427 [‘¹].
533 1345 736 1426 Atque
779 1345 948 1430 haud
991 1346 1137 1405 scio
1164 1364 1244 1406 an
1287 1344 1453 1425 quod
1493 1346 1732 1406 Romae
1777 1346 1836 1405 d.
1873 1345 1976 1405 VI.

185 1441 312 1504 Cal.
370 1443 505 1504 Jan.
562 1445 961 1508 observatum
1020 1456 1143 1520 εει,
1200 1455 1272 1504 ut
1315 1465 1433 1508 rex
1464 1463 1798 1506 vsacrorum
1841 1466 1978 1526 per-

184 1554 320 1604 acto
388 1546 686 1605 sacrificio
743 1546 1031 1626 protinus
1086 1566 1121 1604 e
1179 1548 1430 1605 comitio
1488 1546 1833 1623 aufugeret,
1896 1545 1978 1606 ad

185 1643 445 1705 eandem
500 1645 810 1725 pecudum
865 1643 1386 1704 immolandarum
1439 1647 1799 1723 religionem
1842 1647 1977 1707 sive

183 1746 393 1824 potius
435 1745 749 1823 religionis
793 1745 1253 1805 simulationem
1287 1745 1503 1804 referri
1527 1745 1775 1820 debeat3
1822 1764 1977 1825 quae

182 1847 238 1904 si
282 1846 417 1924 quis
460 1846 825 1925 interroget,
867 1863 978 1904 >cur
1019 1863 1145 1930 non
1190 1845 1475 1905 omnibus
1521 1845 1803 1905 adhibita
1842 1845 1978 1904 fue-

182 1946 297 2016 rit,
352 1954 461 2004 aut
514 1945 656 2024 plus
718 1946 959 2026 quaerit
1012 1962 1197 2025 quam
1241 1947 1384 2006 sciri
1427 1954 1667 2026 potest,
1712 1954 1821 2006 aut
1861 1945 1976 2004 mi-

183 2062 300 2104 nus
346 2063 533 2124 quam
574 2047 981 2126 responsione
1026 2044 1299 2125 dignum.

352 2143 500 2204 Alia
563 2147 801 2225 species
866 2144 1091 2204 ludicri
1146 2147 1484 2227 eademque
1537 2148 1818 2228 pluribus
1877 2167 1975 2208 so-

182 2243 490 2304 lemnibus
534 2246 879 2312 ,eommunis
922 2245 1044 2304 fuit
1085 2246 1400 2324 indagatio
1435 2247 1841 2325 fugitivorum
1870 2249 1974 2310 vel

181 2353 520 2425 raptorum.
604 2343 830 2403 Festus
898 2363 975 2404 3.-
1016 2344 1314 2405 Oscillum
1367 2367 1429 2427 p.
1490 2346 1772 2408 315⁸.··r...c
1788 2367 1975 2408 ausa

183 2445 351 2522 ejus
420 2443 897 2520 jactationis
933 2480 939 2495 2
972 2445 1342 2526 proditur
1414 2446 1745 2515 Latinus
1809 2467 1974 2522 rex,

182 2541 389 2623 quod
454 2543 791 2622 Proelio
832 2543 1218 2605 adversus
1272 2545 1740 2606 Mecentium
1797 2566 1974 2607 nun-

184 2662 403 2723 quam
446 2646 947 2725 apparuerit,
1000 2645 1560 2726 judicatusque
1605 2649 1716 2706 sit
1758 2644 1975 2728 Jupi-

185 2753 302 2803 ter
343 2743 700 2804 Latiaris
753 2744 1029 2806 factus.
1128 2748 1409 2826 Itaque
1450 2765 1589 2826 per
1629 2765 1759 2806 sex
1805 2746 1973 2807 dies

277 2896 369 2956 [d]
401 2868 625 2943 Plutarch.
654 2894 816 2958 Symp.
853 2877 1052 2944 v111.8.
1093 2898 1312 2963 πάρεστιν
1342 2903 1393 2945 ἔκ
1422 2915 1468 2943 τε
1498 2898 1648 2959 λόγων
1677 2904 1754 2946 καὶ
1782 2896 1875 2948 τῶν
1900 2896 1970 2947 ἱε-

186 2958 282 3014 ρῶν
319 2957 413 3008 τοῖς
451 2958 664 3006 παλαιαῖς
701 2957 1024 3016 choicum-fais·
1062 2959 1116 3004 οὐ
1154 2958 1305 3019 μόνον
1342 2957 1519 3006 ἐδωδὴν
1559 2959 1686 3003 &ua
1716 2963 1794 3004 κα),
1822 2958 1972 3020 φόνον

186 3011 299 3064 ζώου
337 3014 402 3073 μὴ
443 3013 723 3072 βλάπτοντος
743 3018 898 3076 ,ἔργον
937 3017 1097 3078 ἐναγὲς
1135 3019 1389 3063 ἐποιοῦντο.
1432 3018 1578 3075 Schol.
1622 3019 1743 3066 Atat.
1783 3035 1824 3064 v.
1871 3019 1969 3064 132.

186 3071 360 3127 ἀσεβὲς·
379 3069 499 3117 εἶναι·
537 3068 686 3118 &elza
722 3073 802 3119 τὸν
847 3071 1011 3134 ἀρότην
1049 3074 1246 3135 σφάξαι,
1286 3079 1458 3135 πρῶτοι
1501 3075 1551 3121 δὲ
1575 3074 1807 3132 Mysten
1836 3077 1969 3136 ἐγεύ-

185 3144 340 3186 camo,
380 3137 563 3190 uterque
601 3134 783 3177 animum
823 3134 879 3176 ad
908 3134 1137 3192 Buphonia
1165 3138 1368 3178 reserens.
1427 3135 1612 3192 Reliqua
1640 3138 1885 3179 testimonia
1915 3138 1968 3180 de

186 3189 395 3244 religione
432 3191 559 3234 boum
598 3191 865 3248 collegerunt
901 3192 1127 3237 Jacobsius
1158 3194 1213 3236 ad
1243 3193 1417 3237 Anthol.
1450 3194 1507 3235 T.
1535 3194 1612 3237 IX.
1641 3194 1741 3238 232.
1773 3200 1817 3237 et
1848 3195 1967 3239 Mat-

186 3247 305 3290 thiae
335 3247 519 3291 Miscell.
560 3249 616 3293 T.
645 3250 687 3293 Ι.
718 3249 814 3294 153.
909 3257 1029 3295 aeter
1057 3254 1240 3297 Varron.
1271 3253 1324 3295 R.
1355 3252 1409 3295 R.
1440 3253 1497 3294 ΙΙ.
1528 3252 1574 3296 5.
1599 3253 1709 3298 Plin.
1741 3254 1864 3296 VIII.
1894 3254 1965 3296 70.

187 3306 582 3419 {Ezfffigffeaeleg'
613 3323 649 3350 c.
678 3307 750 3352 89.
781 3315 826 3351 et
897 3310 980 3354 ‘om
1011 3311 1115 3355 chr.
1148 3312 1225 3356 Or.
1258 3310 1416 3355 LXIV.
1447 3311 1546 3356 328.
1577 3312 1651 3380 qui
1677 3312 1968 3357 Demonassae
