2158 3848
770 230 1218 275 ourn10A.
1751 219 1875 280 393

113 369 287 446 ipsa
329 365 694 425 ‹ab-’initio
736 359 1082 420 homines
1115 360 1258 419 vix.
1299 378 1382 419 ae
1424 377 1513 419 ne
1557 365 1689 423 vix
1725 364 1878 445 qui-

116 466 278 525 dem
331 464 650 543 scriptis
703 459 1233 533 intexuerint‘,
1285 461 1625 536 mystica
1681 462 1876 524 enim

111 566 425 625 fuerunt
466 562 873 640 pleraque,
927 558 1065 618 sub
1110 561 1360 618 sancti
1403 559 1717 619 silentii
1761 580 1880 621 sa-

111 669 502 722 cramento
560 659 1092 719 commendata
1145 659 1451 735 mystis,
1494 663 1734 740 “qua-e*=
1765 660 1888 720 eti-⁴·

108 761 418 838 vulgari
462 768 536 818 et
577 759 863 819 referri
905 759 1126 819 salva
1166 761 1468 839 pietate
1497 763 1878 840 xnouspoffsev-

109 870 294 918 sent.
381 858 518 919 Hoc
572 870 927 938 argumento
983 867 1046 918 et
1102 859 1252 918 olim
1295 859 1597 919 Pontifieii
1641 858 1882 938 Diony-

110 959 186 1017 sii
239 958 651 1039 Areopagitae
717 961 1142 1018 auctoritatem
1197 959 1367 1017 tueri.
1408 959 1782 1019 studuerunt
1800 957 1880 1041 [d]

111 1067 174 1118 et
214 1058 400 1118 hodie
441 1060 764 1118 novissimi
784 1086 788 1095 ⁷
808 1061 1102 1137 cujusque
1160 1058 1519 1136 impostoris
1564 1060 1885 1120 mendacia

107 1161 436 1219 sustentari
476 1169 751 1240 possunt.
837 1156 961 1217 Sed
1002 1158 1058 1215 si
1103 1158 1374 1216 carmina
1404 1159 1536 1217 ista
1589 1158 1702 1218 sub
1747 1178 1885 1219 san-

109 1259 190 1316 eti
245 1260 473 1317 silentii
528 1264 908 1317 sacramento
966 1255 1412 1316 commendata
1448 1268 1611 1331 sunt„
1644 1262 1884 1337 mystiS,

107 1375 228 1435 quo
295 1367 476 1437 pacto
531 1358 984 1417 Demosthenes
1047 1358 1411 1417 sententiam
1477 1358 1641 1418 hinc.
1679 1359 1883 1419 decer-

102 1467 278 1536 ptam
331 1459 398 1515 in
452 1457 660 1517 media
714 1460 1004 1518 concione
1047 1459 1448 1536 pronuntiare
1503 1461 1744 1538 potuit,
1805 1479 1884 1519 ne

103 1556 302 1614 celato
350 1557 596 1636 quidem
640 1558 928 1629 auctore?
990 1569 1052 1617 et
1106 1559 1161 1616 si
1204 1558 1494 1636 dogmata
1539 1558 1774 1639 Orphei
1815 1562 1882 1619 in

103 1655 303 1714 lucem
356 1657 712 1736 protrahere
767 1659 940 1730 nefas
968 1687 973 1716 .·
998 1658 1144 1732 fuit,
1210 1658 1376 1718 unde
1435 1668 1527 1718 est
1580 1659 1690 1719 illa
1745 1679 1884 1721 ver-

104 1773 286 1814 suum
347 1756 761 1837 Orphicorum.
817 1758 1151 1818 multitado
1195 1778 1334 1837 per
1406 1778 1620 1818 omnes
1690 1760 1883 1820 libros

104 1855 353 1934 sparsa?
399 1876 555 1935 quae
598 1868 769 1917 tanta
812 1869 933 1937 est,
978 1868 1065 1917 ut·
1088 1859 1314 1917 nullius
1354 1859 1491 1917 fere
1529 1869 1638 1917 aut
1680 1860 1885 1935 graeei

105 1966 219 2014 aut
252 1956 429 2015 latini
471 1966 695 2036 poetae·
735 1957 1322 2036 pluresrhabeamus
1366 1959 1674 2037 reliquias.
1744 1957 1884 2018 Hos

104 2065 310 2115 autem
368 2056 473 2135 qui
526 2057 852 2137 proferunt
902 2065 942 2117 ¹a
995 2059 1197 2139 primo
1243 2058 1497 2117 Platone
1551 2077 1745 2137 usque
1803 2057 1885 2117 ad

103 2155 430 2215 Proculum
490 2166 552 2215 et
605 2156 959 2230 Hermiam,
1047 2166 1175 2217 tam
1235 2168 1448 2237 aperte
1509 2157 1577 2216 id
1632 2158 1882 2232 faciunt,

103 2265 237 2315 tam
279 2256 411 2314 sine
453 2255 842 2333 ambagibuS,
903 2265 975 2316 ut
1017 2268 1346 2337 appareat,
1407 2258 1643 2316 nullam
1694 2258 1885 2342 fuisse

106 2352 466 2431 divulgandi
505 2354 862 2432 religionem
904 2375 984 2416 ne
1025 2356 1194 2436 apud
1237 2357 1349 2416 hos
1394 2356 1643 2437 quidem
1680 2358 1885 2418 Plato-

103 2454 304 2527 nicoS,
361 2457 466 2534 qui
511 2454 741 2536 Orphei
785 2474 1013 2516 nomen
1055 2455 1483 2536 superstitiose
1527 2467 1709 2538 atque
1754 2461 1883 2519 ani-

102 2554 244 2614 liter
285 2556 562 2616 venerati
605 2563 765 2614 sunt.
831 2557 1156 2617 Praeterea
1198 2558 1308 2618 vix
1354 2556 1620 2617 obtineri
1655 2569 1881 2638 potest,

0 2663 8 2679 ’
103 2652 269 2734 quod
324 2655 505 2714 multi
557 2652 890 2728 affirmant,
975 2655 1318 2716 Brunckius
1377 2656 1457 2716 ad
1514 2657 1673 2717 Scol.
1720 2659 1883 2720 VIII.

0 2751 7 2771 '
94 2752 306 2832 'Zoega
347 2753 627 2814 Bassirel.
672 2753 742 2816 T.
784 2756 862 2815 II.
906 2757 1007 2817 34.
1050 2757 1351 2818 Matthiae
1395 2757 1664 2835 Prolegg.
1707 2761 1773 2818 in
1800 2759 1880 2820 H.

107 2851 189 2911 H.
229 2873 290 2933 p.
335 2854 392 2914 3.
447 2854 672 2934 aliique
713 2856 1140 2934 ignobiliores,
1200 2857 1383 2916 hosce
1425 2857 1690 2934 hymnos
1746 2877 1881 2937 my-

110 2962 338 3013 starum
380 2953 652 3013 coetibus
695 2954 1032 3017 destinatos
1050 2956 1129 3038 [†]
1177 2975 1370 3036 eoque
1404 2957 1680 3038 profanis
1710 2959 1882 3036 igno-

227 3117 296 3178 [d]
326 3135 367 3166 v.
398 3123 630 3168 Corderius
659 3122 715 3167 ad
747 3121 905 3170 Theol.
937 3124 1073 3183 Myst.
1107 3142 1146 3171 c.
1177 3125 1214 3171 I.
1245 3139 1290 3182 p.
1322 3124 1422 3168 717.

226 3194 289 3251 [†]
331 3194 631 3247 „Invooetions
676 3209 727 3239 or
765 3197 934 3241 litanies
978 3198 1083 3242 used
1121 3199 1165 3241 in
1207 3198 1283 3240 the
1322 3197 1576 3254 mysteries“
1608 3197 1777 3255 Knight
1804 3199 1881 3242 In-

111 3253 238 3308 quiry
271 3253 319 3320 οξ
344 3252 418 3321 the
446 3252 594 3309 Symb.
625 3254 740 3310 lang.
772 3270 815 3312 p.
850 3256 918 3299 11.
950 3257 994 3299 in
1025 3257 1205 3301 Classic.
1238 3256 1387 3299 Journ.
1421 3256 1478 3300 T.
1511 3256 1653 3300 XXII.
1685 3257 1737 3299 In
1766 3258 1880 3312 ejus·

110 3310 204 3352 dem
249 3309 389 3353 Diam
424 3308 481 3353 T.
513 3312 674 3357 XXIX.
706 3311 807 3356 532.
840 3314 947 3357 haec
974 3321 1203 3358 narrantur
1234 3315 1288 3357 de
1336 3313 1522 3370 Taylori
1551 3314 1879 3359 Introductione

107 3369 152 3410 in
193 3368 418 3411 secundam
460 3368 685 3416 editionem
715 3373 984 3428 mysticorum
1016 3373 1181 3431 Orphei
1211 3373 1457 3429 hymnorum
1489 3367 1617 3418 1824.
1677 3373 1758 3427 „In
1787 3372 1878 3418 this
