2176 3886
755 246 1330 316 ELEUS1N1A.
1850 238 1933 299 49

154 379 460 462 μούμενος
493 379 573 441 τὰ
615 378 747 460 ἱεροὶ
785 378 1127 443 ἐπεδείκνυε
1161 388 1290 451 τοῖς
1333 379 1634 462 ἀμυήτοις»
1672 384 1777 446 καὶ
1809 384 1932 447 εἶπε

153 489 227 559 τῇ
278 486 458 560 φωνῇ
495 480 574 542 τὰ
615 477 928 559 ἀπόῤῥητα
963 499 1022 559 p.
1075 480 1212 541 107.
1255 479 1421 539 unde
1463 480 1795 542 manifesto
1839 486 1934 544 in-

152 578 443 656 telligitur
482 579 655 638 illam
701 579 893 650 δεῒξιν
930 588 1073 644 τῶν,
1096 583 1282 663 ἱερῶν
1304 580 1770 661 Hierophantae
1799 601 1934 641 mu-

145 697 262 738 nus
305 679 574 738 maxime
614 681 938 759 proprium
983 681 1377 760 omniumque
1419 700 1576 761 quae
1611 682 1669 739 ei
1702 680 1937 758 agenda

150 788 381 851 essent,
424 788 666 859 partem
708 779 900 840 fuisse
942 782 1362 861 principalem.
1466 779 1590 840 Sed
1636 780 1786 860 quid
1829 782 1936 839 ille

146 878 377 952 fecerit,
422 898 611 959 quum
658 898 830 941 sacra
874 880 1243 955 ostenderet,
1287 899 1386 941 res
1431 890 1526 940 est
1567 881 1785 957 longae
1830 872 1936 939 de-¹

145 978 547 1039 liberationis
642 981 804 1041 Illud
858 983 1052 1051 δεῖξαι
1099 982 1177 1042 τὰ
1215 981 1348 1062 ἱερά
1391 982 1664 1061 primum
1687 1038 1689 1040 ,
1713 981 1936 1040 dicitur

148 1077 224 1138 de
280 1081 498 1162 primis
552 1083 710 1140 sacri
765 1082 1060 1161 cujusque
1116 1079 1564 1153 conditoribus,
1623 1082 1727 1159 qui
1773 1080 1936 1139 ordi-

145 1198 287 1240 nem
333 1190 395 1239 et
436 1179 692 1240 modum
735 1182 1034 1254 omnium,
1079 1199 1235 1262 quae
1280 1180 1362 1240 ad
1402 1181 1763 1258 religionem
1796 1199 1936 1260 per-

143 1280 359 1353 tinent,
405 1282 801 1355 constituunt‚
843 1283 1120 1361 ritusque
1154 1290 1666 1361 praemonstrant.
1711 1278 1937 1339 Eusta-

143 1379 307 1439 thius
350 1398 411 1460 p.
462 1378 643 1440 1528.
669 1380 730 1441 4.
767 1382 1078 1463 Ἆῤῥιανὸς
1118 1384 1353 1466 ἱστορεῖ
1375 1383 1468 1443 ὅτι
1488 1380 1730 1445 Ἰασίων
1756 1381 1934 1444 ἀδελ-

144 1481 264 1562 φὸς
305 1480 618 1551 Ἀετίωνος
652 1477 724 1563 [¹³]
787 1482 893 1545 καὶ
944 1480 1288 1566 Δαρδάνου
1340 1485 1406 1545 ἐκ
1458 1480 1784 1565 Δήμητρος
1833 1481 1938 1543 καὶ

143 1579 347 1663 Κόρης
397 1580 658 1662 κάτοχος
701 1580 1038 1668 γενόμενος
1077 1588 1162 1653 εἷς
1198 1608 1265 1644 τε
1305 1582 1604 1646 Σικελίαν
1636 1580 1792 1661 ἦλθε
1830 1581 1937 1644 καὶ

145 1682 240 1742 ἐπὶ
256 1683 324 1759 [⁰]
371 1682 601 1761 πολλὴν
635 1684 828 1761 ἄλλην
865 1690 984 1767 γῆν
1021 1681 1340 1762 ἐπλανήθη
1379 1683 1458 1744 τὰ
1499 1681 1727 1761 ἐκείνης
1751 1684 1936 1766 ὄργια

143 1779 465 1844 δεικνύων.
552 1780 815 1840 Diodor.
861 1781 933 1840 V.
977 1781 1081 1842 49.
1125 1783 1285 1851 Ζεὺς
1317 1781 1585 1845 Ἰασίωνι
1621 1781 1937 1863 παρέδειξε

142 1881 259 1959 τὴν
301 1888 433 1944 τῶν
476 1881 842 1964 μυστηρίων
887 1882 1141 1959 τελετὴν
1181 1880 1320 1943 τότε
1367 1907 1496 1950 πως
1549 1881 1935 1964 παραδοθεῖ-
2030 1948 2033 1959 ¹

145 2002 264 2043 σαν
290 1976 382 2061 [Ἶ.
426 1977 718 2060 Aphareo
763 1981 1016 2061 ejusque
1055 1982 1199 2040 filiis
1224 1982 1430 2058 Lycus
1475 1981 1555 2043 τὰ
1595 1983 1778 2068 ὄργια
1804 1989 1935 2044 τῶν

140 2079 430 2167 μεγάλων
470 2082 999 2164 θεῶνπαρέδειξε
1043 2082 1302 2141 Pausan.
1345 2081 1450 2140 IV.
1496 2082 1554 2140 2.
1610 2081 1930 2141 Postremo

143 2179 326 2241 Ceres
358 2183 499 2262 ipsa
534 2180 919 2260 Triptolemo
952 2176 1020 2240 'et
1053 2181 1366 2261 Eumolpo
1404 2199 1580 2240 sacra
1606 2199 1717 2239 sua
1740 2182 1934 2251 δεῖξαι

143 2280 381 2340 dicitur.
405 2307 413 2318 -·
447 2300 508 2342 v.
574 2282 876 2361 Epimetr.
942 2282 988 2339 I.
1045 2281 1255 2341 Latini
1309 2281 1424 2339 hac
1483 2282 1548 2338 in
1603 2299 1670 2338 re
1725 2279 1933 2341 verbis

146 2379 563 2440 ostendere
618 2390 681 2440 et
734 2380 1012 2440 docere
1068 2390 1338 2440 utuntur.
1438 2379 1724 2456 Hyginus
1779 2379 1931 2438 Fab.

144 2479 881 2541 CCXXV..Eleuther
932 2481 1434 2541 simulacrum
1491 2479 1762 2537 Liberi
1807 2479 1932 2538 Pa-

144 2584 292 2642 tris
337 2583 755 2642 constituit
797 2577 1573 2661 etquemadmodum
1620 2578 1771 2638 coli
1817 2576 1933 2637 de-

143 2767 279 2836 Myst.
321 2765 390 2820 15,
433 2767 474 2810 9.
504 2768 534 2811 i.
564 2782 602 2810 e
633 2765 714 2823 τὴν
741 2764 870 2827 ἱερὰν
898 2763 1074 2820 στολήν.
1106 2781 1147 2809 v.
1179 2767 1362 2810 Palmer.
1394 2765 1450 2809 ad
1481 2765 1522 2807 h.
1554 2765 1581 2807 l.
1613 2731 1741 2822 quam
1769 2764 1928 2820 Lysias

144 2822 309 2880 στολήν
338 2825 457 2869 dicit.

262 2896 326 2956 [b]
358 2899 445 2942 Hic
474 2897 591 2942 clare
621 2897 941 2954 distinguuntur
963 2897 1109 2941 Iasion
1138 2903 1184 2941 et
1207 2897 1383 2951 Eetion,
1411 2896 1485 2940 ille
1516 2897 1571 2938 ab
1602 2896 1761 2938 ἰᾶσθαι
1791 2894 1933 2936 dictus

146 2957 384 3001 alternante
426 2957 685 3014 quantitate,
725 2957 779 3000 de
821 2971 906 3014 quo
946 2972 987 3000 v.
1032 2956 1087 2999 ad
1117 2957 1282 3013 Phryn.
1325 2956 1442 3009 642,
1484 2955 1595 2998 alter
1625 2954 1680 2995 ab
1713 2949 1851 3002 ἀετός.
1891 2967 1932 2995 v.

147 3014 292 3071 Etym.
322 3015 386 3059 Μ.
416 3015 516 3059 420.
543 3016 803 3058 Buttmanno
834 3015 1094 3072 (Comment.
1124 3016 1259 3059 Acad.
1289 3015 1432 3058 Berol.
1464 3013 1560 3056 anni
1587 3011 1712 3054 1818.
1741 3026 1784 3069 p.
1809 3010 1934 3066 229.)

143 3073 285 3117 lazion
306 3079 358 3118 et
383 3073 545 3117 Eetion
571 3074 686 3117 idem
715 3087 865 3118 nomen
893 3074 1080 3117 videtur.

264 3146 326 3204 [θ]
356 3147 724 3205 Praepositionem
763 3146 922 3191 omittit
961 3146 1228 3202 Eudociap
1284 3141 1385 3187 234.
1449 3143 1525 3186 Sic
1564 3142 1816 3197 πλανηθεὶς
1854 3140 1935 3186 τὸν

146 3217 348 3306 gamag}
358 3205 484 3249 Philo
525 3205 580 3249 de
620 3205 720 3249 VII.
752 3204 932 3250 Miracc.
963 3205 1058 3252 init.
1088 3203 1263 3259 πολλὴν
1293 3205 1381 3261 γῆν
1410 3200 1595 3257 ἀληθείς
1622 3200 1845 3245 Heliodor.
1877 3200 1930 3243 X

265 3333 331 3392 [ἅ]
373 3338 729 3396 Παραλυθεῖσαν
779 3336 1016 3394 requiritur
1065 3340 1141 3382 aut
1204 3335 1531 3394 παροφθεῖσαν
1582 3337 1659 3376 aut
1713 3331 1933 3390 naeuiu—

144 3397 358 3452 φθεῒσαν.

1550 3466 1591 3524 4
