2158 3848
0 450 14 3848 m
2 401 5 440 ...-
2 331 5 390 fi*
3 321 4 324 „
3 276 5 314 μμ.
2 225 4 268 ᾉ.
0 141 5 211 „—-

733 246 1200 291 onrn1ca.
1741 234 1874 299 427>

93 382 273 455 dicit,
330 381 465 461 quis
506 378 736 438 mensis
790 372 1044 452 diesque
1097 374 1316 454 cuique
1361 373 1618 437 deorum
1663 397 1871 441 conse-

92 492 293 542 cratus
337 488 398 538 et
440 495 561 558 quo
622 475 723 535 die
777 471 989 553 quales
1044 472 1328 556 qualique
1384 475 1632 536 fortuna
1674 477 1871 539 homi-

91 601 198 642 nes
241 585 636 638 nascerentur
678 611 763 621 -——
816 572 922 636 καὶ
975 570 1249 638 τούτοισι
1291 583 1431 639 ,τῶν
1466 574 1770 658 Ἑλλήνων
1814 582 1873 641 οἱ

90 685 156 746 ἐν
208 666 442 758 πὸιήσει
496 672 820 763 γενόμενοι
875 670 1232 756 ἐχρήσαντο.
1318 674 1395 735 Id
1438 677 1545 756 qui
1599 676 1873 753 fecerint,

87 780 319 840 frustra
373 786 806 859 percontamur
872 774 1263 855 interpretes,
1355 774 1671 837 Hesiodus
1740 778 1874 858 qui-

90 878 232 939 dem
289 876 469 940 docet
523 875 745 957 quibus
803 872 1020 938 diebus
1075 875 1284 956 pueri,
1349 862 1569 957 quibus
1628 865 1876 959 puellae

88 979 406 1060 auspicato
453 985 781 1037 nascantur
825 983 887 1033 et
929 973 1197 1061 nubant,
1239 974 1352 1034 sed
1396 984 1529 1035 tota
1574 978 1706 1055 ejus
1752 976 1875 1038 dis-

87 1080 337 1159 putatio
386 1076 463 1136 ab
507 1074 959 1154 Aegyptiorum
1002 1074 1347 1135 subtilitate
1382 1075 1740 1154 longissime
1782 1097 1876 1138 re-

88 1187 262 1238 mota
306 1187 417 1251 est,
461 1177 584 1255 qui,
628 1175 683 1232 si
727 1175 979 1232 omnino
1028 1175 1424 1253 astrologicas
1467 1177 1740 1237 rationes
1783 1196 1877 1237 se-

88 1278 264 1358 quuti
306 1284 466 1350 sunt,
511 1275 643 1354 sine
687 1271 876 1333 dubio
921 1282 1058 1347 non}
1086 1276 1361 1335 omnium
1395 1277 1704 1337 mensium
1743 1275 1876 1337 dies

89 1374 339 1435 eosdem
381 1383 602 1435 natura
644 1391 825 1454 pares
870 1381 1245 1447 statuerunt,
1291 1377 1382 1436 sic
1429 1386 1500 1436 ut
1542 1377 1648 1458 qui
1692 1379 1876 1439 unius

86 1477 315 1537 mensis
373 1483 585 1534 nosset
639 1471 771 1533 dies
815 1472 1068 1549 fatales,
1128 1485 1340 1536 nosset
1384 1477 1700 1551 omnium,
1766 1475 1878 1537 sed

86 1577 276 1637 totius
334 1576 481 1637 anni
535 1583 598 1635 et
651 1573 914 1634 fortasse
971 1576 1162 1636 totius
1209 1575 1697 1637 dodecaeteridis
1754 1580 1879 1638 sin-

87 1677 229 1756 gula
282 1684 599 1737 momenta
665 1682 729 1734 et
764 1692 1142 1756 ,progressus
1211 1674 1465 1737 diurnos
1520 1679 1878 1740 minutatim

87 1779 344 1838 scrutati
408 1785 550 1837 sunt
576 1777 667 1854 [⁰].
774 1774 989 1855 Itaque
1054 1776 1263 1836 licebit
1326 1779 1740 1858 suspicionem
1812 1781 1879 1838 in

86 1887 304 1959 poetas
348 1874 682 1935 transferre
726 1874 1031 1956 Orphicae
1089 1876 1633 1955 et-Pythagoricae
1677 1888 1880 1945 sectae

88 1975 398 2050 addictoS‚
469 1994 621 2056 quos
687 1974 752 2033 in
813 1974 931 2036 hoc
986 1996 1230 2057 quoque
1289 1977 1604 2039 doctrinae
1660 1976 1880 2060 genere

89 2075 332 2136 decreta
387 2074 842 2156 Aegyptiorum
899 2078 1243 2137 aemulatos
1302 2080 1467 2153 esse,
1503 2091 1506 2101 '
1542 2068 1881 2140 admodum

91 2175 381 2237 credibile
424 2186 534 2235 est.
602 2176 816 2256 anue
861 2178 1151 2255 cogitatio
1199 2180 1478 2239 animum
1523 2178 1603 2240 ad
1649 2179 1881 2260 Orphei

91 2278 460 2339 sententiam
503 2276 716 2355 paullo
763 2285 905 2335 ante
949 2279 1336 2356 propositam
1381 2289 1653 2340 revocat.

264 2451 328 2496 εἴς
356 2461 401 2490 τε
433 2442 727 2500 δικαιοσύνην
755 2450 939 2501 θνητῶν
967 2450 1101 2505 γένος
1129 2444 1289 2506 ἤγαγε,
1322 2448 1472 2499 δείξας

265 2503 402 2565 ὅρκον
430 2508 507 2548 καὶ
535 2509 702 2554 θυσίας
731 2503 889 2565 ἱλαρὰς
918 2508 995 2548 καὶ
1026 2502 1211 2564 σχήματ’
1242 2504 1475 2565 Ὀλύμπου

90 2577 202 2633 (vid.
226 2578 372 2620 Vossii
401 2577 514 2635 Epp.
545 2578 686 2634 Myth.
716 2577 853 2621 LXX.
884 2578 1008 2634 301.)
1033 2576 1174 2622 Ἱππὼ
1208 2578 1258 2624 δὲ
1288 2577 1315 2634 ἡ
1345 2577 1551 2640 θυγάτηρ
1582 2578 1734 2637 αὐτοῦ,
1768 2593 1881 2625 συν-

91 2631 310 2690 οικήσασα
350 2639 411 2693 τῷ
449 2632 603 2692 Αἰόλῳ
642 2633 884 2690 ἐδιδάξατο
925 2634 1065 2681 αὐτὸν
1102 2635 1185 2693 τὴν
1227 2636 1430 2697 φυσικὴν
1468 2643 1672 2698 θεωρίαν
1700 2640 1879 2698 (Eurip.

93 2694 270 2752 Fragm.
302 2695 462 2738 Melan.
493 2695 700 2750 XXVII.)

264 2764 291 2822 ἢ
322 2770 478 2827 πρῶτα
507 2767 597 2828 μὲν
623 2765 678 2811 τὰ
706 2772 814 2812 θεῖα
843 2765 1247 2828 προῦμαντεύσατο

261 2831 512 2885 χρησμοῖσι
544 2830 744 2885 σαφέσιν
775 2826 974 2887 ἀστέρων
1004 2829 1287 2878 ἰπαντολαῖξ.

95 2897 253 2941 Aeolus
296 2900 430 2954 enim,
474 2905 525 2943 ut
567 2901 783 2943 acutiores
823 2901 1191 2958 interpretantur,
1234 2907 1516 2959 tempestates
1548 2917 1631 2945 non
1659 2903 1775 2947 rexit
1805 2892 1902 2946 sed?

94 2955 310 3013 praedixit
349 2959 640 3002 tantummodo
670 2983 741 3001 —.
799 2958 1088 3016 jurisjurandi
1125 2961 1405 3018 religionem,
1458 2975 1583 3018 quam
1624 2961 1883 3005 Titanoma-

96 3014 220 3056 chiae
262 3022 412 3060 auctor
454 3018 686 3061 Chironem
726 3019 919 3063 sanxisse
947 3022 1113 3072 refert,
1143 3021 1327 3064 Hermes
1358 3034 1530 3077 quoque
1560 3021 1682 3065 Stob.
1715 3020 1812 3063 Ecl.
1842 3022 1879 3064 Ι.

96 3071 170 3116 52.
224 3071 294 3115 40.
335 3089 377 3132 p.
417 3075 517 3119 978.
566 3077 680 3119 inter
719 3076 859 3134 prima
897 3077 1016 3122 vitae
1058 3079 1320 3123 excolendae
1363 3079 1621 3123 adminicula
1659 3086 1883 3133 numerat3

96 3130 401 3175 bacchationes
441 3139 486 3178 et
522 3134 680 3179 teletas
721 3150 749 3178 a
793 3135 982 3181 Chirone
1028 3137 1232 3183 Liberum
1276 3137 1536 3181 addidicisse
1564 3139 1701 3183 tradit
1730 3139 1881 3183 Ptole-

100 3203 246 3232 maeus
276 3189 417 3249 Heph.
445 3193 521 3237 IV.
552 3193 622 3237 66.

218 3277 282 3335 [e]
317 3277 454 3332 Deos,
492 3281 548 3324 de
587 3282 745 3339 quibus
782 3282 1029 3327 Herodotus
1071 3286 1282 3342 loquitur,
1325 3284 1522 3341 planetas
1552 3299 1645 3327 esse
1675 3301 1700 3328 e
1729 3285 1881 3328 verbis

99 3336 191 3392 ejus
219 3336 388 3380 minime
416 3337 683 3395 intelligitur.
715 3356 755 3383 v.
788 3338 1011 3386 Mursiuna
1041 3343 1094 3387 de
1125 3345 1267 3388 Hebd.
1299 3343 1462 3387 Gentil.
1493 3359 1534 3401 p.
1569 3343 1666 3388 143.
1698 3345 1739 3387 in
1773 3345 1878 3387 Oel-

103 3396 206 3438 rich.
242 3396 390 3442 Germ.
429 3396 562 3440 Liter.
596 3399 651 3442 T.
686 3400 719 3441 1.
