2158 3848
242 215 368 277 492
798 226 1031 294 mnan
1073 226 1500 272 SECUNDUS.

243 358 507 420 scholiis
543 357 637 419 ‘ad
699 357 1063 435 Gregorium
1077 356 1171 437 [²²]
1229 364 1513 437 excerpta
1572 375 1736 432 esse,
1758 360 1905 438 ,rqui
1950 360 2015 418 in

241 460 438 521 Stelit.
482 461 528 519 Ι.
574 460 708 520 sive
753 458 856 518 Or.
899 456 1002 516 IV.
1050 456 1190 516 104.
1235 453 1300 515 C.
1356 458 1421 515 in
1473 455 1866 519 traducendis·
1887 458 2042 518 ‘Or--

239 560 386 642 phei
440 558 668 618 fabulis
725 558 1057 616 Phanetem
1120 572 1362 635 quoque
1423 555 1691 617 deridet:
1741 557 2016 640 ’Παρίτω

241 661 338 722 ἐπὶ
391 666 584 721 πᾶσιν
639 658 671 719 ὅ
732 655 953 735 Φάνης
1004 679 1070 715 τε
1114 654 1230 716 ’καὶ
1285 656 1317 716 ὃ
1367 658 1766 738 Ἠρικαπαῖος
1819 657 1924 719 καὶ
1979 658 2012 718 ὃ

240 756 478 827 πάντας
520 755 881 820 καταπίνων
922 752 1068 823 τοὺς
1112 755 1334 823 ἄλλους
1377 755 1478 818 εἶτ’
1526 743 1865 826 ἀναδιδοὺς
1902 760 2014 818 θε-

240 857 384 931 οὺς,
441 860 547 920 ἵνα
589 858 840 942 γένηται
880 854 1081 936 πατὴρ
1129 853 1387 937 ἀνδρῶν
1429 879 1493 916 τε
1533 860 1707 920 θεῶν
1749 882 1832 918 τε.
1892 874 2016 935 quo

237 957 375 1017 loco
432 974 632 1034 neque
689 954 1054 1026 Saturnum,
1115 972 1313 1033 neque
1356 953 1691 1014 Phanetem
1748 965 1856 1014 aut
1914 953 2014 1014 Ja-

237 1075 387 1114 num
444 1054 701 1133 intelligi
758 1053 867 1114 sed
922 1052 1144 1114 Jovem
1205 1053 1503 1114 adversus
1549 1055 1892 1114 Gesnerum
1937 1054 2019 1114 ad

239 1155 429 1236 Orph.
473 1173 534 1234 p.
585 1154 722 1215 192.
767 1163 829 1212 et
874 1153 1257 1213 Viscontium
1302 1152 1610 1214 PioClem.
1656 1154 1725 1214 T.
1770 1154 1872 1214 VI.
1922 1154 2016 1213 13.

238 1254 620 1315 demonstrat
672 1254 872 1332 Zoega
912 1253 1196 1314 Bassirel.
1255 1252 1324 1313 T.
1367 1255 1443 1312 II.
1500 1274 1560 1334 p.
1610 1254 1748 1315 167.
1805 1254 2018 1314 dextre

237 1374 385 1415 usus
445 1353 674 1413 Suidae
731 1365 792 1412 et
838 1353 1217 1413 Scholiastae
1271 1353 1511 1427 verbiS‚
1569 1373 1727 1434 quae
1769 1354 1927 1413 sicut
1980 1373 2019 1413 a

235 1453 421 1514 Billio
467 1472 764 1514 conversa
817 1462 960 1512 sunt
1003 1456 1170 1529 (nam
1227 1454 1455 1530 graecis
1508 1454 1599 1511 uti
1651 1472 1777 1512 non
1818 1453 2016 1530 licuit)

183 1579 195 1587 ·
236 1553 609 1613 adscribam:
710 1554 794 1612 In
872 1552 1240 1633 Orphicis
1318 1551 1795 1612 carminibus
1871 1571 2018 1613 una

237 1672 402 1713 cum
463 1653 649 1713 aliis
709 1651 862 1713 diis
919 1651 1320 1712 inducitur
1377 1653 1610 1711 etiam
1665 1651 1790 1713 hic
1831 1652 2017 1712 Pha—

235 1750 369 1813 nes
428 1752 892 1813 obscoenam
950 1754 1306 1833 corporis
1363 1762 1664 1832 partem
1708 1751 1800 1812 ad
1844 1752 2016 1811 fon-

236 1863 387 1912 tem
432 1851 661 1939 (πηγήν
705 1853 852 1930 legit
894 1872 1008 1932 pro
1054 1851 1286 1938 πυγήν)
1342 1852 1665 1926 habens,
1711 1851 2017 1912 eodem-

235 1951 462 2013 modo
510 1963 583 2011 et
627 1953 1128 2032 EricapaeuS.
1213 1950 1316 2011 Ac
1359 1952 1653 2012 Phanes
1709 1951 2013 2032 quidem

236 2053 473 2114 vitali
515 2053 887 2112 facultati
931 2050 1388 2132 praesidere
1431 2052 1788 2131 fingitur,
1842 2053 2015 2111 Eri-

238 2171 570 2232 capaeus
616 2161 875 2212 autem
910 2153 1150 2211 alteri
1193 2151 1528 2225 cuidam,
1571 2151 2017 2232 prodigiosi

236 2251 630 2314 videlicet
703 2250 1010 2331 quidam
1086 2251 1198 2311 dii
1259 2260 1333 2310 et
1397 2250 1836 2312 execrandi.
1919 2251 2018 2312 At

237 2371 419 2413 vero
478 2372 613 2433 per
668 2352 883 2413 deum
944 2350 1130 2411 deos
1193 2371 1453 2412 omnes
1515 2350 2016 2414 devorantem
2091 2431 2095 2439 Ι

239 2452 658 2511 Saturnum
721 2453 1133 2531 intelligit.
1194 2474 1256 2533 p.
1317 2453 1459 2512 384.
1521 2451 1588 2511 Β.
1684 2453 2013 2533 Duplicem

237 2570 538 2640 errorem,
617 2570 737 2630 quo
793 2552 1031 2611 Phanes
1093 2552 1170 2612 ab
1228 2554 1567 2632 Ericapaeo
1623 2552 2015 2631 distinguitur

226 2662 300 2711 ·et
343 2671 480 2711 cum
525 2651 828 2723 Saturno,
875 2670 1057 2730 quem
1103 2651 1326 2712 Suidas
1369 2663 1532 2712 recte
1576 2655 1635 2712 ei
1677 2655 2012 2733 componit,

234 2753 667 2833 permiscetur,
728 2751 956 2810 refutat
1001 2751 1281 2831 Orpheus
1337 2755 1488 2832 ipse.
1573 2752 1889 2812 Postremo
1935 2752 2013 2812 de

235 2872 457 2931 genero
502 2851 603 2911 dei
644 2852 974 2930 Protogoni
1019 2851 1184 2931 quod
1229 2851 1377 2911 dicit
1419 2852 1745 2928 Proculus,
1799 2856 2011 2914 confir-

237 2963 446 3013 matur
504 2953 811 3014 Lactantii
872 2953 1226 3012 testimonio
1286 2952 1355 3012 L.
1411 2952 1513 3012 IV.
1574 2954 1632 3013 8.
1696 2953 1755 3014 4.
1841 2954 2009 3015 Nisi

238 3052 444 3113 forte
532 3052 1166 3113 existimabimus
1253 3052 1502 3126 deum,
1588 3056 1789 3114 sicut
1867 3054 2023 3123 Or<

358 3253 448 3308 [Π]
480 3253 550 3295 Ex
582 3254 647 3295 his
675 3253 912 3297 Eudociam
940 3254 1074 3296 inulta
1104 3254 1381 3311 descripsisse
1405 3256 1493 3310 jam
1517 3255 1614 3298 olim
1639 3271 1694 3298 ex
1719 3256 1854 3299 latino
1877 3255 2005 3297 Eliae

241 3312 460 3361 Cretensis
500 3314 800 3356 commentario
830 3312 1024 3355 intellexi
1053 3317 1098 3355 et
1127 3313 1217 3356 dixi
1245 3313 1289 3355 in
1320 3314 1432 3355 Diss.
1465 3313 1518 3355 de
1549 3314 1612 3356 Μ.
1642 3315 1694 3357 B.
1726 3315 1759 3356 I.
1794 3312 1858 3356 13.
1890 3314 2002 3369 quod

240 3370 325 3413 alia
354 3370 426 3413 via
456 3378 711 3427 assequutus
740 3375 807 3415 est
835 3371 1011 3414 Bastius
1042 3371 1096 3414 ad
1128 3373 1316 3428 Gregor.
1348 3371 1449 3415 Cor.
1480 3386 1523 3429 p.
1556 3369 1626 3415 74.

2140 3744 2149 3848 ἓ
