2158 3848
810 268 1264 313 oR-PHICA.
1798 250 1924 318 435

143 403 465 463 Minervae
507 399 674 461 diem
715 398 967 458 tertium
985 439 1001 469 ,
1061 398 1205 475 quia
1247 396 1675 458 Panathenaea
1716 421 1926 462 mense

143 499 712 572 Hecatombaeone‚
759 508 833 557 ut
876 496 1169 556 Proculus
1215 495 1397 570 dicit,
1442 506 1516 578 τῇ
1561 499 1738 580 τρίτῃ
1784 503 1925 564 dm„

142 599 323 670 όντος
364 598 870 659 instaurabantur
887 593 985 678 [b]‚
1030 612 1408 678 quapropter
1441 607 1663 680 μηνῶν
1695 600 1927 681 φθινά-

140 701 245 770 ὃες
288 701 510 782 ἡμέραι
553 699 696 758 huic
741 697 894 758 deae
939 717 1150 757 sacrae
1185 708 1488 758 vocantur
1514 699 1660 758 Eur.
1684 698 1926 758 Heracl.

139 800 284 860 779.
371 799 945 858 Panathenaeorum
991 809 1201 858 autem
1248 797 1378 858 dies
1425 800 1784 880 principalis
1838 798 1928 859 di-

141 901 297 959 citur
354 901 683 970 Γενέθλιος
734 902 1005 979 Ἀθηνᾶς
1060 897 1281 957 Athen.
1325 900 1432 958 HI.
1488 901 1590 959 98.
1645 899 1714 959 Β.
1771 901 1970 959 sicutv

138 997 416 1059 Vestalia
467 1000 704 1070 Ἑστίας
761 999 1228 1082 Πρυτανίτιδος
1282 1000 1573 1082 γενέθλια
1627 999 1731 1058 IV.
1791 997 1928 1059 150.

136 1098 217 1158 D.
304 1101 552 1160 Dianae
594 1101 896 1159 solemnia
953 1099 1244 1183 γενέθλια
1296 1099 1646 1180 Ἀρτέμιδος
1689 1099 1928 1159 Arrian.

140 1198 218 1258 de
262 1198 478 1258 Venat.
525 1220 572 1257 c.
615 1198 905 1276 XXXIV.
951 1207 1013 1255 et
1054 1197 1342 1256 similiter
1396 1207 1741 1257 ceterorum
1786 1198 1930 1258 deo-

138 1317 277 1357 rum
326 1299 458 1357 dies
502 1299 738 1358 natales
795 1317 835 1356 a
890 1297 1142 1356 Graecis
1200 1296 1541 1358 celebratos
1598 1318 1732 1358 esse
1790 1318 1930 1358 con-

137 1397 310 1457 tendi
352 1407 590 1478 potest,
662 1416 1016 1478 quanquam
1070 1397 1301 1456 indicia
1354 1417 1468 1458 nec
1523 1399 1732 1458 crebra
1788 1409 1932 1458 sunt

133 1516 248 1557 nec
306 1485 557 1577 repertu
615 1498 838 1558 facilia.
924 1497 1278 1558 Alexander
1332 1498 1609 1578 Aphrod.
1666 1497 1748 1557 ad
1800 1499 1930 1558 Me-

138 1597 308 1678 taph.
350 1596 423 1657 L.
466 1597 606 1658 XII.
652 1599 753 1659 36.
798 1620 859 1680 p.
909 1599 1047 1660 199.
1094 1598 1153 1659 b.
1200 1600 1358 1660 viri
1401 1600 1808 1679 sapientes
1846 1635 1930 1644 -—

136 1707 578 1758 conventus
638 1709 710 1758 et
765 1700 1446 1759 commissationes
1507 1700 1930 1759 instituere

135 1798 543 1871 volentes»,
587 1799 899 1858 fabulas
947 1799 1362 1858 commenti
1407 1807 1618 1870 sunt,
1663 1796 1930 1860 Jovem

136 1898 490 1977 exempli
535 1918 768 1958 causa
812 1919 900 1958 ex
939 1899 1150 1958 Rhea
1192 1898 1427 1957 hodie
1470 1899 1722 1957 fuisse
1764 1918 1930 1978 pro-

134 1998 478 2073 genitum
535 2016 620 2057 ac
675 1997 976 2058 idcirco
1036 2000 1246 2078 pium
1306 2018 1473 2058 esse
1528 2006 1616 2056 ut
1672 2016 1930 2057 omnes

135 2099 623 2158 conveniant
684 2097 1366 2179 deique-'natalem
1435 2099 1638 2178 diem
1701 2109 1932 2176 agant

135 2205 371 2276 atque
414 2199 652 2257 simul
698 2199 1143 2279 epulentur.
1190 2199 1426 2257 Statius
1472 2197 1662 2257 Theb.
1707 2199 1782 2256 II.
1826 2199 1928 2257 71.

136 2295 465 2356 Thebanos
507 2308 720 2356 narrat
748 2297 975 2356 Bacchi
1018 2296 1187 2368 diem
1229 2298 1505 2356 natalem
1548 2298 1779 2358 festum
1823 2300 1929 2358 ha-

136 2395 369 2456 buisse:
436 2407 615 2456 tunc
670 2397 882 2456 forte
939 2396 1107 2456 dies
1162 2408 1345 2456 noto
1413 2399 1725 2475 signata
1783 2399 1928 2458 To·-

134 2497 399 2555 nantis
431 2496 789 2569 fulmine,
834 2516 1061 2577 quum
1096 2507 1200 2570 te,
1246 2498 1717 2571 tener‘Euie‚
1761 2518 1926 2579 par—

136 2602 263 2655 tus
329 2597 844 2656 transmisere
903 2599 1142 2677 patri;
1211 2596 1479 2674 Tyriis.
1543 2617 1629 2657 ea
1696 2617 1926 2659 causa

139 2695 448 2755 colonis
489 2696 916 2758 insomnem
958 2697 1143 2772 ludo
1190 2700 1554 2757 certatim
1600 2698 1927 2759 educere

134 2785 441 2856 noctem
486 2807 864 2857 suaserat.
951 2798 1055 2857 De
1080 2798 1366 2860 Minerva
1389 2798 1558 2858 Mela
1600 2800 1645 2857 I.
1691 2799 1750 2857 7.
1793 2818 1926 2879 pa-

142 2894 262 2956 lus
321 2894 711 2968 Tritonis,
777 2897 978 2957 unde
1042 2899 1444 2960 Minervae
1510 2917 1923 2976 cognomen

137 2992 475 3054 inditum
522 3005 668 3069 est,
727 3005 811 3055 ut
865 2999 1178 3058 incolae
1235 2998 1760 3072 arbitrantur,
1814 2998 1923 3057 ibi

138 3094 478 3170 genitae;
520 3096 974 3178 faciuntque
1019 3099 1364 3178 aliquam
1402 3097 1676 3170 fidem,
1723 3096 1922 3177 quod

138 3210 356 3271 quem
414 3196 752 3256 natalem
811 3197 1311 3279 ejusputant
1365 3196 1704 3256 ludicris
1764 3199 1919 3259 vir-

139 3293 397 3370 ginum
453 3295 882 3371 celebrent;
941 3316 1097 3377 quos
1155 3298 1335 3357 ludos
1379 3296 1737 3357 Herodotus
1799 3317 1920 3356 non

258 3416 320 3473 [b]
352 3433 392 3459 v.
426 3418 629 3463 harcher.
662 3422 717 3464 ad
747 3422 911 3465 Herod.
946 3424 996 3464 V.
1030 3421 1098 3465 56.
1131 3439 1171 3480 p.
1203 3423 1301 3466 251.
1335 3423 1391 3465 T.
1423 3423 1499 3465 IV.

1428 3497 1512 3556 28
1559 3500 1591 3539 *
