2176 3886
557 925 1661 1001 PRAEFATIO.

212 1312 404 1427 Non
462 1370 608 1448 quia
651 1387 812 1427 nune
857 1372 1309 1429 cummaxime
1353 1388 1559 1430 rerum
1604 1371 2008 1447 mysticarum

211 1481 418 1542 studia
459 1483 744 1562 flagrant,
791 1502 865 1544 ea
909 1485 1062 1544 mihi
1105 1484 1186 1544 ad
1230 1484 1619 1544 scribendum
1662 1487 1853 1556 ratio,
1900 1484 2027 1567 sed·

212 1599 351 1676 ipsa
414 1600 506 1658 rei
562 1602 832 1676 gravitas
891 1600 971 1659 ad
1027 1601 1144 1659 hoe
1196 1619 1299 1659 me
1356 1601 1608 1680 impulit
1665 1584 2026 1671 eonsilium?

214 1711 381 1791 quod
438 1724 581 1772 ante
637 1714 867 1773 multos
925 1732 1120 1773 annos
1177 1727 1561 1793 susceptum,
1625 1714 2007 1793 temporibus

214 1826 628 1885 intermissum
686 1839 748 1886 et
804 1846 1002 1906 nuper
1059 1828 1307 1886 demum
1326 1871 1341 1898 ‚
1432 1846 1618 1906 quum
1678 1827 2010 1903 Phrynichi

213 1938 549 2000 editionem
622 1941 1059 2017 absolvissem,
1119 1961 1194 2001 ex
1251 1944 1489 2020 integro
1547 1950 1890 2002 resumtum
1948 1953 2010 2001 et

210 2054 556 2133 perfectum
627 2067 748 2131 est3
816 2059 871 2116 si
938 2040 1126 2117 modo
1198 2057 1538 2137 perfectum
1603 2057 1806 2117 dicere
1839 2058 2011 2117 -licet

211 2169 376 2249 quod
457 2171 536 2230 ad
620 2175 1011 2253 propositum
1086 2174 1400 2254 exemplar
1470 2182 1711 2232 tantum
1788 2173 2009 2244 deficit,

214 2295 509 2364 quantum
564 2288 763 2346 sentio
823 2298 884 2346 et
938 2307 1090 2368 prae
1144 2308 1245 2347 me
1289 2288 1438 2347 fero.
1527 2288 1774 2347 Etenim
1821 2307 2010 2368 quan-

214 2400 418 2480 quam
467 2400 633 2462 idem
703 2401 890 2461 hodie
948 2402 1025 2462 de
1085 2423 1185 2462 me
1242 2405 1536 2483 profiteor
1595 2402 1759 2482 quod
1821 2422 2008 2483 quum

212 2516 419 2594 primo
480 2517 547 2575 in
604 2516 918 2597 publicum
980 2517 1296 2598 prodirem
1353 2529 1416 2578 et
1473 2537 1663 2598 quum
1720 2518 2009 2592 secundo,

214 2649 430 2710 parem
454 2653 458 2655 s
484 2651 687 2693 meam
746 2644 809 2692 et
868 2635 933 2692 in
979 2633 1372 2714 suscipiendo
1420 2653 1607 2714 opere
1650 2635 2008 2712 religionem

211 2745 403 2805 fuisse
459 2757 520 2806 et
573 2750 638 2808 in
693 2747 1115 2830 persequendo
1174 2751 1612 2809 constantiam:
1683 2760 1892 2810 tamen
1947 2748 2011 2807 id

215 2861 455 2922 minore
498 2862 659 2923 facio
705 2883 887 2944 quam
934 2873 1115 2924 antea
1159 2864 1384 2924 fiducia
1428 2876 1560 2925 tum
1584 2875 1848 2945 propter
1882 2882 2007 2924 ma-

215 2979 408 3035 teriae
466 2976 887 3039 difficultatem
946 3001 1059 3060 per
1118 2999 1330 3040 omnes
1375 2981 1757 3060 antiquitatis
1803 2965 2049 3060 partes*

215 3088 510 3152 latissime
556 3094 760 3167 fusae,
807 3105 938 3155 tum
984 3099 1127 3175 quia
1172 3096 1250 3156 ad
1297 3115 1435 3155 eum
1482 3113 1837 3175 progressus
1873 3091 2046 3154 sum'·

220 3208 439 3267 aetatis
506 3205 762 3286 gradum
834 3213 900 3269 in
971 3231 1091 3291 quo
1164 3213 1480 3271 constituti
1550 3223 1611 3271 et
1668 3221 1879 3270 nostra
1950 3219 2010 3267 et

221 3322 420 3381 aliena
476 3326 678 3384 minus
738 3328 1061 3407 minusque
1121 3326 1382 3406 probare
1428 3327 1714 3386 solemus.
1802 3308 2040 3404 Neque'
