2158 3848
207 174 332 234 216
795 192 1030 237 cumn
1075 192 1383 237 PR1Mus.

208 318 466 396 prologo
530 320 848 402 Euripidis
917 325 1198 386 Erechth.
1255 323 1357 384 Fr.
1415 321 1581 382 XIV.
1635 322 1985 386 Αἰθιοπίαν

208 440 311 480 νιν
354 420 586 488 ἐξὲσωᾶ
633 424 729 484 ἐπὶ
764 423 999 503 χθόνα,
1045 444 1163 504 quo
1207 426 1344 484 loco
1388 442 1466 481 ne
1508 424 1642 503 quis
1671 422 1985 501 Stephano

209 515 440 578 diffisus
486 519 861 603 Aethiopion
903 525 1196 583 Euboeae
1238 524 1563 603 significari
1605 521 1832 595 credat,
1879 522 1985 581 ob-

209 626 331 676 stat
373 628 520 679 nota
565 619 665 679 dei
710 641 848 682 cum
885 623 1295 704 Aethiopibus
1339 623 1753 696 conversati03
1795 621 1988 684 verba

210 716 480 797 Neptuni
524 731 681 781 sunt.

499 1176 501 1183 2
576 1138 1404 1253 EPIMETRUM
1494 1138 1626 1215 11.
1662 1152 1664 1154 ’

375 1523 474 1582 Ex
518 1526 787 1584 centenis
831 1524 1018 1601 hujus
1074 1542 1220 1584 usus
1276 1523 1575 1603 exemplis
1630 1540 1824 1583 unum
1881 1542 1990 1604 ap-

207 1638 438 1699 ponam
480 1634 737 1706 propter
789 1624 1096 1703 quandam
1152 1609 1613 1702 grammaticam
1667 1626 1989 1683 rationem.

205 1720 559 1784 Methodius
606 1722 867 1786 Conviv.
902 1725 1083 1806 Sept.
1128 1723 1446 1803 virg.V11.
1492 1721 1550 1784 5.
1592 1724 1746 1788 707..
1784 1723 1853 1784 T.
1881 1725 1988 1784 III.

210 1821 370 1881 Gall.
423 1832 630 1886 ταῦτα
658 1833 796 1888 τῶν
837 1826 1186 1908 ὑμετέρων,
1243 1823 1293 1887 ὦ
1335 1825 1853 1907 καλλιπαρθένοι,
1908 1823 1987 1887 τὰ

206 1922 389 2006 ὄργια
426 1931 559 1987 τῶν
589 1924 985 2007 μυστηρίων,
1031 1921 1216 1988 αὗται
1248 1932 1380 1987 τῶν
1418 1928 1485 1987 ἐν
1521 1925 1836 2006 παρθενίᾳ
1866 1950 1991 2006 μυ-

208 2026 747 2108 σταγωγηθέντων
802 2027 868 2086 αἱ·
915 2024 1182 2086 πλεῖαί·
1248 2023 1356 2083 uhi
1408 2022 1817 2082 masculinum
1872 2041 1989 2103 pro

204 2119 505 2181 feminino
563 2122 898 2204 subrepsit3
970 2124 1136 2204 quod
1203 2124 1430 2186 vitium
1496 2123 1715 2196 latiu8‚
1803 2140 1990 2203 quam

207 2219 611 2282 Grammatici
655 2225 1013 2304 opinentur,
1078 2241 1364 2303 sparsum
1398 2236 1551 2282 'esse
1604 2223 1672 2281 in
1713 2222 1991 2300 Parergis

207 2321 287 2379 ad
345 2323 569 2400 Phryn.
629 2344 691 2404 p.
733 2322 878 2383 751.
943 2325 1325 2404 scripsimus.
1425 2319 1687 2401 Culpam
1744 2341 1991 2383 omnem

204 2422 272 2478 in
313 2408 599 2482 librarios
643 2423 990 2494 editoresve
1033 2424 1272 2482 confert
1298 2422 1660 2482 Schaeferus
1689 2421 1770 2482 ad
1791 2423 1986 2503 Apol-

205 2520 328 2578 lon.
375 2519 578 2580 Schol.
622 2542 685 2602 p.
729 2522 872 2582 306.
928 2523 1298 2602 compendia
1339 2523 1806 2601 participiorum
1851 2542 1991 2603 per-

205 2638 418 2699 peram
464 2622 808 2701 explentes,
868 2640 980 2680 nec
1032 2640 1262 2701 paucos
1316 2622 1486 2680 locos
1530 2622 1679 2693 hoc,
1742 2630 1813 2679 ut
1866 2621 1990 2699 ipsi

204 2718 486 2794 videtur,
530 2741 735 2780 errore
780 2721 1151 2802 depravatos
1196 2721 1276 2781 ad
1318 2729 1548 2780 rectam
1593 2718 1838 2778 dicendi
1891 2739 1991 2778 ra-

206 2820 442 2878 tionem
483 2831 736 2883 revocat
775 2839 837 2900 p.
881 2821 1024 2880 628.
1113 2820 1239 2880 Sed
1280 2822 1505 2882 vitium
1550 2819 1685 2891 hoc,
1732 2827 1805 2877 ut
1839 2817 1988 2892 dixi,

206 2921 390 2979 altius
435 2920 703 2982 defixum
748 2930 842 2981 est
884 2939 1066 3000 quam
1111 2930 1182 2980 ut
1225 2920 1552 3001 exstirpari
1593 2920 1810 2998 possit.
1878 2917 1986 2978 Ni-

169 3019 294 3108 ‘hil
340 3019 539 3081 dicam
584 3021 662 3081 de
706 3019 1010 3100 ejusmodi
1053 3022 1360 3102 exemplis
1403 3027 1535 3084 τῶν
1559 3016 1800 3083 πόλεων
1836 3021 1985 3082 ἅπε-
2072 3016 2077 3021 ’

207 3119 545 3205 γνωκότων
600 3123 824 3181 Zosim.
880 3119 1043 3182 Hist.
1088 3119 1160 3180 V.
1216 3121 1316 3181 26.
1378 3118 1523 3180 456.
1580 3137 1777 3199 neque
1831 3119 1982 3179 locis

208 3219 412 3280 dubiis
456 3230 596 3280 utar
636 3222 811 3282 velut
853 3221 1150 3281 Plutarch.
1179 3219 1425 3294 Quaest.
1469 3220 1572 3279 Gr.
1619 3240 1666 3278 c.
1693 3217 1791 3279 56.
1836 3218 1979 3278 407.

208 3328 335 3383 τῶν
380 3323 822 3402 φονευθέντων
863 3318 1306 3405 (Amazonum)
1350 3319 1460 3382 sed
1495 3320 1761 3398 integris.
1803 3317 1978 3381 Nice·
