2158 3848
196 171 321 231 554
722 182 964 228 LIBER
1007 183 1440 228 SECUNDUS,

191 324 304 378 τοῦ
362 313 683 398 βασιλείου
742 311 1008 396 θρόνου.
1066 313 1211 373 ·De
1274 310 1604 376 Curetibus
1675 314 1844 375 idem
1914 320 1980 378 in

193 414 405 475 Theol.
449 413 520 473 V.
565 412 665 474 35.
712 413 854 474 322.
911 413 1006 484 τίς
1061 415 1177 477 οὐκ
1231 414 1359 478 οἶδε
1411 424 1545 480 τῶν
1600 417 1706 479 καὶ
1749 418 1979 498 σμικροὶ

190 524 298 596 τῆς
351 516 696 594 Ἑλληνικῆς
758 514 1104 595 θεοσοφίας
1165 514 1526 593 ἀκηκοότων
1589 519 1656 582 ἔν
1713 541 1779 578 τε
1843 522 1980 586 ταῖς

195 613 475 697 ἅρῥήτοις
520 616 735 677 αὐτῶν
777 618 1045 683 τελεταῖς
1085 613 1193 676 καὶ
1233 621 1370 685 ταῖς
1395 617 1607 687 ἄλλαις
1631 617 1771 700 περὶ
1804 621 1979 680 θεῶν

192 713 641 801 πραγματείαις
699 713 814 792 τὴν
869 720 1009 776 τῶν
1043 711 1387 796 Κουρήτων
1440 715 1620 788 τάξιν
1662 717 1979 799 ὑμνουμὲ*

191 840 310 896 νην
319 842 342 891 ,·
398 813 582 877 αὐτοὶ
622 820 783 899 γοῦν
826 812 941 892 τὴν
978 812 1158 877 Ῥέαν
1201 816 1485 899 λέγονται
1529 823 1832 900 φρουρεῖν
1873 817 1980 880 καὶ

190 917 304 980 τὸν
347 922 477 979 τῶν
522 914 687 978 ὅλων
731 913 1154 999 δημιουργὸν,
1217 914 1323 976 καὶ
1363 917 1544 996 μέχρι
1585 925 1716 981 τῶν
1759 917 1978 983 αῗτίων

188 1024 296 1100 τῆς
350 1023 642 1098 μεριστῆς
700 1013 1039 1100 ζωογονίας
1098 1013 1420 1097 προϊόντες
1472 1014 1591 1095 τήν
1644 1041 1731 1079 τε·
1762 1015 1978 1100 Κόρην

188 1118 294 1180 καὶ
333 1116 450 1179 τὸν
493 1114 808 1179 Διόνυσον
851 1113 1216 1198 φυλάττειν·
1264 1135 1425 1197 quae
1468 1116 1546 1176 ab
1593 1115 1842 1198 Orpheo
1888 1118 1978 1177 ita

189 1217 420 1278 dictata
463 1234 627 1290 esse,
693 1216 926 1275 nemini
983 1214 1243 1275 dubium
1288 1215 1491 1277 videri
1545 1226 1770 1298 potest.
1853 1215 1975 1278 His

186 1319 372 1396 igitur
415 1315 722 1376 tutoribus
766 1315 1068 1377 adversus
1110 1317 1501 1377 inimicorum
1538 1320 1797 1396 injurias
1840 1337 1976 1378 mu-

186 1421 352 1480 nitus
416 1416 680 1493 Zagreus
746 1417 998 1478 crevit
1065 1416 1377 1476 occulto
1451 1419 1670 1478 velut
1741 1418 1975 1479 arbor

188 1536 397 1579 aevo.
460 1513 744 1575 Clemens
790 1514 1016 1575 Strom.
1044 1515 1147 1575 VI.
1192 1514 1338 1575 751.
1383 1518 1587 1600 εὕροις
1627 1519 1694 1582 δ’
1742 1519 1833 1584 ἂν
1869 1521 1975 1582 καὶ

186 1618 469 1701 (Όμηρον
512 1620 713 1680 ἐκεῖνα
755 1616 833 1678 τὰ
880 1619 990 1696 ἔπη
1035 1616 1130 1698 (Il.
1175 1616 1371 1676 XVII.
1418 1615 1546 1699 53.)

331 1727 459 1785 Οἷον
495 1730 552 1782 δὲ
586 1728 757 1800 τρέφει
792 1727 935 1800 ἔρνος
968 1728 1096 1800 ἀνὴρ
1131 1730 1369 1801 ἐριθηλὲς
1402 1731 1574 1800 ἐλαίης

186 1833 293 1895 καὶ
332 1833 412 1895 τὰ
458 1835 590 1911 ἑξῆς
633 1831 792 1894 κατὰ
838 1833 998 1902 λέξιν
1030 1831 1483 1914 μετενηνοχότα
1515 1836 1658 1916 παρ’
1687 1835 1974 1918 Ὀρφέως

187 1939 253 1996 ἐκ
307 1941 421 1995 τοῦ
479 1930 792 1995 Διονύσου
854 1934 1242 2015 ἀφανισμοῦ,
1298 1933 1462 1993 unde
1518 1935 1721 2012 colligi
1764 1944 1974 2015 potest

184 2033 500 2114 Orpheum
546 2033 734 2090 etiam
779 2042 1101 2112 sequentes
1144 2041 1362 2094 versus

317 2144 473 2216 χώρῳ
512 2144 564 2195 ἒν
601 2141 851 2217 οἰοπόλῳ,
890 2144 975 2198 ὅθ’
1013 2144 1125 2208 ἅλις
1158 2144 1505 2216 ἀναβέβρυχεν
1539 2145 1699 2217 ὕδωρ,

323 2230 505 2295 καλὸν,
539 2228 820 2298 τηλεθάον,
860 2229 917 2283 τὸ
955 2231 1016 2283 δέ
1045 2252 1098 2284 τε
1130 2232 1301 2284 πνοιαὶ
1334 2230 1566 2284 δονέουσι

324 2316 582 2370 παντοίων
615 2314 815 2383 ἀνέμων
846 2317 937 2368 καί
966 2338 1017 2369 τε
1052 2314 1198 2388 βρύει
1230 2315 1388 2370 ἄνθεϊ
1413 2321 1574 2391 λευκῷ
1607 2328 1698 2372 etc.

184 2421 452 2496 integros
496 2417 655 2491 fere,
698 2427 768 2476 ut
810 2419 1020 2478 multis
1064 2419 1202 2478 aliis
1245 2419 1425 2492 fecit,
1470 2418 1552 2478 ad
1594 2438 1663 2479 se
1704 2428 1970 2479 transtu-

182 2519 346 2578 lisse.
451 2515 577 2576 Nec
631 2517 786 2575 mihi
842 2527 1188 2597 temperare
1240 2537 1529 2597 possum,
1586 2522 1733 2598 quin
1785 2521 1966 2578 illum

185 2637 425 2699 quoque
479 2634 761 2688 versum,
849 2635 1030 2695 quem
1087 2616 1350 2676 Tzetzes
1406 2619 1474 2675 in
1529 2617 1717 2695 Exeg.
1775 2618 1845 2676 Il.
1902 2639 1964 2699 p.

183 2720 283 2780 26.
326 2718 670 2778 Homerum
715 2715 791 2775 ab
837 2715 1087 2795 Orpheo
1133 2717 1439 2796 accepisse
1483 2715 1773 2776 affirmat:

313 2830 493 2883 Ἕκτον
525 2828 660 2895 ἔτος,
693 2829 752 2881 τὸ
787 2829 882 2895 μὲν
915 2826 1053 2890 οὔτις
1085 2828 1370 2899 ἐπέφρασεν
1404 2828 1510 2881 οὐδ’
1549 2826 1770 2898 ἐνόησεν,

185 2933 265 2994 ad
308 2934 464 2993 hanc
506 2933 920 2992 narrationem
966 2930 1044 2989 de
1088 2920 1303 3008 Zagrei
1344 2933 1411 2990 in
1456 2932 1694 2991 occulto
1744 2930 1964 2992 educa-·

186 3035 235 3093 ti
288 3034 680 3092 incrementis
734 3033 1042 3112 pertinere
1096 3040 1332 3111 putem.
1397 3031 1616 3112 ‘Apud
1671 3018 1961 3094 Nonnum
2022 3103 2025 3106 ,

184 3133 408 3193 XXIV.
452 3133 552 3193 43.
641 3131 974 3212 Hydaspes
1018 3133 1315 3210 gloriatur

1195 3279 1258 3285 -
1296 3277 1368 3286 —
1402 3247 1638 3316 Κρονίων

326 3331 530 3401 Ζαγρέα
566 3329 954 3398 παιδοκόμοισιν
991 3331 1135 3398 ἐμαῖς
1171 3328 1534 3403 παρακάτθετο
1571 3329 1833 3402 Νύμφαις.
