2158 3848
738 203 1284 251 ·0RP1110A.
1665 209 1668 213 ·
1818 193 1944 255 733

169 337 464 397 habemus
554 338 743 397 etiam
833 331 1269 412 olympiodori
1366 335 1785 398 testimonium
1879 341 1944 416 in

168 435 403 496 Comm.
468 434 550 496 ad
603 432 833 494 Phileb.
862 458 868 464 ·
893 451 991 513 ap.
1010 439 1017 465 ²
1046 432 1299 492 Gesner.
1356 433 1600 511 Fragm.
1658 437 1824 496 Ined.
1882 459 1944 518 p.

165 536 309 595 410.
354 533 524 618 (510.
566 533 828 614 H·.)·qui
870 531 1079 612 plures
1122 530 1371 614 μνήμας
1405 550 1792 608 emmeram,
1835 556 1945 616 po-

166 644 412 708 strema,
439 635 676 714 inquit,
717 633 756 714 ἡ
794 632 950 702 θεὸς.
989 632 1167 712 αὐτὴ,
1225 635 1332 716 ἀφ’
1376 630 1448 714 ἧς
1490 642 1661 697 πᾶσα
1709 636 1744 716 ἡ
1788 636 1945 699 ἰδιό-

165 760 299 814 της·
330 734 694 820 ἐπιγίνεται,
748 739 863 796 εἴτε
919 733 957 812 ἡ
1013 732 1182 815 παρὰ
1235 742 1326 817 ’τῷ
1363 736 1584 818 Ὀρφεῖ
1620 735 1944 817 Μνημώ,

166 839 283 896 εἴτε
350 835 458 897 καὶ
517 837 667 915 ἄλλη
735 859 830 904 τις
900 830 1060 896 οὖσα
1126 833 1449 920 τυγχάνει,
1509 853 1633 914 quo
1687 835 1754 893 in
1808 834 1945 895 loco

166 933 609 996 Stallbaumius
664 932 905 1017 Μνήμη
960 934 1206 1015 scripsit
1247 952 1308 1012 Ρ.
1352 934 1494 994 268.
1541 953 1599 994 n.
1639 933 1777 994 ffAc
1817 953 1948 995 ma·

166 1043 258 1092 ter
323 1035 462 1114 ipsa
514 1035 834 1095 Musarum
893 1032 1134 1115 Μνήμη
1201 1042 1460 1093 vocatur
1513 1035 1580 1092 in
1607 1085 1611 1092 .
1636 1034 1845 1114 Epigr.
1898 1036 1947 1105 Ι.

163 1133 472 1194 Athenaei
506 1154 567 1214 p.
602 1132 747 1194 257.
783 1133 852 1192 Τ.
887 1134 965 1192 ΙΙ.
1010 1131 1211 1191 Anall.
1255 1130 1586 1214 Μναμόνα
1629 1133 1838 1195 dorice
1858 1138 1947 1195 ‘in

162 1235 230 1291 in
272 1233 449 1292 codd.
492 1233 806 1292 nonnullis
846 1230 1034 1291 Arist.
1083 1231 1450 1308 Lys.<l247.
1486 1240 1549 1291 et
1578 1233 1743 1294 filiae
1776 1235 1947 1296 Mne-

162 1331 444 1392 monides
490 1330 674 1394 ovid.
717 1330 865 1391 Met.
908 1331 992 1390 V..
1025 1332 1169 1392 269.
1223 1331 1458 1392 Auson.
1504 1333 1720 1415 Griph.
1765 1336 1865 1397 30.
1909 1357 1948 1398 a

162 1442 361 1492 matre
415 1429 707 1513 Μνημώ,
766 1442 838 1491 ut
890 1442 1074 1513 puto;
1135 1450 1483 1512 quanquam
1543 1434 1946 1497 Grammatici

165 1532 245 1591 de
286 1531 494 1606 Εἰδώ,
531 1528 741 1616 Turni,
794 1530 988 1605 Τιτώ,
1028 1529 1232 1615 Ἀφρώ
1277 1541 1339 1591 et
1381 1534 1690 1595 similibus
1735 1535 1946 1618 dispu-

162 1640 366 1693 tantes
433 1630 606 1692 illius
665 1631 905 1691 formae
958 1634 1340 1692 mentionem
1398 1635 1721 1709 omittunt,
1790 1657 1947 1717 quae

164 1732 391 1793 doricis
447 1731 911 1792 adnumeranda
964 1731 1228 1793 videtur.
1303 1731 1650 1811 Hesychius
1692 1736 1864 1801 Κινώ
1906 1740 1945 1819 ἢ

163 1834 400 1914 κίνησις
455 1838 730 1914 Δωριεῖς.
819 1831 1025 1892 Idem:
1075 1833 1433 1914 Ἀνθρωπώ·
1473 1835 1511 1913 ἡ
1566 1836 1721 1920 γονὴ
1774 1839 1946 1921 παρὰ

161 1933 482 1998 Λάκωσιν.
527 1931 723 1991 Iidem
769 1931 1069 1992 Venerem
1115 1931 1367 2016 Μερφώ
1414 1937 1944 2012 cognominavere,

161 2031 282 2116 quo
337 2050 457 2115 pro
511 2031 894 2112 appellativo
947 2033 1142 2091 utitur
1196 2032 1501 2110 Archytas
1524 2035 1596 2115 [⁰]
1643 2044 1706 2095 et
1749 2043 1947 2118 Περι-

161 2132 356 2218 βασώ.
411 2152 474 2193 v.
516 2131 743 2190 Potter.
788 2130 871 2191 ad
914 2129 1103 2191 Clem.
1152 2129 1300 2191 Coh.
1345 2153 1406 2213 p.
1454 2134 1554 2193 33.
1611 2135 1787 2199 Σιταὶ
1832 2136 1945 2199 Ce-

159 2235 314 2294 reris
355 2251 583 2292 nomen
626 2230 794 2312 apud
837 2231 1256 2309 Syracusanos
1299 2232 1521 2293 Athen.
1562 2235 1845 2297 Illxlo'9.
1868 2237 1953 2312 Α..

163 2352 424 2416 quorum
475 2333 755 2413 ipsorum
808 2331 956 2391 urbs
1019 2324 1295 2415 Συρακώ
1337 2333 1690 2414 Epicharm.
1734 2337 1942 2415 Etym.

163 2436 245 2496 M.
288 2455 350 2516 p.
394 2433 538 2494 736.
581 2451 779 2514 neque
820 2450 946 2491 non
988 2431 1321 2515 ὅπισαμβώ
1365 2433 1640 2495 doricum
1675 2436 1942 2513 videtur,

164 2619 244 2664 τὸν
276 2617 452 2678 χρόνον
491 2615 552 2669 ὥς
580 2614 872 2676 σοφώτατον,
918 2614 1123 2676 παρόντα
1163 2616 1263 2661 τινὰ
1304 2621 1395 2662 τῶν
1426 2622 1610 2677 σοφῶν,
1643 2622 1788 2664 εἰπεῖν
1817 2625 1864 2665 τί
1889 2622 1941 2669 δὲ

163 2695 206 2723 κ.
237 2695 276 2723 τ.
306 2680 348 2723 λ.
390 2677 466 2721 sed
496 2691 622 2735 posse
651 2677 781 2719 etiarn
811 2674 926 2734 apud
955 2675 1230 2719 Aristotelem
1261 2691 1338 2734 pro
1369 2678 1600 2735 participio
1631 2679 1793 2736 accipi,
1825 2682 1940 2753 quod

165 2738 325 2780 Sextus
365 2751 404 2780 e.
434 2736 627 2779 Gramm.
658 2735 716 2779 X.
747 2734 845 2778 266.
885 2748 1108 2792 perperam
1149 2741 1282 2791 negat
1323 2736 1388 2778 his
1419 2737 1587 2779 verbis:
1610 2733 1808 2794 Ἄρχων,
1829 2737 1941 2799 Ἀρ-

159 2810 311 2853 χωνος
336 2795 425 2853 μὲν
452 2798 626 2852 γίνεται
654 2790 766 2837 κατὰ
796 2791 993 2852 πλάγιον
1020 2796 1194 2836 πτῶσιν
1221 2792 1271 2838 τὸ
1303 2790 1597 2853 ὀνοματικόν,
1641 2791 1859 2854 ἄρχοντος
1888 2798 1941 2844 δὲ

165 2852 216 2897 τὸ
244 2850 509 2912 μετοχικὸν,
542 2854 619 2895 καὶ
648 2848 761 2894 κατὰ
788 2850 1058 2910 τὸνὸμοιον
1086 2849 1256 2912 τρόπον
1272 2856 1449 2911 μένων,
1479 2857 1627 2909 θέων,
1660 2858 1798 2911 νέων,
1831 2860 1939 2902 Μέ-

166 2926 310 2961 νωνος
349 2910 483 2967 (male
511 2909 739 2953 Fabricius
767 2911 996 2964 Μένονος)
1037 2909 1086 2954 τὸ
1130 2907 1426 2969 ὀνοματικόν,
1468 2914 1685 2968 μένοντος
1714 2913 1764 2958 δὲ
1794 2910 1822 2968 ἦ
1848 2929 1938 2975 με-

166 2967 276 3027 τοχή
305 2975 388 3013 etc.
427 2969 499 3012 Ita
536 2982 641 3012 sane
668 2965 840 3027 Πάρων
867 2965 943 3013 Πά
974 2983 1087 3018 ωνος
1115 2969 1242 3012 Diod.
1274 2969 1390 3012 XIX.
1425 2970 1491 3011 10.
1522 2970 1610 3013 Sed
1648 2978 1798 3015 contra
1828 2974 1939 3017 hanc

166 3028 358 3084 regulam
390 3026 696 3086 Ἀντιφέροντι
725 3026 903 3070 Aristot.
962 3042 988 3070 e
1019 3028 1199 3070 Memor.
1229 3027 1264 3070 I.
1297 3042 1337 3084 p.
1371 3026 1443 3071 80.
1485 3031 1720 3087 Φλέγοντα
1750 3031 1872 3075 Suid.
1902 3047 1936 3075 s.

171 3087 320 3188 Θαῦῆς
356 3091 402 3129 et
441 3086 638 3144 saepius3
686 3083 910 3135 Μέδωνος
947 3091 991 3130 et
1029 3085 1267 3135 Μέδοντος
1306 3101 1347 3128 v.
1388 3086 1548 3130 Anecd.
1590 3088 1729 3132 Bekk.
1771 3090 1863 3133 Ind.
1902 3106 1936 3133 s,

167 3141 244 3189 Λᾶ
275 3158 352 3189 ων.

286 3230 354 3301 [⁰]
387 3245 428 3274 v.
457 3231 565 3274 Lex.
595 3231 736 3301 Hujus
777 3230 948 3300 generis
986 3231 1119 3300 multa
1156 3245 1182 3273 a
1213 3230 1354 3297 poetis
1383 3232 1631 3302 praesertim
1665 3241 1934 3291 usurpantur,

167 3293 335 3348 γλιχω,
378 3288 523 3345 δοκῶ,
561 3291 761 3344 θελκῐω,
792 3290 942 3345 θηλω,
974 3292 1114 3347 λεχω,
1145 3291 1321 3346 μελλω,
1353 3294 1525 3346 πειθω,
1557 3289 1738 3348 πεύθω,
1770 3291 1930 3351 φειδώ.

169 3363 281 3405 quae
310 3355 356 3391 et
384 3348 591 3393 actionem
620 3354 667 3392 et
694 3360 919 3405 personam
948 3348 1204 3404 significant.
