2158 3848
766 240 1216 294 oRPHICA.
1753 223 1877 285 265

114 384 309 442 thium
355 378 727 458 compositus
771 381 878 430 est.
967 367 1202 442 Quibus
1247 368 1533 428 omnibus
1569 372 1882 430 confirma-

113 493 241 554 tur,
303 474 479 536 illum
523 469 825 544 furorem,
893 488 1012 550 quo
1068 471 1305 528 incitati
1346 469 1625 528 homines
1682 473 1880 548 singu-

110 582 223 640 lari
277 575 544 656 quodam
601 571 857 630 deorum
915 589 1169 629 munere
1232 569 1440 628 futura
1496 578 1747 628 cernunt
1801 573 1888 630 sic

109 689 178 739 ut
218 674 596 757 praesentia,
660 670 738 729 ab
782 671 1109 730 homericis
1162 669 1413 731 vatibus
1468 687 1723 750 prorsus
1783 668 1888 728 ab-

111 796 258 838 esse.
341 771 603 851 Delphis
636 769 887 850 quidem
926 769 1077 830 deus
1119 771 1256 850 ipse
1300 769 1755 829 consulentibus
1796 771 1891 828 in-

117 884 345 937 certum
391 869 703 951 quomodo
746 869 1141 950 respondisse
1186 869 1408 928 dicitur
1446 869 1561 929 od.
1584 868 1746 930 vm.
1788 869 1890 929 79.

114 975 224 1036 sed
266 993 304 1034 a
347 971 507 1037 Jove
529 970 877 1031 Dodonaeo
923 970 1170 1028 oracula
1214 969 1428 1028 eadem
1470 971 1731 1042 ratione,
1756 985 1894 1049 ⁸qua

118 1077 354 1155 aliquot
396 1071 617 1131 seculis
661 1080 805 1150 post
846 1072 912 1128 in
955 1069 1091 1128 luco
1135 1068 1424 1140 Deliaco,
1483 1068 1651 1127 edita
1693 1068 1894 1142 credo,

112 1173 550 1255 interpretibus
597 1171 812 1244 Sellis,
854 1179 1033 1247 gente
1074 1169 1206 1228 fera
1248 1178 1310 1227 et
1352 1169 1655 1242 silvestri,
1698 1169 1896 1228 nullo·-

112 1295 228 1357 que
273 1274 490 1337 divino
534 1272 827 1330 instinctu
878 1278 1054 1330 mota
1106 1268 1217 1329 sed
1261 1267 1551 1329 diuturna
1607 1268 1897 1330 fatidicae

111 1376 348 1436 arboris
406 1371 872 1445 observatione,
940 1369 1089 1451 quid
1153 1371 1372 1451 cuique
1438 1371 1897 1449 significaretur,

110 1477 265 1536 scire
308 1472 542 1534 edocta.

283 1571 570 1633 Ceterum
614 1574 1002 1633 heroicorum
1047 1581 1266 1635 vatum
1321 1572 1605 1632 nonnulli
1655 1572 1898 1650 regibus

113 1675 406 1741 affinitate
463 1674 771 1752 conjuncti
825 1683 932 1732 aut
985 1675 1110 1754 ipsi
1163 1692 1335 1752 reges
1391 1673 1595 1746 fuere,
1661 1682 1731 1732 ut
1771 1672 1901 1732 Me-

113 1777 387 1856 lampuS,
430 1774 878 1854 AmphiarauS,
932 1773 1241 1847 Helenus,
1295 1774 1516 1853 quibus
1562 1771 1775 1831 Cicero
1822 1772 1900 1832 de

114 1876 328 1937 Divin.
372 1875 418 1933 I.
462 1873 565 1934 40.
653 1871 1138 1951 Amphilochum
1195 1883 1257 1931 et
1298 1874 1589 1954 Mopsum
1636 1872 1897 1950 Argivo-

113 1993 255 2035 rum
298 1973 607 2054 principes
651 1971 961 2050 adjungit,
1027 1991 1140 2031 nec
1195 1983 1403 2033 tamen
1440 1971 1670 2046 efficit,
1735 1973 1901 2054 quod

114 2074 487 2158 persuadere
553 2082 838 2146 conatur,
903 2075 1156 2132 omnino
1225 2071 1391 2154 apud
1453 2083 1726 2148 veteres,
1795 2077 1902 2154 qui

115 2194 319 2235 rerum
389 2173 768 2255 potirentur,
856 2172 1109 2232 eosdem
1179 2176 1435 2251 auguria
1506 2180 1775 2234 tenuisse
1803 2172 1902 2257 [ἢ]

118 2276 277 2337 Nam
321 2275 617 2355 pleraque
659 2292 807 2354 pars
852 2292 1150 2351 augurum
1192 2277 1389 2336 vitam
1421 2276 1734 2355 privatam
1768 2295 1905 2354 age-

122 2376 301 2448 bant,
346 2374 490 2451 vagi
533 2382 596 2432 et
635 2373 846 2446 liberi,
890 2375 1048 2434 sicut
1092 2383 1402 2448 cantores,
1447 2375 1700 2458 medici,
1744 2376 1908 2437 fabri

124 2486 187 2535 et
229 2476 416 2535 ceteri
456 2473 848 2560 ὃημιοεργοί,
905 2474 1125 2554 quibus
1169 2477 1539 2536 nominatim
1584 2496 1906 2555 aggregan-

124 2585 226 2635 tur
270 2574 384 2634 Od.
428 2573 622 2633 XVII.
667 2573 809 2633 542.
869 2584 930 2633 et
974 2594 1324 2655 quanquam
1379 2595 1595 2636 eorum
1650 2581 1907 2640 monitis

123 2695 309 2756 saepe
375 2674 871 2756 obtemperatum
934 2685 1055 2750 est,
1142 2686 1350 2738 tamen
1413 2697 1541 2737 non
1601 2697 1911 2740 summam

129 2778 403 2839 omnium
448 2774 616 2858 apud
660 2794 871 2836 omnes
929 2779 1364 2837 auctoritatem
1419 2779 1640 2854 fuisse,
1697 2799 1909 2842 exem-

131 2877 234 2956 plo
278 2887 421 2937 sunt
458 2876 693 2937 Hector
734 2876 802 2936 Π.
828 2876 966 2937 XII.
1001 2878 1144 2938 237.
1187 2879 1469 2939 Priamus
1493 2878 1721 2939 XXIV.
1766 2880 1911 2941 221.

136 2985 198 3036 et
238 2977 636 3045 Telemachus
682 2974 796 3036 od.
839 2979 886 3038 1.
929 2977 1075 3040 415.
1136 2999 1433 3058 augurum
1492 2989 1554 3037 et
1609 2981 1911 3059 conjecto-

137 3095 275 3136 rum
315 3097 613 3159 responsa
666 3079 928 3156 ingenuo
989 3080 1242 3140 fastidio
1286 3078 1699 3160 repudiantes.
1785 3081 1912 3143 Nec

257 3228 320 3288 [ii]
352 3233 511 3279 Strabo
555 3235 674 3278 XVI.
714 3234 814 3278 762.
855 3235 931 3279 διὰ
972 3240 1101 3282 τοῦτο
1134 3239 1211 3281 καὶ
1241 3238 1285 3281 οἱ
1313 3233 1496 3295 μάντεις
1525 3236 1771 3296 ἐτιμῶντο,
1805 3237 1911 3288 ὥςτε

140 3292 216 3334 καὶ
253 3294 478 3345 βασιλείας
518 3292 757 3344 ἀξιοῦσθαι
786 3320 843 3327 -
870 3298 1067 3346 τοιοῦτος
1097 3298 1145 3341 δὲ
1178 3294 1201 3340 ὁ
1227 3292 1512 3353 Ἀμφιάρεως
1540 3299 1617 3339 καὶ
1647 3295 1670 3340 ὁ
1710 3296 1909 3357 Τροφώ-

141 3364 233 3398 νιος
273 3352 350 3391 καὶ
392 3347 415 3393 ὁ
440 3349 629 3409 Ὀρφεὺς
658 3355 733 3395 καὶ
765 3350 787 3395 ὃ
819 3357 1057 3405 Μουσαῖος
1086 3358 1162 3399 καὶ
1192 3352 1215 3399 ὁ
1247 3352 1372 3414 παρὰ
1403 3358 1556 3405 Γέταις
1583 3352 1702 3405 θεός.
1762 3357 1832 3400 Ita
1863 3372 1909 3400 se

141 3422 210 3451 res
241 3409 397 3461 habet3
427 3410 600 3454 barbari
630 3412 803 3455 vatibus
835 3412 1097 3467 servierunt,
1131 3429 1213 3459 non
1244 3413 1418 3457 Graeci.
