2158 3848
181 192 184 196 »
232 149 353 210 178
820 153 1413 200 LIBER2PR1MUS.

229 291 512 355 sacerdos
541 288 944 370 praesederit·
974 286 1261 348 muliebri
1305 293 1525 344 ornatu
1569 283 1765 343 Tacit.-
1784 305 1785 309 ¹
1805 282 2012 342 Germ.

231 417 277 454 c.
322 393 541 454 XLIII.
597 408 765 449 nam=
800 392 1050 451 omnino
1084 386 1525 448 sacerdotalis·
1558 384 1808 443 habitus
1850 400 2015 442 com-

228 496 400 554 muni
417 491 762 561 delicatior,
807 488 1190 569 splendidior
1226 485 1642 563 muliebrique
1659 484 1926 563 :propior
1942 482 2010 560 [t]

228 597 378 668 fuit,
422 595 556 653 sive
599 590 744 667 quia
773 589 865 647 ⁴ab
910 582 1282 666 antiquitate>
1315 589 1570 658 ultima,
1614 594 1687 642 ut
1723 579 2016 662 pleraque

228 696 511 754 instituta
567 707 767 760 sacra,
823 684 1125 760 retentus,
1163 689 1314 749 -sive
1358 684 1598 746 decoris
1639 701 1841 743 causa.
1926 681 2019 741 Ac

229 810 490 875 sponsos
534 806 775 868 quoque
814 781 1047 852 ⁴stolam
1099 782 1384 846 induisse
1414 787 1777 846 Plutarchus
1831 791 2018 843 testa-

230 906 326 952 tur
371 890 618 964 Quaest.
678 887 781 947 Gr.
825 887 1040 947 LVIII.
1082 884 1240 948 ¹409.
1265 887 1413 945 fillo
1461 890 1601 964 ipso
1656 887 1827 958 loco»,
1894 901 2015 964 quo

227 1010 463 1053 morem
497 988 691 1049 Coum
730 988 807 1048 ab
832 987 1116 1048 Herculis
1162 987 1573 1046 occultatione
1615 986 1860 1065 repetit,
1902 985 2017 1051 sic-

228 1103 295 1153 ut
339 1093 464 1152 alio
508 1089 877 1150 muliebrem
922 1084 1371 1169 oschophoron
1424 1087 1721 1148 vestitum
1776 1102 1815 1142 a
1859 1080 2019 1141 The-

226 1195 317 1254 sei
361 1202 423 1251 et
466 1192 769 1251 comitum
812 1189 1063 1248 latebris
1077 1189 1186 1270 [V],
1249 1187 1418 1268 quod
1461 1205 1651 1265 genus
1709 1185 2017 1262 conjectu-

222 1310 434 1353 rarum
476 1309 660 1371 quam
713 1291 937 1352 leviter
991 1287 1382 1368 profuderint
1434 1298 1707 1361 vetereS,
1771 1282 2018 1345 abunde

223 1403 435 1472 patere
479 1391 759 1450 arbitror.

393 1491 512 1550 His
557 1499 620 1548 et
663 1489 891 1548 talibus
937 1490 991 1547 si
1036 1489 1172 1566 quis
1219 1487 1466 1547 credere
1494 1487 1698 1558 volet,
1741 1486 1796 1543 is
1819 1501 2017 1562 neque

222 1579 624 1650 Judaicorum
668 1589 993 1647 doctorum
1051 1589 1318 1664 argutias
1369 1587 1700 1667 repudiare
1748 1582 2016 1653 debebit,

222 1710 429 1750 arcam
484 1689 542 1750 N
546 1691 740 1762 oemi,
805 1696 1174 1747 structuram
1238 1687 1648 1759 tabernaculi,
1714 1683 2018 1763 templum

224 1791 603 1863 Salomonis,
664 1789 944 1848 habitum
988 1788 1407 1867 pontificalem
1460 1791 1552 1847 ita
1608 1788 1758 1846 scite
1812 1783 2016 1860 conje-

225 1892 550 1963 ctantium,
594 1880 669 1947 ut*
687 1886 928 1947 nullum
954 1889 1184 1960 licium,
1228 1888 1466 1946 nullam
1492 1906 1685 1946 unam
1703 1886 2014 1944 bracteam

221 1990 748 2069 praetermittant,
837 1990 985 2068 quin
1049 1987 1248 2048 divini
1302 1987 1600 2067 quiddam
1667 1984 2014 2044 intellectus

221 2090 588 2163 subnotent3
622 2107 824 2167 neque
866 2089 972 2146 ille
1014 2088 1110 2147 his
1153 2089 1385 2147 similes
1429 2087 1683 2146 Patrum
1705 2084 2013 2144 Ecclesia-

221 2191 512 2249 sticorum
543 2189 816 2270 θεωρίας
852 2185 1157 2270 μυστικάς
1182 2183 1642 2267 aspernabitur,
1682 2202 1879 2264 neque
1902 2201 2011 2244 va-

221 2307 432 2349 sorum
478 2298 539 2348 et
582 2298 865 2348 actuum
883 2306 1199 2347 sacrorum
1254 2284 1793 2369 interpretationes
1847 2302 2014 2361 sym-

219 2388 450 2448 bolicas
493 2390 559 2447 in
601 2388 887 2448 Durandi
931 2389 1316 2469 aliorumque
1338 2387 1764 2448 Rationalibus
1809 2392 1872 2443 et
1901 2383 2011 2443 of-

220 2488 516 2549 ficialibus
559 2490 932 2567 propositas
1019 2487 1180 2549 Nam
1226 2491 1377 2548 haec
1431 2491 1640 2548 omnia
1685 2484 1984 2559 Graecani

223 2592 307 2649 cis
335 2590 474 2648 ⁴illis
519 2597 646 2648 tam
690 2589 919 2647 similia
973 2600 1116 2649 sunt
1171 2599 1338 2661 ortu,
1402 2607 1651 2666 genere,
1717 2608 1864 2662 usu,
1919 2597 1990 2646 ut

222 2692 327 2770 qui
367 2691 478 2749 illa
521 2689 895 2770 exploserit,
940 2690 1332 2749 scholasticas
1359 2688 1736 2747 Graecorum
1765 2689 2008 2768 sapien-

222 2793 340 2851 tias
394 2809 523 2851 non
574 2791 774 2869 possit
827 2808 953 2848 non
1013 2799 1432 2862 contemnere,
1501 2789 1606 2868 qui
1660 2797 1866 2866 autem
1910 2788 2006 2846 his

223 2891 463 2964 faveat,
527 2892 822 2950 meruisse
865 2888 1179 2963 videatur,
1249 2909 1353 2949 cur
1407 2891 1474 2947 in
1527 2887 1858 2968 ruspandis
1904 2906 2005 2947 cu-

344 3060 407 3117 [t]
439 3059 710 3117 Epiphanius
751 3060 1083 3103 Pharisaeorum
1122 3064 1266 3103 vestes
1303 3059 1516 3102 molliores
1565 3056 1722 3118 ἱμάτια
1762 3061 2000 3117 γυναικεῖα

226 3119 427 3162 nominat.
456 3133 500 3163 v.
531 3118 700 3162 Ruben.
732 3119 787 3162 de
815 3119 881 3162 Re
909 3124 1018 3163 vest.
1050 3118 1104 3163 L.
1135 3119 1172 3162 I.
1205 3134 1243 3162 c.
1277 3117 1346 3161 17.
1427 3162 1430 3165 ,

343 3190 406 3248 [v]
437 3191 482 3234 Is
522 3192 708 3235 fortasse
751 3193 951 3248 antiquus
994 3192 1141 3234 Ionum
1183 3193 1366 3235 vestitus
1402 3191 1522 3235 fuit.
1538 3205 1581 3234 v.
1613 3191 1777 3234 Himer.
1809 3191 1888 3233 Or.
1919 3189 1996 3232 XI.

223 3247 322 3293 569.
363 3248 491 3293 Diod.
531 3250 609 3293 IX.
641 3265 685 3307 p.
716 3250 788 3294 41.
820 3251 878 3294 T.
911 3250 988 3293 IV.
1019 3249 1180 3306 Lycios
1210 3250 1256 3292 in
1286 3251 1407 3293 luctu
1435 3249 1633 3293 muliebri
1660 3254 1782 3322 veste
1811 3249 1995 3294 utim-

223 3307 287 3349 dit
312 3307 509 3351 Valerius
539 3308 662 3352 Max.
691 3309 750 3352 Π.
781 3309 823 3352 6.
857 3309 926 3353 13.
1914 3341 1919 3348 ·
