2158 3848
798 251 1248 296 0RPH10A.
1785 239 1913 301 409

141 386 278 445 cult.
322 384 472 444 Phil.
516 382 586 442 L.
628 383 702 442 11.
747 401 794 440 c.
839 378 939 438 58.
982 398 1044 459 p.
1103 379 1244 439 203.
1331 379 1734 454 „Animarum
1779 403 1913 444 coe-

138 485 433 558 „lestium
488 482 741 541 nomina
792 478 990 541 multa
1032 477 1369 541 admodum
1412 490 1554 540 sunt
1597 490 1780 560 atque
1823 484 1917 544 di·-

134 600 363 656 „versa
413 600 528 661 pro
573 580 893 659 multijuga
936 597 1147 639 earum
1191 581 1257 638 in
1291 579 1594 642 ‘inferiora
1636 585 1917 661 potentia

133 691 365 761 „atque
419 682 679 754 virtute,
733 699 772 748 a
817 679 1035 760 quibus
1080 678 1343 745 diversa
1367 681 1621 745 nomina
1660 685 1917 743 sortitae

131 791 353 855 ‚,sunt,
410 780 630 860 quibus
687 783 926 844 veteres
980 781 1050 839 in
1093 799 1306 846 eorum
1348 780 1596 858 hymnis
1638 791 1699 841 et
1740 783 1918 844 invo—

131 881 527 955 „cationibus
585 882 683 947 usi
744 891 902 942 sunt.
1003 877 1179 940 Circa
1237 880 1402 960 quod
1448 880 1916 957 advertendum,

131 980 350 1060 „quod
395 1000 792 1062 unaquaeque
837 979 1144 1059 ejusmodi
1187 982 1532 1043 animarum
1577 982 1917 1043 secundum

131 1079 513 1162 „Orphicam
591 1082 982 1173 theologiam!
1029 1079 1336 1159 duplicem
1404 1079 1626 1140 dicitur
1688 1080 1916 1142 habere

131 1182 495 1254 „virtutem‚
541 1200 727 1240 unam
770 1182 837 1239 in
883 1178 1298 1257 cognoscendo
1323 1178 1613 1260 positam,
1657 1181 1913 1243 alteram

128 1282 243 1353 „in
299 1279 688 1341 vivificando.
770 1279 911 1339 Hoc
952 1278 1143 1339 modo
1187 1280 1253 1338 in
1300 1279 1592 1360 sphaeris
1638 1282 1916 1343 coelesti-

127 1423 164 1452 „
181 1378 297 1439 bus
338 1382 609 1460 priorem
649 1380 823 1441 illam
865 1380 1160 1440 virtutem
1194 1379 1500 1440 Bacchum
1525 1378 1917 1443 Cribronium

127 1480 505 1560 „(Atzm'myv
574 1479 655 1541 H.
721 1479 938 1561 XLV.)
1010 1491 1071 1540 et
1139 1480 1385 1541 Musam
1441 1478 1794 1563 Calliopen,
1852 1485 1918 1546 in

126 1579 350 1652 „coelo
395 1581 642 1640 stellato
686 1581 1027 1641 Picionium
1073 1579 1501 1664 (Περικιόνιον
1543 1581 1625 1642 Η.
1670 1582 1916 1665 XLVI.)
1989 1581 1991 1584 ’

10 1671 13 1693 ³
128 1690 241 1753 „et
262 1678 574 1741 Uraniam.
617 1681 690 1740 Iu
718 1681 889 1740 coelo
917 1680 1170 1741 Saturni
1198 1681 1604 1762 Amphietum
1631 1685 1739 1765 (H.
1757 1684 1915 1764 LII.)

127 1790 241 1853 „et
296 1780 803 1857 Polyhymniam‚
864 1783 930 1840 in
986 1782 1158 1841 coelo
1204 1780 1383 1843 Jovis
1431 1782 1761 1844 Sabasium
1805 1785 1913 1862 (H.

127 1878 449 1958 ‚‚XLv11.)
496 1891 558 1940 et
601 1881 1064 1960 Terpsichoren,
1109 1883 1173 1940 in
1220 1883 1403 1970 coelo⁸
1437 1883 1656 1943 Martis
1694 1884 1916 1944 Bassa-

124 1982 335 2053 „rium
381 1979 488 2060 (H.
532 1979 776 2058 XLIV.)
822 1991 1005 2061 atque
1052 1979 1226 2042 Clio“
1271 1992 1381 2042 etc.
1428 2003 1586 2063 quae
1630 2004 1669 2044 a
1695 1984 1913 2044 Ficino

125 2080 225 2139 De
278 2081 554 2141 immort.
603 2080 822 2141 Anim.
868 2081 940 2144 L.
996 2082 1100 2142 lv.
1160 2104 1207 2142 c.
1265 2085 1312 2142 1.
1372 2104 1437 2165 p..
1494 2084 1631 2145 131.
1678 2084 1912 2150 didicit.

125 2179 298 2241 Haec
352 2182 538 2258 igitur
582 2192 675 2242 est
715 2183 826 2241 illa
868 2182 1151 2243 sublimis
1197 2182 1274 2242 de
1317 2185 1500 2246 rebus
1542 2185 1915 2263 mythologi-

13 2271 16 2281 ’
128 2281 213 2339 cis
269 2281 754 2361 philosophandi
813 2285 1009 2356 ratio,
1055 2303 1210 2362 quae
1254 2302 1439 2363 quum
1479 2286 1612 2363 jam
1658 2285 1768 2346 diu
1810 2306 1913 2346 ex·-

127 2381 360 2448 aruisse
417 2380 762 2456 videretur,
816 2401 1015 2463 nuper
1058 2386 1238 2463 quasi
1282 2406 1316 2444 e
1359 2385 1666 2448 radicibus
1709 2388 1916 2467 repul-

126 2480 364 2554 lulavit.
450 2481 690 2560 Agmen
731 2482 976 2544 claudat
1018 2484 1392 2551 Athanasius
1414 2486 1766 2560 KircheruS‚
1811 2507 1915 2548 cu-

14 2651 16 2657 ,
117 2582 223 2659 jus
278 2602 316 2640 e
366 2583 578 2644 multis
636 2585 932 2664 vagisque
989 2584 1516 2665 disputationibus
1561 2608 1753 2649 unum
1797 2589 1914 2649 hoc

13 2726 17 2752 ι
127 2680 365 2755 delibo,
411 2683 575 2762 quod
621 2686 686 2744 in
730 2684 966 2766 Explic.
994 2685 1270 2753 Tabulae
1312 2688 1543 2757 Isiacae
1584 2688 1736 2750 Oed.
1762 2688 1911 2768 Aeg.

14 2755 18 2776 ¹
128 2782 197 2842 T.
240 2783 345 2844 III.
390 2803 451 2864 p.
502 2784 640 2845 123.
687 2795 978 2866 tanquam
1025 2806 1102 2846 ex
1143 2786 1417 2864 Hymnis
1460 2801 1734 2850 sumtum
1769 2809 1913 2871 pro-

17 2966 19 2968 *
128 2882 274 2943 fert:
317 2884 529 2957 „Haec
559 2888 769 2947 omnia
795 2905 943 2946 sane
967 2887 1253 2967 graphice
1279 2888 1571 2950 describit
1597 2891 1912 2972 Orpheus:

129 3028 172 3054 „
187 2994 521 3065 σκηπτοῦχε
581 2993 840 3050 κλεινοῖο
897 2986 1094 3053 πόλου
1131 2988 1542 3072 πολυώνυμε,
1601 2989 1814 3073 σεμνή,
1870 2993 1910 3070 ἢ

15 3098 19 3169 ᾗ
129 3086 446 3163 ,,κατέχεις
502 3085 761 3167 κόσμοιο
817 3089 1008 3169 μέσον
1049 3088 1312 3171 θρόνον·
1361 3091 1428 3161 ὅς
1471 3093 1538 3154 θ’
1587 3092 1708 3155 ἀπὸ
1757 3094 1910 3175 ἄρκ-

15 3171 19 3202 ³
130 3226 173 3255 ,,
187 3208 300 3246 του
354 3185 673 3257 Ἐννεάδος
718 3185 1042 3272 σήμαντρα
1089 3193 1254 3270 ἔχεις.
1343 3191 1515 3251 Dicit
1559 3191 1911 3254 Hecataeus

132 3281 348 3362 „apud
408 3281 782 3348 Clementem
840 3288 1022 3350 Alex.
1078 3292 1419 3352 novenario
1471 3292 1735 3353 Boream
1779 3293 1912 3374 pla-

133 3402 316 3460 „gam
363 3382 693 3450 indicatam
741 3388 929 3450 fuisse
973 3391 1048 3451 ab
1095 3392 1447 3473 AegyptiiS‚
1495 3405 1555 3454 et
1600 3394 1836 3455 Psellus
1874 3395 1910 3472 ἡ
