2158 3848
181 201 305 260 308
734 211 972 255 LIBER
1019 211 1450 255 SECUNDUS.

181 345 334 418 alter
389 344 453 400 in
496 341 755 413 Panem,
814 358 934 421 quo
978 359 1127 420 prae
1172 341 1386 399 ceteris
1431 339 1696 417 gaudere
1741 339 1963 401 dicitur

179 444 212 506 ὃ
259 449 559 523 Βακχεῖος
603 439 925 510 Διόνυσος.
984 439 1353 500 Anacharsis
1412 440 1580 521 apud
1625 438 1964 518 Cyzicenos

177 543 396 603 Matris
465 559 722 618 magnae
793 558 968 598 sacra
1023 538 1286 600 ‘edoctus
1340 542 1457 620 τὴν
1510 541 1702 622 ὁρτὴν
1754 546 1966 604 πᾶσαν

179 645 437 707 ἐπετέλεε
491 650 566 720 τῇ
623 644 759 720 θεῷ
773 684 794 711 ,
849 636 1182 719 τύμπανόν
1233 665 1298 702 τε
1355 643 1514 720 ἔχων
1555 641 1662 703 καὶ
1704 639 1975 719 §minaci--

175 768 360 824 μενος
415 738 746 825 ἀγάλματα
800 735 1075 797 Herodo.
1131 737 1234 796 IV.
1279 739 1381 798 76.
1460 738 1815 800 Heraclitus
1861 759 1969 798 au-

95 918 104 927 ,
175 856 302 902 tem
358 839 598 900 civibus
642 839 770 898 suis
812 837 883 900 τὸ
927 837 1312 917 τυμπανίσαι
1355 839 1687 917 exprobrat
1727 841 1795 898 in
1838 840 1967 920 epi·

96 927 103 942 ’
176 941 338 1001 stola
393 939 554 999 VIII.
607 940 756 999 ficta
801 930 1049 1017 quidem
1104 937 1214 996 illa
1256 935 1366 996 sed
1408 937 1670 998 fortasse
1714 951 1795 998 ex
1832 958 1968 998 sen-

175 1042 372 1102 tentia
426 1040 596 1101 illius
652 1040 855 1102 severi
915 1043 1158 1097 morum
1224 1037 1615 1118 publicorum
1681 1041 1969 1112 censoriS‚

177 1144 283 1223 qui
337 1143 403 1201 in
459 1141 618 1201 libro
677 1139 757 1200 de
810 1148 1031 1199 natura
1069 1157 1276 1197 rerum
1318 1138 1863 1198 Bacchanaliorum
1909 1148 1973 1198 et

175 1260 550 1322 pomparum
618 1239 1026 1322 phallicarum
1091 1238 1538 1318 turpitudinem
1603 1240 1848 1301 notavit
1874 1235 1966 1319 [¹¹].

174 1342 419 1403 Nomen
473 1340 722 1421 Βάκχος
763 1342 828 1398 in
873 1338 1274 1418 Xenophanis
1320 1358 1504 1399 versu
1548 1339 1801 1416 legitur,
1857 1338 1968 1398 sed

175 1443 381 1503 miuus
428 1439 718 1521 expedito
738 1436 822 1520 [¹].
898 1440 1260 1517 Lyricorum
1305 1449 1510 1498 autem
1555 1441 1969 1518 posteriorum

178 1551 240 1600 et
304 1542 577 1600 maxime
646 1538 900 1598 Pindari
971 1541 1243 1599 carmina
1300 1537 1738 1598 documentum
1791 1559 1968 1619 prae-

178 1643 354 1714 bent,
410 1650 638 1720 quanta
693 1649 836 1698 tunc
891 1640 1078 1699 fuerit
1131 1638 1336 1698 Rheae
1392 1639 1647 1718 ejusque
1703 1657 1969 1699 assesso-

176 1744 315 1801 rum
359 1741 574 1818 religio
591 1735 690 1820 [ἢ]

977 1950 1030 2031 ξ.
1119 1952 1177 2011 9.

330 2122 594 2203 *Templi
659 2122 964 2181 Eleusinii
1034 2125 1429 2203 appositique
1487 2122 1570 2181 ad
1626 2122 1967 2183 custodiam

178 2223 460 2284 draconis
503 2224 763 2304 primuS,
809 2221 974 2303 quod
1018 2223 1214 2282 literis
1259 2231 1444 2296 extet,
1488 2221 1807 2283 Hesiodus
1840 2242 1970 2282 me-

295 2391 361 2451 [h]
403 2389 587 2442 Τούτοις
613 2387 886 2465 μαντεύεται
910 2389 1197 2452 Ἡράκλειτος
1207 2426 1219 2448 ,
1251 2389 1577 2449 Νυκτιπόλοις,
1610 2389 1808 2452 Μάγοις,
1838 2389 1968 2436 Βάκ-

172 2467 289 2509 χοις,
320 2448 521 2507 Λήναις,
560 2463 754 2510 μυσταις
780 2451 957 2507 Fragm.
989 2465 1045 2510 p.
1065 2450 1164 2494 525.
1195 2454 1236 2494 εἰ
1262 2450 1330 2510 μὴ
1357 2449 1588 2497 Διόνυσον
1615 2450 1819 2510 πομπὴντ
1836 2454 1968 2496 ἐποι-

177 2514 331 2566 εῦντο,
372 2510 616 2554 αἰδοίοισιν
657 2508 957 2553 ἆναίδεστατα
987 2511 1042 2565 (f.
1076 2506 1134 2552 ἂν
1166 2508 1429 2566 ἀϊκὲστατα)
1459 2514 1693 2569 εἴργασται
1723 2511 1779 2566 (f.
1809 2514 1967 2569 εἴργα-

179 2569 283 2625 στο)
314 2584 355 2626 p.
385 2567 486 2611 524.
531 2568 703 2610 Nomen
738 2566 1120 2624 ἀνασεισίφαλλος
1160 2582 1215 2609 ex
1244 2569 1522 2625 Hipponacte
1552 2570 1684 2611 affert
1710 2568 1968 2612 Eustathius

90 2667 97 2672 .
177 2644 221 2684 p.
268 2626 394 2671 1329.
433 2624 505 2668 33.
575 2625 731 2681 (Quod
771 2625 1023 2669 Heraclitus
1070 2625 1287 2667 sacrificia
1326 2632 1505 2668 cruenta
1544 2627 1770 2668 damnasse
1809 2627 1968 2669 dicitur

177 2687 351 2741 Fragm.
393 2699 436 2742 p.
478 2682 578 2726 431.
622 2697 707 2726 non
736 2684 868 2726 solum
898 2683 1026 2725 Eliae
1057 2683 1278 2726 Cretensis
1307 2683 1382 2725 sed
1413 2684 1543 2726 etiam
1572 2685 1791 2740 Apollonii
1820 2685 1964 2742 Epist.

180 2745 363 2787 XXVII.
394 2742 495 2786 392.
525 2741 771 2786 testimonio
802 2742 992 2797 nititur.)

297 2814 365 2873 [ἱ]
400 2814 545 2858 Schol.
576 2814 710 2857 Arist.
739 2814 854 2870 qu.
884 2812 987 2856 409.
1018 2810 1205 2868 Βάκχον
1235 2812 1288 2857 οὗ
1317 2812 1398 2857 τὸν
1427 2811 1655 2858 Διόνυσον
1681 2811 1829 2873 μόνον
1858 2812 1966 2859 ἐκά-

178 2879 290 2920 λουν
328 2872 442 2918 ἀλλὰ
481 2875 558 2917 καὶ
597 2871 701 2922 τοὺς
740 2874 977 2922 τελοῦντας
1014 2871 1069 2915 τὰ
1102 2869 1282 2929 ὄργια,”
1312 2873 1389 2915 καὶ
1427 2871 1531 2922 τοὺς
1567 2869 1781 2929 κλάδους,
1815 2870 1892 2923 οὓς
1922 2876 1967 2918 οἱ

177 2931 345 2992 μύσται
385 2935 604 2991 φέρουσι·
644 2934 868 2991 μέμνηται
908 2931 958 2975 δὲ
988 2934 1064 2973 καὶ
1106 2928 1369 2989 Ξενοφάνης
1399 2930 1450 2975 ἐν
1476 2933 1658 2982 Σίλλοις
1681 2930 1888 2976 Ἑστᾶσιν
1915 2932 1962 2976 δ’

178 2989 332 3037 ἐλάται
367 2988 562 3035 πυκινὸν
599 2992 706 3048 περὶ
747 2989 905 3048 δῶμα·
935 2989 1011 3032 ubi
1041 2989 1281 3032 Checozius
1310 2990 1356 3032 in
1383 2989 1568 3033 Dissert.
1597 2992 1733 3034 Acad.
1765 2991 1886 3034 Cort.
1909 2991 1967 3034 Τ.

180 3052 256 3093 IV.
295 3066 338 3108 p.
377 3048 477 3092 225.
517 3045 694 3106 Βάκχοι
734 3062 812 3105 pro
852 3043 1003 3092 ἐλάται
1032 3048 1242 3094 emendat.
1294 3049 1343 3091 Si
1373 3048 1650 3107 Xenophanis
1679 3049 1966 3099 testimonium

178 3110 308 3166 hujus
338 3108 667 3164 significationis
695 3106 946 3164 probandae
976 3121 1108 3150 causa
1138 3108 1344 3161 affertur,
1389 3109 1584 3164 equidem
1613 3110 1756 3152 malim
1786 3110 1967 3153 ἑστᾶσιν
2026 3144 2029 3147 ,

180 3167 226 3270 <153³
269 3168 440 3269 ‘³2⁰‘ng
478 3168 662 3210 πυκινοὶ
698 3167 805 3224 περὶ
845 3161 1032 3225 δώματα
1053 3162 1254 3223 βάκχοι,
1301 3167 1411 3210 sicut
1452 3163 1610 3217 ἐλάτας
1650 3165 1811 3213 κλάδοι
1859 3166 1964 3211 Eur.

222 3241 300 3270 acc
334 3259 345 3268 .
435 3256 446 3267 .

299 3296 363 3355 [ἰί]
395 3298 626 3355 Pelopem,
669 3311 796 3354 quum
839 3312 866 3340 a
904 3302 1028 3355 patre
1068 3302 1293 3355 prosectus
1329 3302 1470 3350 esset,
1504 3314 1538 3341 a
1566 3300 1691 3343 Rhea
1719 3299 1961 3342 restitutum

181 3372 274 3399 esse
314 3358 486 3401 diverse
525 3371 552 3399 a
590 3356 779 3400 Pindaro
821 3357 975 3400 cecinit
1015 3357 1303 3414 Bacchylides
1338 3357 1481 3400 schol.
1525 3359 1649 3402 Pind.
1692 3359 1763 3401 Ol.
1813 3358 1848 3399 Ι.
1889 3355 1960 3399 37.
