2158 3848
211 226 296 287 84
800 230 1038 274 LIBER
1080 228 1388 275 PRIMUS.

218 368 358 432 dem
404 364 814 446 suspicionem
857 363 1111 442 praebet
1146 363 1500 424 Athenaeus
1542 363 1589 420 I.
1622 360 1723 422 21.
1758 361 1829 420 E.
1873 365 1991 424 Az-

217 465 436 546 σχύλος
479 469 676 547 ἐξεῦρε
721 464 835 542 τὴν
868 473 973 542 τῆς
1001 472 1214 541 στολῆς
1245 465 1606 546 εὐπρέπειαν
1640 463 1744 524 καὶ
1759 459 1990 543 σεμνό-

213 591 399 646 τητα,
454 567 534 644 ἣν
590 561 966 642 ζηλώσαντες
1022 566 1079 625 οἱ·
1134 548 1494 645 ἱερὸφάνται
1547 562 1651 623 καὶ
1693 562 1992 642 δᾳδοῦχοι

214 668 683 749 ἀμφιέννυνται.
739 681 854 741 pro
899 663 1151 740 quo'sic
1193 664 1404 738 potius
1450 660 1775 720 dicendum
1819 660 1991 720 vide-

213 774 355 839 tur,
387 763 789 838 Aeschylum,
835 762 1102 836 choragii
1145 763 1366 820 scenici
1407 763 1854 833 instructorem,
1898 777 1994 818 sa-

215 864 583 925 cerdotalem
630 860 910 918 habitum
956 858 1036 917 ad
1079 878 1321 919 scenam
1365 862 1763 920 transtulisse.
1836 857 1995 919 Nam

213 962 499 1027 diadema
570 968 632 1019 et
698 978 973 1039 purpura
1036 968 1248 1019 vetera
1310 960 1557 1018 fuerunt
1610 958 1997 1020 sacerdotum

212 1063 495 1139 insignia,
542 1059 762 1139 quibus
808 1058 1032 1118 deinde
1077 1078 1288 1119 omnes
1332 1062 1437 1139 qui
1479 1062 1544 1119 in
1590 1059 1751 1119 ludis
1795 1058 1998 1138 publi-

216 1163 303 1220 cis
358 1171 420 1225 et
474 1162 725 1240 pompis
785 1177 1098 1219 sacrorum
1154 1159 1502 1238 prodirent,
1548 1161 1647 1218 usi
1690 1168 1862 1231 sunt,
1905 1159 2003 1227 hi-⁴

215 1262 496 1332 strioneS,
541 1259 857 1340 rhapsodi‚
905 1259 1256 1318 citharoedi.

382 1359 559 1419 Haec
625 1359 745 1417 fuit
800 1367 1011 1417 nostra
1069 1359 1146 1427 de
1200 1359 1492 1436 Aeschyli
1547 1360 1802 1418 crimine
1858 1376 1998 1417 con-

206 1462 474 1539 jectura,
519 1461 574 1517 si
618 1460 821 1517 minus
866 1477 1047 1531 vera,
1106 1468 1267 1518 certe
1309 1460 1462 1517 nulli
1507 1469 1787 1529 veterum
1815 1459 2000 1517 testi-

213 1562 562 1619 moniorum
622 1558 943 1616 contraria.
1031 1557 1130 1615 De
1175 1577 1295 1637 qua
1337 1569 1644 1638 utcunque
1688 1560 2000 1623 existima-

214 1658 410 1731 bitur,
453 1656 609 1716 illud
656 1657 908 1734 quidem
952 1674 1134 1715 nemo
1181 1659 1449 1737 amplius
1492 1658 1879 1738 impetrabit,
1932 1667 2002 1716 ut

214 1758 588 1834 Aeschylum
610 1751 1190 1835 Hierophantarum'
1223 1756 1466 1817 decreta
1499 1756 1577 1816 de
1604 1757 2004 1818 naturavdeo-

216 1875 358 1916 rum
403 1857 725 1933 evulgasse
768 1855 944 1915 nobis
989 1856 1380 1936 persuadeat.

990 2068 1041 2148 ξ.
1135 2071 1254 2129 134

395 2250 540 2311 Sed
563 2254 755 2312 instat
790 2253 1009 2331 aliquis
1045 2264 1107 2313 et
1137 2265 1310 2333 urget
1340 2257 1635 2314 intentius
1655 2276 1681 2314 :·
1707 2254 1832 2315 Cur
1862 2274 2005 2333 ergo

220 2351 328 2410 ille
369 2350 723 2412 Aristotelis
778 2354 1081 2433 interpres
1103 2413 1110 2420 ,
1135 2354 1512 2432 Aeschylum
1570 2355 1721 2415 dicit
1775 2354 1852 2415 de
1897 2353 2009 2415 Ce-

214 2469 356 2508 -rere
398 2450 860 2532 μυστικώτερόν
902 2478 1046 2516 τινα
1080 2461 1290 2526 εἰπεῖν,
1337 2457 1391 2513 si
1433 2456 1587 2514 nihil
1633 2456 1722 2515 de.
1752 2457 1866 2516 hac
1889 2455 2009 2515 dea

220 2550 286 2607 in
341 2551 653 2625 mysteriis
707 2551 1032 2610 sublimius
1089 2552 1385 2611 traditum
1439 2556 1574 2616 est?
1634 2553 1771 2614 Cur.
1811 2555 2009 2615 Hera-

225 2646 413 2708 clides
448 2648 803 2728 Apollinem
847 2660 907 2709 et
941 2651 1147 2710 Solem
1195 2651 1458 2711 eundem
1502 2672 1634 2712 esse
1677 2652 2007 2728 affirmans,

228 2757 412 2808 testes
438 2748 690 2808 adhibet
721 2751 867 2819 τοὺς
888 2751 1226 2831 μυστικοὺς
1248 2751 1487 2837 λόγους,
1535 2755 1625 2822 οἷς
1651 2757 1716 2815 αἱ
1741 2753 2008 2836 &frodgin—

108 2914 120 2927 ,
213 2870 324 2944 ’τοι
363 2850 597 2912 τελεταὶ
636 2850 1043 2935 θεολογοῦσιΨ
1090 2848 1326 2921 Quibus
1372 2854 1648 2929 congruit
1683 2853 2006 2934 Sophoclis

230 2959 544 3009 enarrator
587 2949 665 3008 ad
709 2949 911 3027 Antig.
945 2949 1123 3008 1146.
1170 2950 1459 3010 Liberum
1488 2952 1731 3012 Patrem
1757 2957 2009 3037 ἄστρων

232 3067 538 3124 Aristophanes
565 3075 611 3117 in
640 3075 774 3117 Ranis
805 3080 849 3117 et
879 3074 1144 3131 Antiphanes
1177 3076 1327 3117 Athen.
1359 3077 1452 3118 XV.
1484 3077 1582 3119 686.
1614 3078 1664 3120 C.
1695 3079 1767 3135 qui
1793 3093 2008 3136 nunquam

231 3127 278 3168 ill
318 3127 476 3168 crimen
509 3134 657 3175 vocati
698 3140 806 3175 sunt.
871 3134 1026 3188 Neque
1069 3148 1149 3188 ego
1190 3135 1444 3178 daduchiam
1484 3137 1698 3192 Aeschylo
1739 3138 2006 3182 criminosam

230 3185 366 3226 fuisse
395 3185 485 3226 dixi
516 3191 592 3227 sed
613 3192 872 3237 daduchiam
888 3191 1138 3246 Eleusiniae
1167 3193 1357 3235 similem.
1391 3195 1590 3236 Ceterum
1623 3190 1732 3238 hanc
1763 3197 2007 3244 similitudi,-

229 3256 324 3285 nem
353 3257 438 3285 non
466 3243 690 3286 admodum
717 3264 960 3302 expressam
987 3251 1121 3292 fuisse
1151 3265 1326 3293 necesse
1359 3259 1438 3304 est,
1472 3253 1640 3308 quando
1673 3269 1699 3296 a
1722 3257 1888 3298 nemine
1912 3257 2006 3298 ani-

228 3302 455 3344 madversa
483 3308 550 3345 est
578 3317 749 3355 eorum,
782 3310 855 3360 qui
880 3308 1093 3360 fabulam,
1125 3317 1352 3365 antequam
1381 3312 1424 3352 in
1456 3326 1624 3353 scenam
1655 3314 2004 3366 committeretur,

232 3360 529 3403 examinarunt
556 3366 602 3402 et
630 3362 910 3407 edidicerunt.
1886 3388 1889 3393 ·
