2176 3886
730 234 1302 283 ELEUSI·=N1-A.
1818 223 1896 289 41

135 381 286 439 tiam
325 373 634 454 publicam
675 371 964 452 protulit,
1008 378 1152 451 post
1180 368 1514 427 *Forsterus
1558 380 1620 428 et
1660 372 1904 437 Fische-

133 495 238 537 rus
271 476 343 533 'in
385 472 837 534 commentariis
880 468 961 529 ad
997 467 1390 528 Phaedonem
1434 487 1481 526 c.
1524 466 1691 529 XIII.
1734 484 1909 553 repe}

134 577 405 636 tiverunt
453 583 515 632 et
554 573 891 633 novissime
934 569 1296 629 Sancrucius
1337 568 1403 625 in
1449 564 1788 629 Comment.
1808 583 1812 590 '
1832 573 1910 632 de

135 674 383 750 Zosimo
439 671 654 754 (Mem.
708 669 900 732 Acad.
955 669 1144 728 Paris.
1200 667 1272 741 T.
1315 666 1554 726 XLI-X.
1578 667 1750 750 475.)
1782 686 1909 751 ⁴pro

133 772 366 832 inedito
412 771 623 830 edidit.
672 771 872 830 Testis
916 771 1051 850 ipse
1092 786 1218 827 non
1261 766 1601 828 admodum
1640 769 1911 831 luculen-

134 882 252 945 tus,
295 882 364 931 ut
404 873 507 951 qui
553 871 660 931 diu
702 882 846 952 post
877 869 1330 930 Eleusiniorum
1372 869 1693 929 interitum
1735 872 1917 932 vixe-

132 974 246 1045 rit,
314 973 733 1031 testimonium
798 968 1154 1048 hujusmodi
1220 977 1341 1027 est:
1418 972 1485 1030 ἐν
1546 975 1674 1039 τοῖς
1734 961 1916 1044 ἱεροῖς

134 1074 401 1157 ἡγοῦντο
435 1071 553 1154 μὲν
590 1075 655 1134 αἱ
690 1069 1006 1150 πάνδημοι
1042 1066 1413 1150 καθάρσεις,
1458 1069 1587 1130 εἶτα
1628 1069 1725 1131 ἐπὶ
1760 1069 1914 1133 ταύ-

136 1196 272 1242 ταις
326 1175 391 1234 αἱ
438 1170 934 1253 άποῤῥητότεραι·
992 1168 1148 1251 μετὰ
1183 1165 1416 1236 ταύτας
1451 1167 1775 1240 συστάσεις
1808 1171 1915 1233 καὶ

138 1272 236 1334 ἐπὶ
281 1269 536 1340 ταύταις
585 1269 867 1353 μυήσεις,
911 1272 993 1333 ἐν
1037 1268 1283 1331 ‘efflet-(5²
1333 1270 1659 1332 ἐποπτεῖαι.
1739 1273 1916 1335 Ἄνα-

139 1376 431 1457 λογοῦσιν
465 1372 531 1432 αἱ
563 1370 785 1449 ἠθικαὶ
816 1370 921 1433 καὶ
958 1369 1266 1432 πολιτικαὶ
1300 1369 1517 1451 ἀρεταὶ
1549 1376 1678 1441 τοῖς
1715 1375 1941 1456 ἐμφα-“

138 1472 269 1535 νέσι
302 1475 677 1553 καθαρμοῖς,
724 1472 789 1533 αἱ
823 1469 892 1533 δέ
935 1467 1338 1552 καθαρτικαὶ,
1383 1470 1525 1532 ὅσαι
1567 1471 1918 1536 ἀποσκευά-

141 1571 318 1646 ζουσι
351 1569 558 1635 πάντα
593 1571 672 1632 τοὶ
709 1569 899 1643 ἐκτὸς,
943 1576 1072 1639 τοῖς
1111 1572 1614 1652 ἇπορῤητοτέροις
1638 1581 1748 1632 etc.
1790 1572 1921 1633 Ad-

140 1687 355 1730 versus
397 1688 551 1748 quae
591 1669 760 1728 idem
803 1670 957 1728 mihi
1001 1668 1354 1742 dicendum,
1401 1669 1567 1748 quod
1608 1671 1800 1732 modo
1846 1672 1924 1732 de

142 1769 393 1829 Theone
435 1768 592 1843 dixi,
631 1771 933 1843 incertum
967 1786 1100 1827 esse
1139 1768 1218 1826 de
1247 1786 1515 1848 quonam
1547 1790 1767 1847 genere
1792 1760 1928 1849 my-

144 1870 468 1929 steriorum
512 1870 958 1928 sermocinetur
1001 1866 1514 1947 Olympiodorus‚
1568 1878 1768 1950 neque
1809 1873 1926 1932 ini-

144 1969 440 2028 tiatorum
499 1968 577 2028 ab
633 1987 707 2028 eo
753 1967 1079 2028 discrimen
1123 1968 1320 2027 ullum
1364 1967 1529 2028 tradi
1571 1961 1699 2030 sed*
1724 1980 1927 2031 sacro-

144 2088 282 2129 rum
333 2078 540 2150 partes
597 2067 888 2143 describi,
943 2070 1100 2127 sicut
1152 2067 1503 2128 fabularum
1551 2073 1927 2133 scenicarum

148 2178 319 2230 actus
363 2168 634 2230 distincti
676 2173 852 2242 sunt,
896 2168 1270 2249 spectatores
1311 2168 1519 2229 iidem.
1604 2171 1929 2232 Praeterea

147 2289 275 2330 non
305 2269 820 2351 praetereundum
858 2279 970 2342 est,
1011 2269 1337 2350 plerosque
1375 2269 1528 2331 duas
1559 2271 1760 2334 facere
1792 2292 1932 2350 my-

152 2372 479 2430 steriorum
521 2380 759 2452 parteS‚
818 2367 1052 2451 μύησιν
1099 2379 1160 2428 et
1203 2370 1558 2444 ἐποπτείαν,
1602 2374 1930 2434 nonnullos

152 2481 296 2546 tre8‚
338 2469 602 2550 τελετήν,
645 2468 896 2552 μύησιν,
943 2470 1284 2534 ἐποπτείαν.
1326 2470 1542 2530 Herm.
1576 2473 1643 2531 in
1674 2472 1932 2533 Phaedr.

151 2591 214 2652 p.
275 2570 412 2631 158.
477 2568 998 2650 olympiodorum
1054 2579 1117 2629 et
1159 2571 1474 2631 Theonem
1518 2574 1784 2654 quinque
1825 2593 1937 2634 nu-

139 2663 390 2732 'merare
433 2668 544 2731 sed
584 2687 711 2729 non
754 2669 1020 2730 easdem.
1116 2671 1229 2731 Ille
1271 2670 1610 2756 κάθαρσιν,
1654 2674 1965 2759 παράὸοε

158 2793 292 2846 σιν,
358 2769 714 2845 ἀνάδεσιν,
767 2771 1093 2835 ἐποπτείαν
1160 2782 1223 2831 et
1289 2775 1570 2853 quintum
1639 2775 1938 2855 quiddam

156 2871 323 2953 quod
378 2891 516 2932 cum
558 2870 848 2950 Anagoge
891 2872 1346 2947 Platonicorum
1391 2875 1782 2952 conjunctum
1827 2887 1939 2952 est,

159 2971 259 3032 hic
299 2970 618 3057 κάθαρσιν
665 2971 1006 3053 duplicem,
1052 2972 1388 3049 σύστασιν,
1443 2974 1706 3059 μύησιν,
1752 2980 1938 3040 ἐποπ-

162 3072 349 3154 velow.
436 3071 610 3146 Quae
650 3075 1091 3134 sententiarum
1147 3074 1472 3137 diversitas
1518 3079 1785 3137 ostentui
1829 3088 1941 3153 est,

164 3172 283 3231 hoc
333 3175 663 3251 mysticum
720 3175 1168 3254 quinquertium
1223 3176 1640 3254 excogitatum
1684 3197 1819 3238 esse
1861 3177 1943 3237 ad

169 3291 304 3331 eam
349 3292 496 3347 rem,
538 3284 608 3334 ut
648 3274 1045 3356 philosophia
1086 3279 1226 3357 ipsa
1263 3296 1399 3336 cum
1432 3281 1743 3355 mysteriis
1775 3297 1941 3339 com-

170 3374 374 3453 parari
419 3385 647 3453 posset,
692 3394 812 3454 quo
859 3385 991 3438 tota
1031 3378 1231 3438 tendit
1273 3378 1541 3440 Theonis
1586 3378 1941 3461 disputatio.
