<?xml version="1.0" encoding="UTF-8"?>
<!DOCTYPE html PUBLIC "-//W3C//DTD XHTML 1.0 Transitional//EN"
    "http://www.w3.org/TR/xhtml1/DTD/xhtml1-transitional.dtd">
<html xmlns="http://www.w3.org/1999/xhtml" xml:lang="en" lang="en">
 <head>
  <title>
</title>
<meta http-equiv="Content-Type" content="text/html;charset=utf-8" />
  <meta name='ocr-system' content='tesseract 3.04.00' />
  <meta name='ocr-capabilities' content='ocr_page ocr_carea ocr_par ocr_line ocrx_word'/>
</head>
<body>
  <div class='ocr_page' id='page_1' title='image "./aglaophamussived01lobeuoft_0208.png"; bbox 0 0 2158 3848; ppageno 0'>
   <div class='ocr_carea' id='block_1_1' title="bbox 270 153 1437 216">
    <p class='ocr_par' dir='ltr' id='par_1_1' title="bbox 270 153 1437 216">
     <span class='ocr_line' id='line_1_1' title="bbox 270 153 1437 216; baseline -0.012 0"><span class='ocrx_word' id='word_1_1' title='bbox 270 153 388 216; x_wconf 87' lang='lat'><strong>192</strong></span> <span class='ocrx_word' id='word_1_2' title='bbox 853 158 1089 204; x_wconf 77' lang='lat' dir='ltr'>LIBER</span> <span class='ocrx_word' id='word_1_3' title='bbox 1131 157 1437 204; x_wconf 71' lang='lat' dir='ltr'><strong>ramus.</strong></span> 
     </span>
    </p>
   </div>
   <div class='ocr_carea' id='block_1_2' title="bbox 259 292 2042 1770">
    <p class='ocr_par' dir='ltr' id='par_1_2' title="bbox 259 292 2042 1770">
     <span class='ocr_line' id='line_1_2' title="bbox 263 292 2033 379; baseline -0.001 -21"><span class='ocrx_word' id='word_1_4' title='bbox 263 302 468 358; x_wconf 87' lang='lat' dir='ltr'><strong>lianus</strong></span> <span class='ocrx_word' id='word_1_5' title='bbox 511 292 685 356; x_wconf 82' lang='lat' dir='ltr'><strong>addit</strong></span> <span class='ocrx_word' id='word_1_6' title='bbox 737 294 1003 354; x_wconf 83' lang='lat' dir='ltr'><strong>mustela</strong></span> <span class='ocrx_word' id='word_1_7' title='bbox 1059 292 1324 379; x_wconf 75' lang='grc' dir='ltr'><em>(γαλεός)</em></span> <span class='ocrx_word' id='word_1_8' title='bbox 1367 313 1494 364; x_wconf 86' lang='lat' dir='ltr'><strong>non</strong></span> <span class='ocrx_word' id='word_1_9' title='bbox 1536 297 1700 356; x_wconf 88' lang='lat' dir='ltr'><strong>vesci</strong></span> <span class='ocrx_word' id='word_1_10' title='bbox 1740 297 2033 370; x_wconf 78' lang='lat' dir='ltr'><strong>initiatoS,</strong></span> 
     </span>
     <span class='ocr_line' id='line_1_3' title="bbox 263 394 2034 478; baseline -0.002 -20"><span class='ocrx_word' id='word_1_11' title='bbox 263 407 334 458; x_wconf 90' lang='lat' dir='ltr'><strong>ut</strong></span> <span class='ocrx_word' id='word_1_12' title='bbox 375 399 649 478; x_wconf 90' lang='lat' dir='ltr'><strong>impura,</strong></span> <span class='ocrx_word' id='word_1_13' title='bbox 692 395 836 473; x_wconf 90' lang='lat' dir='ltr'><strong>quia</strong></span> <span class='ocrx_word' id='word_1_14' title='bbox 876 413 988 473; x_wconf 87' lang='lat' dir='ltr'><strong>per</strong></span> <span class='ocrx_word' id='word_1_15' title='bbox 1031 411 1099 452; x_wconf 92' lang='lat' dir='ltr'><strong>os</strong></span> <span class='ocrx_word' id='word_1_16' title='bbox 1142 395 1372 474; x_wconf 84' lang='lat' dir='ltr'><strong>pariat3</strong></span> <span class='ocrx_word' id='word_1_17' title='bbox 1417 411 1600 473; x_wconf 92' lang='lat' dir='ltr'><strong>quam</strong></span> <span class='ocrx_word' id='word_1_18' title='bbox 1623 394 1899 455; x_wconf 88' lang='lat' dir='ltr'><strong>fabulam</strong></span> <span class='ocrx_word' id='word_1_19' title='bbox 1929 394 2034 454; x_wconf 92' lang='lat' dir='ltr'><strong>de-</strong></span> 
     </span>
     <span class='ocr_line' id='line_1_4' title="bbox 261 491 2035 572; baseline -0.003 -14"><span class='ocrx_word' id='word_1_20' title='bbox 261 497 424 558; x_wconf 83' lang='lat' dir='ltr'><strong>ridet</strong></span> <span class='ocrx_word' id='word_1_21' title='bbox 463 493 843 558; x_wconf 89' lang='lat' dir='ltr'><strong>Aristoteles.</strong></span> <span class='ocrx_word' id='word_1_22' title='bbox 932 491 1056 551; x_wconf 85' lang='lat' dir='ltr'><strong>Sed</strong></span> <span class='ocrx_word' id='word_1_23' title='bbox 1098 503 1344 572; x_wconf 90' lang='lat' dir='ltr'><strong>praeter</strong></span> <span class='ocrx_word' id='word_1_24' title='bbox 1385 495 1496 554; x_wconf 90' lang='lat' dir='ltr'><strong>has</strong></span> <span class='ocrx_word' id='word_1_25' title='bbox 1553 495 1925 554; x_wconf 82' lang='lat' dir='ltr'><strong>ratiunculas</strong></span> <span class='ocrx_word' id='word_1_26' title='bbox 1968 496 2035 553; x_wconf 92' lang='lat' dir='ltr'><strong>in</strong></span> 
     </span>
     <span class='ocr_line' id='line_1_5' title="bbox 261 591 2034 678; baseline -0.003 -20"><span class='ocrx_word' id='word_1_27' title='bbox 261 597 507 678; x_wconf 88' lang='lat' dir='ltr'><strong>publico</strong></span> <span class='ocrx_word' id='word_1_28' title='bbox 545 595 807 671; x_wconf 89' lang='lat' dir='ltr'><strong>jactatas</strong></span> <span class='ocrx_word' id='word_1_29' title='bbox 849 591 1110 650; x_wconf 84' lang='lat' dir='ltr'><strong>fortasse</strong></span> <span class='ocrx_word' id='word_1_30' title='bbox 1164 593 1322 652; x_wconf 91' lang='lat' dir='ltr'><strong>aliae</strong></span> <span class='ocrx_word' id='word_1_31' title='bbox 1365 593 1667 675; x_wconf 80' lang='lat' dir='ltr'><strong>quaedam</strong></span> <span class='ocrx_word' id='word_1_32' title='bbox 1709 593 1884 654; x_wconf 88' lang='lat' dir='ltr'><strong>fuere</strong></span> <span class='ocrx_word' id='word_1_33' title='bbox 1941 613 2034 654; x_wconf 89' lang='lat' dir='ltr'><strong>se-</strong></span> 
     </span>
     <span class='ocr_line' id='line_1_6' title="bbox 263 690 2034 774; baseline -0.003 -17"><span class='ocrx_word' id='word_1_34' title='bbox 263 699 578 765; x_wconf 76' lang='lat' dir='ltr'><strong>cretioreS,</strong></span> <span class='ocrx_word' id='word_1_35' title='bbox 642 692 872 770; x_wconf 91' lang='lat' dir='ltr'><strong>partim</strong></span> <span class='ocrx_word' id='word_1_36' title='bbox 927 690 1159 749; x_wconf 91' lang='lat' dir='ltr'><strong>ethicae</strong></span> <span class='ocrx_word' id='word_1_37' title='bbox 1214 702 1395 773; x_wconf 91' lang='lat' dir='ltr'><strong>atque</strong></span> <span class='ocrx_word' id='word_1_38' title='bbox 1449 695 1741 774; x_wconf 87' lang='lat' dir='ltr'><strong>physicae</strong></span> <span class='ocrx_word' id='word_1_39' title='bbox 1769 698 1772 746; x_wconf 86' lang='lat' dir='ltr'><strong>j</strong></span> <span class='ocrx_word' id='word_1_40' title='bbox 1805 695 2034 774; x_wconf 87' lang='lat' dir='ltr'><strong>partim</strong></span> 
     </span>
     <span class='ocr_line' id='line_1_7' title="bbox 263 790 2035 870; baseline -0.003 -14"><span class='ocrx_word' id='word_1_41' title='bbox 263 816 348 856; x_wconf 83' lang='lat' dir='ltr'><strong>ex</strong></span> <span class='ocrx_word' id='word_1_42' title='bbox 373 792 631 853; x_wconf 89' lang='lat' dir='ltr'><strong>historia</strong></span> <span class='ocrx_word' id='word_1_43' title='bbox 658 791 988 870; x_wconf 87' lang='lat' dir='ltr'><strong>repetitae,</strong></span> <span class='ocrx_word' id='word_1_44' title='bbox 1032 790 1087 849; x_wconf 90' lang='lat' dir='ltr'><strong>si</strong></span> <span class='ocrx_word' id='word_1_45' title='bbox 1120 793 1322 852; x_wconf 90' lang='lat' dir='ltr'><strong>minus</strong></span> <span class='ocrx_word' id='word_1_46' title='bbox 1359 795 1426 853; x_wconf 88' lang='lat' dir='ltr'><strong>in</strong></span> <span class='ocrx_word' id='word_1_47' title='bbox 1459 795 1791 854; x_wconf 88' lang='lat' dir='ltr'><strong>Eleusiniis</strong></span> <span class='ocrx_word' id='word_1_48' title='bbox 1807 837 1825 867; x_wconf 96' lang='lat'><strong>,</strong></span> <span class='ocrx_word' id='word_1_49' title='bbox 1872 802 2035 853; x_wconf 90' lang='lat' dir='ltr'><strong>certe</strong></span> 
     </span>
     <span class='ocr_line' id='line_1_8' title="bbox 259 876 2037 977; baseline -0.001 -24"><span class='ocrx_word' id='word_1_50' title='bbox 259 896 326 953; x_wconf 91' lang='lat' dir='ltr'><strong>in</strong></span> <span class='ocrx_word' id='word_1_51' title='bbox 368 892 507 951; x_wconf 90' lang='lat' dir='ltr'><strong>aliis</strong></span> <span class='ocrx_word' id='word_1_52' title='bbox 551 891 879 968; x_wconf 78' lang='lat' dir='ltr'><strong>mysteriis,</strong></span> <span class='ocrx_word' id='word_1_53' title='bbox 968 876 1250 951; x_wconf 89' lang='lat' dir='ltr'><strong>Clemens</strong></span> <span class='ocrx_word' id='word_1_54' title='bbox 1277 892 1501 952; x_wconf 89' lang='lat' dir='ltr'><strong>Strom.</strong></span> <span class='ocrx_word' id='word_1_55' title='bbox 1529 894 1607 952; x_wconf 93' lang='lat' dir='ltr'><strong>II.</strong></span> <span class='ocrx_word' id='word_1_56' title='bbox 1649 894 1794 954; x_wconf 88' lang='grc'><strong>406.</strong></span> <span class='ocrx_word' id='word_1_57' title='bbox 1839 891 2037 977; x_wconf 88' lang='grc'>(482.)</span> 
     </span>
     <span class='ocr_line' id='line_1_9' title="bbox 260 991 2036 1076; baseline 0 -20"><span class='ocrx_word' id='word_1_58' title='bbox 260 996 554 1057; x_wconf 75' lang='grc' dir='ltr'><em>ἐντεῦθεν</em></span> <span class='ocrx_word' id='word_1_59' title='bbox 610 992 782 1075; x_wconf 86' lang='grc' dir='ltr'><em>οἶμαι</em></span> <span class='ocrx_word' id='word_1_60' title='bbox 843 992 948 1054; x_wconf 77' lang='grc' dir='ltr'><strong>καὶ</strong></span> <span class='ocrx_word' id='word_1_61' title='bbox 1000 991 1112 1061; x_wconf 78' lang='grc' dir='ltr'><strong>τὰς</strong></span> <span class='ocrx_word' id='word_1_62' title='bbox 1162 993 1403 1064; x_wconf 83' lang='grc' dir='ltr'><em>τελετὰς</em></span> <span class='ocrx_word' id='word_1_63' title='bbox 1460 993 1535 1057; x_wconf 84' lang='grc' dir='ltr'><strong>οὗ</strong></span> <span class='ocrx_word' id='word_1_64' title='bbox 1588 992 1790 1076; x_wconf 89' lang='grc' dir='ltr'><em>μόνον</em></span> <span class='ocrx_word' id='word_1_65' title='bbox 1843 1001 2036 1057; x_wconf 81' lang='grc' dir='ltr'><em>τινῶν</em></span> 
     </span>
     <span class='ocr_line' id='line_1_10' title="bbox 262 1089 2038 1178; baseline -0.001 -22"><span class='ocrx_word' id='word_1_66' title='bbox 262 1091 442 1169; x_wconf 76' lang='grc' dir='ltr'><em>ζώων</em></span> <span class='ocrx_word' id='word_1_67' title='bbox 487 1089 894 1178; x_wconf 74' lang='grc' dir='ltr'><em>ἀπαγορεύειν</em></span> <span class='ocrx_word' id='word_1_68' title='bbox 938 1091 1269 1166; x_wconf 75' lang='grc' dir='ltr'><em>ἅπτεσθαι,</em></span> <span class='ocrx_word' id='word_1_69' title='bbox 1316 1096 1442 1156; x_wconf 72' lang='grc' dir='ltr'><em>ἄλλ’</em></span> <span class='ocrx_word' id='word_1_70' title='bbox 1490 1097 1658 1157; x_wconf 76' lang='grc' dir='ltr'><em>ἔστιν</em></span> <span class='ocrx_word' id='word_1_71' title='bbox 1703 1094 1742 1156; x_wconf 78' lang='grc' dir='ltr'><em>ἃ</em></span> <span class='ocrx_word' id='word_1_72' title='bbox 1771 1093 1876 1155; x_wconf 84' lang='grc' dir='ltr'><strong>καὶ</strong></span> <span class='ocrx_word' id='word_1_73' title='bbox 1907 1100 2038 1155; x_wconf 80' lang='grc' dir='ltr'><strong>τῶν</strong></span> 
     </span>
     <span class='ocr_line' id='line_1_11' title="bbox 260 1191 2037 1275; baseline -0.002 -19"><span class='ocrx_word' id='word_1_74' title='bbox 260 1194 756 1275; x_wconf 75' lang='grc' dir='ltr'><em>καταθυομένων</em></span> <span class='ocrx_word' id='word_1_75' title='bbox 798 1191 1134 1262; x_wconf 80' lang='grc' dir='ltr'><em>ὑπεξείλετο</em></span> <span class='ocrx_word' id='word_1_76' title='bbox 1178 1194 1353 1274; x_wconf 79' lang='grc' dir='ltr'><em>μέρη,</em></span> <span class='ocrx_word' id='word_1_77' title='bbox 1399 1194 1477 1256; x_wconf 72' lang='grc' dir='ltr'><strong>δι’</strong></span> <span class='ocrx_word' id='word_1_78' title='bbox 1526 1192 1747 1266; x_wconf 78' lang='grc' dir='ltr'><strong><em>αἰτίας,</em></strong></span> <span class='ocrx_word' id='word_1_79' title='bbox 1791 1193 1865 1262; x_wconf 75' lang='grc' dir='ltr'><strong>ἃς</strong></span> <span class='ocrx_word' id='word_1_80' title='bbox 1906 1197 2037 1254; x_wconf 80' lang='grc' dir='ltr'><em>ἴσα-</em></span> 
     </span>
     <span class='ocr_line' id='line_1_12' title="bbox 262 1289 2041 1375; baseline -0.004 -18"><span class='ocrx_word' id='word_1_81' title='bbox 262 1315 366 1358; x_wconf 90' lang='grc' dir='ltr'><strong>σιν</strong></span> <span class='ocrx_word' id='word_1_82' title='bbox 407 1294 467 1356; x_wconf 82' lang='grc' dir='ltr'><strong>οἱ</strong></span> <span class='ocrx_word' id='word_1_83' title='bbox 507 1291 758 1375; x_wconf 84' lang='grc' dir='ltr'><em>μύσται.</em></span> <span class='ocrx_word' id='word_1_84' title='bbox 843 1289 1127 1351; x_wconf 88' lang='lat' dir='ltr'><strong>Julianus</strong></span> <span class='ocrx_word' id='word_1_85' title='bbox 1171 1291 1320 1352; x_wconf 91' lang='lat' dir='ltr'><strong>dicit</strong></span> <span class='ocrx_word' id='word_1_86' title='bbox 1361 1294 1622 1371; x_wconf 86' lang='lat' dir='ltr'><strong>Magnae</strong></span> <span class='ocrx_word' id='word_1_87' title='bbox 1652 1292 1871 1352; x_wconf 87' lang='lat' dir='ltr'><strong>Matris</strong></span> <span class='ocrx_word' id='word_1_88' title='bbox 1915 1291 2041 1350; x_wconf 82' lang='lat' dir='ltr'><strong>cul-</strong></span> 
     </span>
     <span class='ocr_line' id='line_1_13' title="bbox 260 1391 2038 1477; baseline -0.002 -24"><span class='ocrx_word' id='word_1_89' title='bbox 260 1402 425 1453; x_wconf 87' lang='lat' dir='ltr'><strong>tores</strong></span> <span class='ocrx_word' id='word_1_90' title='bbox 477 1393 646 1473; x_wconf 89' lang='lat' dir='ltr'><strong>rapis</strong></span> <span class='ocrx_word' id='word_1_91' title='bbox 701 1391 1040 1464; x_wconf 89' lang='lat' dir='ltr'><strong>abstinere,</strong></span> <span class='ocrx_word' id='word_1_92' title='bbox 1106 1394 1251 1471; x_wconf 88' lang='lat' dir='ltr'><strong>quia</strong></span> <span class='ocrx_word' id='word_1_93' title='bbox 1305 1412 1414 1453; x_wconf 90' lang='lat' dir='ltr'><strong>eae</strong></span> <span class='ocrx_word' id='word_1_94' title='bbox 1465 1392 1703 1477; x_wconf 83' lang='lat' dir='ltr'><strong>radices</strong></span> <span class='ocrx_word' id='word_1_95' title='bbox 1747 1391 2038 1451; x_wconf 89' lang='lat' dir='ltr'><strong>deorsum</strong></span> 
     </span>
     <span class='ocr_line' id='line_1_14' title="bbox 259 1491 2038 1572; baseline -0.001 -21"><span class='ocrx_word' id='word_1_96' title='bbox 259 1493 327 1552; x_wconf 89' lang='lat' dir='ltr'><strong>in</strong></span> <span class='ocrx_word' id='word_1_97' title='bbox 368 1502 596 1551; x_wconf 88' lang='lat' dir='ltr'><strong>terram</strong></span> <span class='ocrx_word' id='word_1_98' title='bbox 640 1499 854 1568; x_wconf 87' lang='lat' dir='ltr'><strong>agant,</strong></span> <span class='ocrx_word' id='word_1_99' title='bbox 899 1491 1279 1572; x_wconf 87' lang='lat' dir='ltr'><strong>Porphyrius</strong></span> <span class='ocrx_word' id='word_1_100' title='bbox 1320 1494 1460 1572; x_wconf 89' lang='lat' dir='ltr'><strong>pios</strong></span> <span class='ocrx_word' id='word_1_101' title='bbox 1493 1493 1774 1553; x_wconf 89' lang='lat' dir='ltr'><strong>homines</strong></span> <span class='ocrx_word' id='word_1_102' title='bbox 1818 1491 2038 1552; x_wconf 82' lang='lat' dir='ltr'><strong>avibus</strong></span> 
     </span>
     <span class='ocr_line' id='line_1_15' title="bbox 260 1590 2042 1670; baseline -0.001 -19"><span class='ocrx_word' id='word_1_103' title='bbox 260 1599 455 1662; x_wconf 90' lang='lat' dir='ltr'><strong>arcet,</strong></span> <span class='ocrx_word' id='word_1_104' title='bbox 500 1592 644 1670; x_wconf 88' lang='lat' dir='ltr'><strong>quia</strong></span> <span class='ocrx_word' id='word_1_105' title='bbox 684 1591 903 1651; x_wconf 85' lang='lat' dir='ltr'><strong>volatu</strong></span> <span class='ocrx_word' id='word_1_106' title='bbox 943 1609 1059 1660; x_wconf 88' lang='lat' dir='ltr'><strong>suo</strong></span> <span class='ocrx_word' id='word_1_107' title='bbox 1101 1609 1215 1650; x_wconf 91' lang='lat' dir='ltr'><strong>nos</strong></span> <span class='ocrx_word' id='word_1_108' title='bbox 1260 1590 1522 1650; x_wconf 89' lang='lat' dir='ltr'><strong>doceant</strong></span> <span class='ocrx_word' id='word_1_109' title='bbox 1564 1591 1866 1652; x_wconf 87' lang='lat' dir='ltr'><strong>volaticos</strong></span> <span class='ocrx_word' id='word_1_110' title='bbox 1907 1591 2042 1649; x_wconf 87' lang='lat' dir='ltr'><strong>fieri</strong></span> 
     </span>
     <span class='ocr_line' id='line_1_16' title="bbox 261 1686 2042 1770; baseline -0.002 -19"><span class='ocrx_word' id='word_1_111' title='bbox 261 1699 324 1751; x_wconf 91' lang='lat' dir='ltr'><strong>et</strong></span> <span class='ocrx_word' id='word_1_112' title='bbox 367 1686 497 1750; x_wconf 84' lang='lat' dir='ltr'><strong>alta</strong></span> <span class='ocrx_word' id='word_1_113' title='bbox 539 1708 872 1769; x_wconf 87' lang='lat' dir='ltr'><strong>capessere.</strong></span> <span class='ocrx_word' id='word_1_114' title='bbox 916 1727 1001 1735; x_wconf 89' lang='lat'>—</span> <span class='ocrx_word' id='word_1_115' title='bbox 1042 1689 1217 1748; x_wconf 90' lang='lat' dir='ltr'><strong>Haec</strong></span> <span class='ocrx_word' id='word_1_116' title='bbox 1249 1701 1310 1748; x_wconf 93' lang='lat' dir='ltr'><strong>et</strong></span> <span class='ocrx_word' id='word_1_117' title='bbox 1344 1691 1527 1763; x_wconf 87' lang='lat' dir='ltr'><strong>talia,</strong></span> <span class='ocrx_word' id='word_1_118' title='bbox 1572 1691 1822 1770; x_wconf 88' lang='lat' dir='ltr'><strong>opinor,</strong></span> <span class='ocrx_word' id='word_1_119' title='bbox 1867 1699 2042 1748; x_wconf 88' lang='lat' dir='ltr'><strong>erant</strong></span> 
     </span>
    </p>
   </div>
   <div class='ocr_carea' id='block_1_3' title="bbox 259 1789 2040 1967">
    <p class='ocr_par' dir='ltr' id='par_1_3' title="bbox 259 1789 2040 1967">
     <span class='ocr_line' id='line_1_17' title="bbox 259 1789 2040 1868; baseline -0.001 -19"><span class='ocrx_word' id='word_1_120' title='bbox 259 1790 372 1850; x_wconf 90' lang='lat' dir='ltr'><strong>illa</strong></span> <span class='ocrx_word' id='word_1_121' title='bbox 411 1791 721 1849; x_wconf 87' lang='lat' dir='ltr'><strong>sanctiora</strong></span> <span class='ocrx_word' id='word_1_122' title='bbox 763 1806 1074 1848; x_wconf 89' lang='lat' dir='ltr'><strong>sacrorum</strong></span> <span class='ocrx_word' id='word_1_123' title='bbox 1091 1831 1108 1860; x_wconf 94' lang='lat'><strong>,</strong></span> <span class='ocrx_word' id='word_1_124' title='bbox 1137 1796 1415 1868; x_wconf 48' lang='lat' dir='ltr'><strong>*quorum</strong></span> <span class='ocrx_word' id='word_1_125' title='bbox 1450 1789 1740 1849; x_wconf 88' lang='lat' dir='ltr'><strong>notitiam</strong></span> <span class='ocrx_word' id='word_1_126' title='bbox 1775 1790 1895 1850; x_wconf 90' lang='lat' dir='ltr'><strong>soli</strong></span> <span class='ocrx_word' id='word_1_127' title='bbox 1923 1791 2040 1848; x_wconf 92' lang='lat' dir='ltr'><strong>ini-</strong></span> 
     </span>
     <span class='ocr_line' id='line_1_18' title="bbox 261 1886 2040 1967; baseline -0.002 -17"><span class='ocrx_word' id='word_1_128' title='bbox 261 1890 402 1950; x_wconf 80' lang='lat' dir='ltr'><strong>tiati</strong></span> <span class='ocrx_word' id='word_1_129' title='bbox 442 1888 668 1948; x_wconf 88' lang='lat' dir='ltr'><strong>habere</strong></span> <span class='ocrx_word' id='word_1_130' title='bbox 710 1886 1103 1967; x_wconf 87' lang='lat' dir='ltr'><strong>putabantur.</strong></span> <span class='ocrx_word' id='word_1_131' title='bbox 1188 1889 1315 1948; x_wconf 93' lang='lat' dir='ltr'><strong>Dio</strong></span> <span class='ocrx_word' id='word_1_132' title='bbox 1356 1886 1496 1948; x_wconf 87' lang='lat' dir='ltr'><strong>Chr.</strong></span> <span class='ocrx_word' id='word_1_133' title='bbox 1524 1888 1628 1949; x_wconf 91' lang='lat' dir='ltr'><strong>Or.</strong></span> <span class='ocrx_word' id='word_1_134' title='bbox 1655 1888 1852 1950; x_wconf 92' lang='lat' dir='ltr'><strong>XVII.</strong></span> <span class='ocrx_word' id='word_1_135' title='bbox 1895 1888 2040 1950; x_wconf 87' lang='grc'><strong>464.</strong></span> 
     </span>
    </p>
   </div>
   <div class='ocr_carea' id='block_1_4' title="bbox 259 1987 2042 3175">
    <p class='ocr_par' dir='ltr' id='par_1_4' title="bbox 259 1987 2042 3175">
     <span class='ocr_line' id='line_1_19' title="bbox 262 1987 2038 2073; baseline -0.001 -21"><span class='ocrx_word' id='word_1_136' title='bbox 262 1993 330 2054; x_wconf 76' lang='grc' dir='ltr'><strong>ἐν</strong></span> <span class='ocrx_word' id='word_1_137' title='bbox 370 1995 500 2059; x_wconf 83' lang='grc' dir='ltr'><em>τοῖς</em></span> <span class='ocrx_word' id='word_1_138' title='bbox 541 1987 902 2071; x_wconf 76' lang='grc' dir='ltr'><strong><em>μυστηρίοις</em></strong></span> <span class='ocrx_word' id='word_1_139' title='bbox 963 1989 994 2050; x_wconf 84' lang='grc' dir='ltr'><em>ὅ</em></span> <span class='ocrx_word' id='word_1_140' title='bbox 1054 1987 1422 2073; x_wconf 78' lang='grc' dir='ltr'><em>ἱεροφάντης</em></span> <span class='ocrx_word' id='word_1_141' title='bbox 1477 1991 1592 2069; x_wconf 76' lang='grc' dir='ltr'><strong>οὐχ</strong></span> <span class='ocrx_word' id='word_1_142' title='bbox 1637 1990 1801 2059; x_wconf 81' lang='grc' dir='ltr'><em>ἅπαξ</em></span> <span class='ocrx_word' id='word_1_143' title='bbox 1841 2013 2038 2072; x_wconf 88' lang='grc' dir='ltr'><em>προα-</em></span> 
     </span>
     <span class='ocr_line' id='line_1_20' title="bbox 260 2085 2040 2175; baseline -0.001 -23"><span class='ocrx_word' id='word_1_144' title='bbox 260 2087 501 2175; x_wconf 78' lang='grc' dir='ltr'><em>γορεύει</em></span> <span class='ocrx_word' id='word_1_145' title='bbox 551 2095 680 2158; x_wconf 82' lang='grc' dir='ltr'><em>τοῖς</em></span> <span class='ocrx_word' id='word_1_146' title='bbox 733 2089 1107 2170; x_wconf 77' lang='grc' dir='ltr'><em>μυουμένοις</em></span> <span class='ocrx_word' id='word_1_147' title='bbox 1163 2090 1422 2152; x_wconf 73' lang='grc' dir='ltr'><em>ἕκαστον</em></span> <span class='ocrx_word' id='word_1_148' title='bbox 1477 2085 1569 2152; x_wconf 81' lang='grc' dir='ltr'><strong>ὧν</strong></span> <span class='ocrx_word' id='word_1_149' title='bbox 1603 2089 1725 2172; x_wconf 86' lang='grc' dir='ltr'><strong>χρὴ</strong></span> <span class='ocrx_word' id='word_1_150' title='bbox 1785 2125 1871 2134; x_wconf 90' lang='grc'>-</span> <span class='ocrx_word' id='word_1_151' title='bbox 1921 2114 2040 2169; x_wconf 18' lang='grc' dir='ltr'><strong>,και</strong></span> 
     </span>
     <span class='ocr_line' id='line_1_21' title="bbox 259 2184 2041 2272; baseline -0.002 -20"><span class='ocrx_word' id='word_1_152' title='bbox 259 2187 468 2272; x_wconf 75' lang='grc' dir='ltr'><em>θάπερ</em></span> <span class='ocrx_word' id='word_1_153' title='bbox 510 2190 625 2252; x_wconf 64' lang='grc' dir='ltr'><em>τιν’</em></span> <span class='ocrx_word' id='word_1_154' title='bbox 648 2198 649 2201; x_wconf 73' lang='grc'>’</span> <span class='ocrx_word' id='word_1_155' title='bbox 672 2184 1018 2268; x_wconf 78' lang='grc' dir='ltr'><em>ἇπόῤῥητον</em></span> <span class='ocrx_word' id='word_1_156' title='bbox 1061 2186 1428 2270; x_wconf 77' lang='grc' dir='ltr'><em>πρόρῤησιν,</em></span> <span class='ocrx_word' id='word_1_157' title='bbox 1494 2207 1681 2268; x_wconf 89' lang='lat' dir='ltr'><strong>quam</strong></span> <span class='ocrx_word' id='word_1_158' title='bbox 1726 2187 1809 2247; x_wconf 89' lang='lat' dir='ltr'><strong>ad</strong></span> <span class='ocrx_word' id='word_1_159' title='bbox 1863 2190 2041 2248; x_wconf 85' lang='lat' dir='ltr'><strong>casti-</strong></span> 
     </span>
     <span class='ocr_line' id='line_1_22' title="bbox 260 2285 2042 2369; baseline -0.001 -20"><span class='ocrx_word' id='word_1_160' title='bbox 260 2290 500 2349; x_wconf 90' lang='lat' dir='ltr'><strong>monias</strong></span> <span class='ocrx_word' id='word_1_161' title='bbox 541 2288 935 2369; x_wconf 90' lang='lat' dir='ltr'><strong>potissimum</strong></span> <span class='ocrx_word' id='word_1_162' title='bbox 977 2289 1344 2367; x_wconf 89' lang='lat' dir='ltr'><strong>pertinuisse</strong></span> <span class='ocrx_word' id='word_1_163' title='bbox 1403 2307 1437 2346; x_wconf 91' lang='lat' dir='ltr'><strong>e</strong></span> <span class='ocrx_word' id='word_1_164' title='bbox 1479 2285 1737 2368; x_wconf 87' lang='lat' dir='ltr'><strong>Josephi</strong></span> <span class='ocrx_word' id='word_1_165' title='bbox 1778 2288 1917 2347; x_wconf 94' lang='lat' dir='ltr'><strong>loco</strong></span> <span class='ocrx_word' id='word_1_166' title='bbox 1961 2291 2042 2348; x_wconf 90' lang='lat' dir='ltr'><strong>si-</strong></span> 
     </span>
     <span class='ocr_line' id='line_1_23' title="bbox 259 2386 2040 2468; baseline 0.001 -19"><span class='ocrx_word' id='word_1_167' title='bbox 259 2389 522 2449; x_wconf 91' lang='lat' dir='ltr'><strong>millimo</strong></span> <span class='ocrx_word' id='word_1_168' title='bbox 569 2389 770 2466; x_wconf 82' lang='lat' dir='ltr'><strong>colligi</strong></span> <span class='ocrx_word' id='word_1_169' title='bbox 812 2395 1021 2467; x_wconf 90' lang='lat' dir='ltr'><strong>potest</strong></span> <span class='ocrx_word' id='word_1_170' title='bbox 1058 2408 1105 2447; x_wconf 93' lang='lat' dir='ltr'><strong>c.</strong></span> <span class='ocrx_word' id='word_1_171' title='bbox 1148 2387 1374 2468; x_wconf 90' lang='lat' dir='ltr'><strong>Apion.</strong></span> <span class='ocrx_word' id='word_1_172' title='bbox 1419 2388 1489 2447; x_wconf 94' lang='lat' dir='ltr'><strong>L.</strong></span> <span class='ocrx_word' id='word_1_173' title='bbox 1531 2389 1608 2448; x_wconf 93' lang='lat' dir='ltr'><strong>II.</strong></span> <span class='ocrx_word' id='word_1_174' title='bbox 1652 2389 1754 2448; x_wconf 88' lang='lat'><strong>22.</strong></span> <span class='ocrx_word' id='word_1_175' title='bbox 1797 2386 1943 2448; x_wconf 84' lang='lat'><strong>485.</strong></span> <span class='ocrx_word' id='word_1_176' title='bbox 1998 2391 2040 2452; x_wconf 76' lang='grc' dir='ltr'><strong><em>ἃ</em></strong></span> 
     </span>
     <span class='ocr_line' id='line_1_24' title="bbox 260 2487 2039 2574; baseline 0.001 -23"><span class='ocrx_word' id='word_1_177' title='bbox 260 2488 383 2574; x_wconf 75' lang='grc' dir='ltr'><strong>γὰρ</strong></span> <span class='ocrx_word' id='word_1_178' title='bbox 428 2487 656 2573; x_wconf 76' lang='grc' dir='ltr'><em>ὀλίγων</em></span> <span class='ocrx_word' id='word_1_179' title='bbox 710 2488 960 2569; x_wconf 82' lang='grc' dir='ltr'><em>ἡμερῶν</em></span> <span class='ocrx_word' id='word_1_180' title='bbox 1015 2488 1299 2570; x_wconf 75' lang='grc' dir='ltr'><em>ἀριθμὸν</em></span> <span class='ocrx_word' id='word_1_181' title='bbox 1342 2487 1801 2568; x_wconf 71' lang='grc' dir='ltr'><em>ἐπιτηδεύοντες</em></span> <span class='ocrx_word' id='word_1_182' title='bbox 1858 2488 2039 2553; x_wconf 79' lang='grc' dir='ltr'><em>ἄλλο’-</em></span> 
     </span>
     <span class='ocr_line' id='line_1_25' title="bbox 262 2584 2038 2671; baseline 0.001 -20"><span class='ocrx_word' id='word_1_183' title='bbox 262 2597 450 2671; x_wconf 91' lang='grc' dir='ltr'><em>φυλοι</em></span> <span class='ocrx_word' id='word_1_184' title='bbox 493 2585 831 2670; x_wconf 81' lang='grc' dir='ltr'><em>φυλάττειν</em></span> <span class='ocrx_word' id='word_1_185' title='bbox 874 2587 949 2648; x_wconf 79' lang='grc' dir='ltr'><strong>οὗ</strong></span> <span class='ocrx_word' id='word_1_186' title='bbox 991 2584 1301 2650; x_wconf 78' lang='grc' dir='ltr'><em>δύνανται</em></span> <span class='ocrx_word' id='word_1_187' title='bbox 1312 2633 1333 2660; x_wconf 86' lang='grc'>,</span> <span class='ocrx_word' id='word_1_188' title='bbox 1377 2587 1689 2671; x_wconf 77' lang='grc' dir='ltr'><em>μυστήρια</em></span> <span class='ocrx_word' id='word_1_189' title='bbox 1730 2590 1836 2651; x_wconf 78' lang='grc' dir='ltr'><strong>καὶ</strong></span> <span class='ocrx_word' id='word_1_190' title='bbox 1877 2599 2038 2652; x_wconf 83' lang='grc' dir='ltr'><em>τελε-</em></span> 
     </span>
     <span class='ocr_line' id='line_1_26' title="bbox 261 2683 2038 2769; baseline 0.001 -18"><span class='ocrx_word' id='word_1_191' title='bbox 261 2690 374 2760; x_wconf 79' lang='grc' dir='ltr'><strong>τὰς</strong></span> <span class='ocrx_word' id='word_1_192' title='bbox 418 2686 829 2769; x_wconf 78' lang='grc' dir='ltr'><em>ὀνομάζοντες</em></span> <span class='ocrx_word' id='word_1_193' title='bbox 841 2733 861 2759; x_wconf 85' lang='grc'>,</span> <span class='ocrx_word' id='word_1_194' title='bbox 905 2694 1107 2748; x_wconf 82' lang='grc' dir='ltr'><em>ταῦτα</em></span> <span class='ocrx_word' id='word_1_195' title='bbox 1152 2683 1547 2768; x_wconf 82' lang='grc' dir='ltr'><em>φυλάττομεν</em></span> <span class='ocrx_word' id='word_1_196' title='bbox 1583 2688 1689 2749; x_wconf 74' lang='grc' dir='ltr'><strong>διὰ</strong></span> <span class='ocrx_word' id='word_1_197' title='bbox 1733 2697 1846 2751; x_wconf 81' lang='grc' dir='ltr'><strong>τοῦ</strong></span> <span class='ocrx_word' id='word_1_198' title='bbox 1876 2715 2038 2754; x_wconf 88' lang='grc' dir='ltr'><em>παν-</em></span> 
     </span>
     <span class='ocr_line' id='line_1_27' title="bbox 261 2784 2038 2869; baseline 0 -16"><span class='ocrx_word' id='word_1_199' title='bbox 261 2790 367 2860; x_wconf 83' lang='grc' dir='ltr'><strong>τὸς</strong></span> <span class='ocrx_word' id='word_1_200' title='bbox 411 2794 664 2859; x_wconf 73' lang='grc' dir='ltr'><em>αἰῶνος·</em></span> <span class='ocrx_word' id='word_1_201' title='bbox 709 2787 870 2858; x_wconf 82' lang='grc' dir='ltr'><em>τίνες</em></span> <span class='ocrx_word' id='word_1_202' title='bbox 913 2784 1029 2850; x_wconf 86' lang='grc' dir='ltr'><strong>οὗν</strong></span> <span class='ocrx_word' id='word_1_203' title='bbox 1072 2786 1227 2849; x_wconf 76' lang='grc' dir='ltr'><em>εἰσὶν</em></span> <span class='ocrx_word' id='word_1_204' title='bbox 1271 2788 1336 2848; x_wconf 81' lang='grc' dir='ltr'><strong>αἱ</strong></span> <span class='ocrx_word' id='word_1_205' title='bbox 1377 2785 1733 2869; x_wconf 78' lang='grc' dir='ltr'><em>προῤῥήσεις</em></span> <span class='ocrx_word' id='word_1_206' title='bbox 1769 2790 1875 2852; x_wconf 79' lang='grc' dir='ltr'><strong>καὶ</strong></span> <span class='ocrx_word' id='word_1_207' title='bbox 1919 2793 2038 2853; x_wconf 76' lang='grc' dir='ltr'><em>οἷπ-</em></span> 
     </span>
     <span class='ocr_line' id='line_1_28' title="bbox 264 2887 2039 2976; baseline -0.002 -23"><span class='ocrx_word' id='word_1_208' title='bbox 264 2887 614 2976; x_wconf 79' lang='grc' dir='ltr'><em>αγορεύσεις</em></span> <span class='ocrx_word' id='word_1_209' title='bbox 659 2898 767 2949; x_wconf 85' lang='lat' dir='ltr'><strong>etc.</strong></span> <span class='ocrx_word' id='word_1_210' title='bbox 856 2887 924 2947; x_wconf 83' lang='lat' dir='ltr'><strong>Si</strong></span> <span class='ocrx_word' id='word_1_211' title='bbox 968 2888 1102 2966; x_wconf 90' lang='lat' dir='ltr'><strong>quis</strong></span> <span class='ocrx_word' id='word_1_212' title='bbox 1157 2887 1342 2964; x_wconf 84' lang='lat' dir='ltr'><strong>igitur</strong></span> <span class='ocrx_word' id='word_1_213' title='bbox 1395 2888 1663 2966; x_wconf 82' lang='lat' dir='ltr'><strong>quaerit,</strong></span> <span class='ocrx_word' id='word_1_214' title='bbox 1725 2889 1874 2968; x_wconf 89' lang='lat' dir='ltr'><strong>quid</strong></span> <span class='ocrx_word' id='word_1_215' title='bbox 1928 2890 2039 2950; x_wconf 89' lang='lat' dir='ltr'><strong>do-</strong></span> 
     </span>
     <span class='ocr_line' id='line_1_29' title="bbox 264 2986 2037 3073; baseline 0.004 -25"><span class='ocrx_word' id='word_1_216' title='bbox 264 2992 497 3049; x_wconf 88' lang='lat' dir='ltr'><strong>cuerint</strong></span> <span class='ocrx_word' id='word_1_217' title='bbox 538 2990 915 3062; x_wconf 88' lang='lat' dir='ltr'><strong>sacerdotes,</strong></span> <span class='ocrx_word' id='word_1_218' title='bbox 959 2988 1064 3067; x_wconf 91' lang='lat' dir='ltr'><strong>qui</strong></span> <span class='ocrx_word' id='word_1_219' title='bbox 1106 2986 1425 3051; x_wconf 76' lang='grc' dir='ltr'><em>ὃιὸάσκειν</em></span> <span class='ocrx_word' id='word_1_220' title='bbox 1465 2988 1611 3058; x_wconf 76' lang='grc' dir='ltr'><em>τοὺς</em></span> <span class='ocrx_word' id='word_1_221' title='bbox 1645 2993 2037 3073; x_wconf 77' lang='grc' dir='ltr'><em>μυουμένους</em></span> 
     </span>
     <span class='ocr_line' id='line_1_30' title="bbox 265 3068 2035 3175; baseline 0.001 -27"><span class='ocrx_word' id='word_1_222' title='bbox 265 3099 326 3149; x_wconf 91' lang='lat' dir='ltr'><strong>et</strong></span> <span class='ocrx_word' id='word_1_223' title='bbox 359 3095 709 3175; x_wconf 73' lang='grc' dir='ltr'><em>ἐξηγεῖσθαι</em></span> <span class='ocrx_word' id='word_1_224' title='bbox 744 3089 1025 3150; x_wconf 87' lang='lat' dir='ltr'><strong>dicuntur</strong></span> <span class='ocrx_word' id='word_1_225' title='bbox 1042 3087 1154 3169; x_wconf 88' lang='lat'><strong>[¹¹¹],</strong></span> <span class='ocrx_word' id='word_1_226' title='bbox 1199 3088 1365 3148; x_wconf 90' lang='lat' dir='ltr'><strong>haud</strong></span> <span class='ocrx_word' id='word_1_227' title='bbox 1403 3068 1754 3175; x_wconf 75' lang='lat' dir='ltr'><strong>cunctanter</strong></span> <span class='ocrx_word' id='word_1_228' title='bbox 1784 3109 2035 3172; x_wconf 87' lang='lat' dir='ltr'><strong>respon-</strong></span> 
     </span>
    </p>
   </div>
   <div class='ocr_carea' id='block_1_5' title="bbox 265 3257 2034 3381">
    <p class='ocr_par' dir='ltr' id='par_1_5' title="bbox 265 3257 2034 3381">
     <span class='ocr_line' id='line_1_31' title="bbox 381 3257 2034 3334; baseline -0.002 -29"><span class='ocrx_word' id='word_1_229' title='bbox 381 3262 450 3319; x_wconf 88' lang='lat' dir='ltr'><strong>[m]</strong></span> <span class='ocrx_word' id='word_1_230' title='bbox 483 3263 627 3305; x_wconf 88' lang='lat' dir='ltr'><strong>Schol.</strong></span> <span class='ocrx_word' id='word_1_231' title='bbox 658 3262 876 3332; x_wconf 71' lang='lat' dir='ltr'><strong>Aristoph.</strong></span> <span class='ocrx_word' id='word_1_232' title='bbox 904 3263 1042 3307; x_wconf 87' lang='lat' dir='ltr'><strong>Rann.</strong></span> <span class='ocrx_word' id='word_1_233' title='bbox 1075 3261 1171 3304; x_wconf 88' lang='lat'><strong>158.</strong></span> <span class='ocrx_word' id='word_1_234' title='bbox 1212 3259 1235 3304; x_wconf 85' lang='grc' dir='ltr'>ὁ</span> <span class='ocrx_word' id='word_1_235' title='bbox 1266 3260 1343 3331; x_wconf 17' lang='grc' dir='ltr'><strong>τὰ·</strong></span> <span class='ocrx_word' id='word_1_236' title='bbox 1385 3257 1570 3334; x_wconf 71' lang='grc' dir='ltr'><em>υστήρια</em></span> <span class='ocrx_word' id='word_1_237' title='bbox 1600 3262 1846 3320; x_wconf 75' lang='grc' dir='ltr'><em>διδαχθείς.</em></span> <span class='ocrx_word' id='word_1_238' title='bbox 1887 3261 2034 3325; x_wconf 35' lang='grc' dir='ltr'><strong>131ιί18,-</strong></span> 
     </span>
     <span class='ocr_line' id='line_1_32' title="bbox 265 3320 2030 3381; baseline -0.003 -17"><span class='ocrx_word' id='word_1_239' title='bbox 265 3335 360 3364; x_wconf 91' lang='lat' dir='ltr'><strong>mon</strong></span> <span class='ocrx_word' id='word_1_240' title='bbox 399 3335 441 3378; x_wconf 91' lang='lat' dir='ltr'><strong>p.</strong></span> <span class='ocrx_word' id='word_1_241' title='bbox 483 3321 597 3365; x_wconf 58' lang='grc' dir='ltr'><strong>161.Ὶ</strong></span> <span class='ocrx_word' id='word_1_242' title='bbox 624 3323 885 3379; x_wconf 82' lang='grc' dir='ltr'><em>τελουμενοι</em></span> <span class='ocrx_word' id='word_1_243' title='bbox 923 3324 968 3365; x_wconf 77' lang='grc' dir='ltr'><strong>οἱ</strong></span> <span class='ocrx_word' id='word_1_244' title='bbox 1007 3337 1061 3363; x_wconf 86' lang='grc' dir='ltr'><strong>τα</strong></span> <span class='ocrx_word' id='word_1_245' title='bbox 1098 3335 1292 3373; x_wconf 83' lang='grc' dir='ltr'><em>μυστικα</em></span> <span class='ocrx_word' id='word_1_246' title='bbox 1363 3320 1667 3381; x_wconf 79' lang='grc' dir='ltr'><em>ιδάσκομενοι.</em></span> <span class='ocrx_word' id='word_1_247' title='bbox 1720 3320 1936 3364; x_wconf 88' lang='lat' dir='ltr'><strong>Plutarch.</strong></span> <span class='ocrx_word' id='word_1_248' title='bbox 1978 3321 2030 3360; x_wconf 65' lang='lat' dir='ltr'><strong>V.</strong></span> 
     </span>
    </p>
   </div>
   <div class='ocr_carea' id='block_1_6' title="bbox 2136 0 2158 2940">
    <p class='ocr_par' dir='ltr' id='par_1_6' title="bbox 2136 0 2158 2940">
     <span class='ocr_line' id='line_1_33' title="bbox 2136 0 2158 2940; baseline 0 0"><span class='ocrx_word' id='word_1_249' title='bbox 2136 0 2158 2940; x_wconf 95' lang='lat' dir='ltr'><strong> </strong></span> 
     </span>
    </p>
   </div>
  </div>
 </body>
</html>
