2158 3848
239 218 366 279 426
776 230 1017 274 LIBER
1059 223 1493 276 SECUNDUS.

237 363 426 422 stium
470 362 870 422 aestimentur
910 363 1046 425 sive
1083 381 1159 422 ex
1191 369 1548 439 argumento
1584 378 1696 420 suo
1738 361 2012 420 omnium

239 462 658 522 recentissima
699 461 902 523 videri
947 460 1188 520 debent.
1273 461 1486 541 Neque
1530 469 1734 519 tamen
1776 460 1895 520 hoc
1938 478 2013 519 eo

238 560 410 634 dico,
472 562 648 641 quasi
705 560 972 620 Graecos
1030 569 1172 619 ante
1223 560 1519 621 Berosum
1576 562 1880 641 primum,
1944 569 2015 618 ut

238 660 461 722 dicitur
478 662 547 740 [⁰]
563 702 581 733 ‚
624 660 1038 718 astronomiae
1081 656 1427 734 doctorem,
1470 661 1702 720 nullam
1748 659 2011 719 Geneth-

235 760 520 837 lialogiae
563 759 830 838 speciem
867 760 1171 836 cognitam
1198 759 1485 819 habuisse
1508 769 1720 840 putem
1737 756 1831 841 [⁶¹].
1886 755 2016 818 He-

234 856 492 918 rodotus
536 861 700 919 enim
741 859 818 920 II.
862 859 964 919 82.
1025 856 1473 940 Aegyptiorum
1516 861 1837 920 inventum
1880 877 2016 920 esse

354 1057 417 1114 [⁰]
449 1055 632 1102 Salmas.
659 1058 820 1102 Exere.
852 1059 961 1103 Plin.
992 1075 1035 1118 p.
1067 1058 1168 1104 657.
1201 1059 1379 1116 Menag.
1411 1059 1468 1103 ad
1498 1058 1628 1115 Diog.
1656 1057 1712 1101 X.
1731 1055 1802 1101 93.
1833 1056 2015 1100 Schnei-

237 1116 326 1159 der.
359 1116 413 1159 ad
443 1117 550 1172 Arg.
578 1116 679 1161 209.

355 1198 416 1260 [d]
450 1203 693 1261 Simplicius
733 1206 778 1248 in
808 1205 1000 1250 Auscult.
1042 1206 1094 1249 L.
1124 1206 1183 1249 ΙΙ.
1226 1220 1275 1262 Ρ.
1311 1204 1382 1248 65.
1423 1206 1475 1248 Α.
1518 1201 1567 1248 τὸ
1609 1204 1686 1258 τῆς
1724 1200 2018 1261 ἀστρολογίας

234 1257 383 1322 ὄνομα
399 1295 411 1317 ,
465 1259 604 1321 μήπω
646 1259 744 1309 τότε
783 1263 1027 1321 (Posidonii
1068 1264 1354 1322 temporibus)
1393 1265 1468 1314 τῆς
1505 1262 1914 1319 ἆποτελεσματικῆς
1955 1261 2019 1308 εἷς

233 1319 337 1370 τοὺς
354 1319 572 1375 Ἓλληνας
599 1319 839 1379 ἐλθούσης,
869 1325 946 1366 ἐπὶ
974 1326 1050 1379 τῆς
1079 1326 1162 1367 νῦν
1192 1325 1471 1382 καλουμένης
1500 1320 1801 1378 ἀστρονομίας
1829 1319 2014 1376 ἔφερον.

234 1378 403 1422 Eadem
442 1380 628 1422 fortasse
668 1380 803 1423 sensit
843 1381 1114 1425 Phavorinus
1130 1415 1143 1435 ,
1184 1382 1259 1438 qui
1300 1395 1369 1438 ap.
1412 1379 1527 1422 Gell.
1570 1378 1688 1422 XIV.
1730 1376 1770 1420 1.
1811 1376 2018 1433 disputat,

237 1438 507 1496 disciplinam
557 1439 683 1482 istam
729 1439 1047 1483 Chaldaeorum
1085 1444 1234 1483 tantae
1272 1439 1502 1483 vetustatis
1542 1451 1628 1480 non
1667 1451 1790 1487 esse,
1829 1439 2018 1492 quantae

235 1496 377 1542 videri
419 1494 579 1549 velint3
620 1511 861 1553 quanquam
900 1498 999 1540 fieri
1038 1503 1207 1555 potest,
1252 1504 1303 1540 ut
1340 1498 1449 1540 haec
1487 1496 1696 1539 adversus
1736 1508 1810 1537 eos
1840 1493 2017 1545 dixerit,

235 1555 310 1611 qui
338 1555 586 1597 zoroastris
615 1555 748 1598 libros
780 1557 1154 1613 apotelesmaticos
1183 1556 1469 1599 venditarent.
1529 1552 1751 1610 Simplicio
1780 1551 1887 1594 nihil
1917 1550 2019 1595 offi-

235 1614 354 1656 ciunt
390 1613 620 1670 Magorum
661 1619 706 1656 et
748 1614 1061 1659 Chaldaeorum
1097 1616 1142 1658 in
1184 1615 1377 1657 Graecia
1415 1613 1787 1671 peregrinationes
1817 1616 1862 1653 et
1889 1623 2017 1666 prae—

236 1672 470 1725 dictiones,
513 1686 625 1729 quae
667 1673 823 1729 partim
864 1673 1021 1717 dubiae
1051 1681 1176 1727 sunt,
1220 1673 1377 1731 partim
1420 1678 1570 1729 aperte
1610 1668 1862 1721 fabulosae,
1914 1679 2020 1724 par·-

236 1731 314 1774 tim
356 1731 516 1774 nullum
561 1736 724 1774 certum
764 1733 889 1775 istius
919 1735 1028 1776 artis
1055 1733 1258 1776 indicium
1287 1733 1500 1784 afferunt,
1529 1730 1651 1774 velut
1681 1743 1791 1786 quae
1819 1726 2020 1771 Xanthus

234 1789 385 1844 Lydus
430 1789 485 1831 de
528 1790 757 1846 Magorum
802 1792 1072 1834 successione
1114 1806 1141 1835 a
1180 1792 1317 1849 primo
1351 1789 1585 1833 Zoroastre
1625 1801 1762 1845 usque
1801 1785 1858 1829 ad
1893 1783 2019 1842 regni

234 1847 402 1891 Persici
443 1863 638 1892 occasum
678 1849 910 1893 tradidisse
948 1851 1120 1894 dicitur.
1159 1866 1201 1895 v.
1234 1849 1443 1892 Creuzeri
1481 1848 1656 1904 Fragm.
1696 1846 1812 1890 Hist.
1842 1859 1884 1902 p.
1914 1843 2016 1887 224.

234 1921 430 1963 quaeque
478 1907 734 1950 Heraclides
788 1909 994 1951 Ponticus
1036 1910 1091 1952 de
1134 1908 1260 1964 Magi
1302 1908 1522 1963 cujusdam
1566 1921 1660 1949 cum
1700 1919 1806 1960 rege
1848 1903 2018 1946 Gelone

234 1965 561 2008 conversatione
588 1966 808 2008 fabulatus
845 1971 912 2009 est
941 1968 1089 2010 Strab.
1120 1967 1178 2010 ΙΙ.
1232 1966 1303 2009 98.
1355 1961 1593 2021 cujusmodi
1644 1964 1782 2007 multa
1829 1962 1883 2005 de
1925 1961 2017 2004 De-

233 2025 413 2066 mocrito
454 2030 499 2066 et
529 2025 773 2081 Protagora
817 2026 1046 2082 (Philostr.
1087 2027 1140 2068 V.
1172 2025 1306 2084 Soph.
1337 2025 1372 2067 1.
1405 2026 1472 2066 10.
1502 2022 1626 2077 494.)
1656 2026 1887 2065 narrantur
1915 2033 2019 2077 par-

234 2083 312 2126 tim
352 2081 470 2124 nulla
509 2083 667 2140 partim
708 2083 866 2139 exigua
902 2084 989 2128 fide
1029 2085 1205 2128 tradita.
1266 2083 1510 2126 Chaldaeos
1536 2080 1762 2140 Euripidis
1790 2079 2019 2124 victoriam

232 2141 502 2199 praedixisse
546 2141 716 2183 Gellius
756 2143 892 2187 refert
931 2144 1026 2187 XV.
1068 2145 1141 2187 20.
1181 2143 1354 2186 sublata
1396 2142 1504 2185 artis
1543 2146 1674 2193 nota;
1733 2138 1860 2196 Magi
1899 2138 2018 2181 illius

234 2201 287 2243 de
318 2200 501 2242 Socrate
540 2200 838 2256 praesagium,
886 2203 999 2259 quod
1029 2201 1249 2258 Diogenes
1290 2216 1314 2243 e
1357 2200 1586 2244 subditicio
1617 2197 1863 2242 Aristotelis
1905 2195 2017 2240 libro

231 2261 370 2302 refert
410 2259 475 2314 (v.
513 2258 675 2301 Luzac.
705 2259 850 2302 Lectt.
880 2261 1016 2304 Acad.
1050 2274 1094 2318 p.
1130 2261 1223 2316 83.)
1254 2263 1482 2317 praeterea
1522 2258 1636 2315 quod
1663 2257 1810 2300 fictum
1841 2260 1934 2310 est,
1963 2269 2020 2298 ne

234 2319 328 2376 ipse
360 2317 530 2374 quidem
560 2317 735 2361 fabulae
767 2323 942 2374 auctor,
983 2320 1021 2362 si
1051 2319 1156 2376 quid
1186 2319 1339 2375 video,
1372 2334 1427 2361 ex
1456 2317 1683 2374 horoscopi
1714 2315 2019 2360 observatione

233 2377 407 2420 ductum
458 2377 534 2419 sed
589 2391 644 2419 ex
698 2378 860 2431 oculis,
929 2380 1099 2432 fronte,
1152 2379 1276 2422 vultu
1330 2377 1554 2428 Socratis,
1610 2375 2017 2432 Metoposcoporum

232 2449 378 2488 more,
423 2436 662 2491 conjectum
703 2435 842 2479 videri
886 2438 1038 2480 voluit.
1081 2453 1124 2481 v.
1162 2438 1270 2480 Luz-
1311 2451 1352 2494 p.
1393 2433 1494 2478 244.
1545 2434 1745 2491 Denique
1784 2434 1891 2476 nihil
1927 2445 2018 2476 mo-

233 2494 364 2538 menti
403 2494 510 2535 facit
551 2493 663 2549 quod
704 2493 906 2537 Annaeus
948 2496 1060 2538 Gaz.
1103 2496 1328 2554 Theophr.
1360 2511 1400 2552 p.
1432 2494 1531 2537 621.
1563 2493 1614 2536 C.
1644 2494 1870 2536 Platonem
1911 2491 2019 2534 dicit

232 2551 315 2605 τὴν
363 2554 454 2594 τῶν
495 2552 743 2595 Χαλδαίων
784 2556 862 2596 καὶ
901 2556 1169 2612 Αἰγυπτίων
1208 2556 1494 2611 φιλοσοφίαν
1536 2552 1752 2596 Graeciae
1789 2551 2015 2600 intulisse3
2082 2568 2087 2575 ·

234 2627 313 2654 nec
366 2609 545 2653 Proculi
591 2610 877 2654 testimonium
915 2613 959 2654 in
1002 2613 1117 2655 Tim.
1158 2614 1235 2655 IV.
1275 2611 1375 2655 285.
1421 2626 1484 2667 sq.
1524 2606 1905 2671 θαυμασιωτάτην
1947 2604 2017 2651 εἷ-

233 2672 315 2714 ναί
351 2680 494 2728 φησιν
533 2663 557 2711 ὃ
605 2664 897 2726 Θεόφραστος
935 2672 986 2715 ἐν
1025 2675 1119 2720 τοῖς
1158 2669 1248 2714 κατ’
1284 2667 1422 2713 αὐτὸν
1443 2666 1630 2729 χρόνοις
1657 2666 1738 2723 τὴν
1764 2670 1858 2714 τῶν
1888 2667 2016 2712 Χαλκ

236 2729 382 2778 δαίων
421 2728 528 2787 περὶ
571 2730 709 2770 ταῦτα
737 2732 961 2800 θεωρίαν,
992 2725 1046 2772 τά
1075 2743 1122 2772 τε
1153 2726 1267 2772 ἄλλα
1296 2729 1613 2786 προλέγουσαν
1641 2730 1718 2771 καὶ
1747 2722 1851 2775 τοὺς
1890 2731 2016 2782 βίους

234 2785 435 2832 ἑκάστων
473 2786 551 2829 καὶ
590 2783 694 2835 τοὺς
731 2792 958 2837 θανατους
998 2790 1075 2831 καὶ
1117 2786 1172 2832 οὐ
1211 2786 1265 2830 τὰ
1309 2784 1439 2831 κοινὰ
1477 2782 1647 2845 μόνον,
1703 2780 1802 2830 οἷον
1834 2787 2015 2844 χειμῶ-

236 2860 318 2897 νας
371 2847 448 2890 καὶ
489 2843 667 2901 εὐδίας,
720 2843 866 2906 ὥςπερ
910 2848 987 2890 καὶ
1026 2845 1105 2891 τὸν
1148 2845 1312 2904 ἀστέρα
1351 2848 1430 2890 τοῦ
1460 2842 1629 2904 Ἑρμοῦ
1665 2847 1893 2904 χειμῶνος
1926 2843 2016 2903 μὲν

233 2907 412 2965 ἐκφανῆ
451 2900 726 2963 γενόμενον,
770 2901 894 2979 ψύχη
933 2910 1194 2964 σημαίνετν,
1237 2901 1445 2964 καύματα
1485 2904 1536 2950 δὲ
1581 2907 1757 2964 θέρους.
1790 2899 1938 2947 πάντα
1970 2901 2010 2946 δ’

233 2957 319 3010 οὗν
342 2961 510 3013 ΐιῦτοὺς
537 2965 615 3006 καὶ
643 2959 698 3005 τὰ
727 2978 856 3008 κοινα
886 2966 963 3008 καὶ
991 2962 1046 3007 τὰ
1076 2964 1172 3007 ἴδια
1201 2960 1534 3024 προγινώσκειν
1563 2961 1654 3007 ἀπὸ
1675 2963 1766 3006 τῶν
1789 2962 2014 3022 οὐρανίων

235 3024 286 3068 ἐν
323 3026 376 3084 τῇ
414 3025 522 3080 περὶ
561 3026 761 3080 σημείων
800 3025 938 3080 βίβλῳ
970 3028 1124 3082 φησίν.
1170 3038 1280 3080 quae
1311 3023 1599 3070 Schneiderus
1629 3022 1883 3078 fragmentis
1912 3021 2013 3064 libri

236 3081 303 3124 de
343 3081 530 3138 signis
575 3080 736 3123 addere
764 3084 988 3138 potuisset.
1029 3082 1202 3125 Etenim
1247 3084 1354 3125 haec
1385 3083 1441 3124 ad
1469 3080 1746 3138 prognostica
1776 3081 2009 3137 pertinent,

236 3154 416 3197 quorum
457 3140 640 3182 scientia
671 3140 854 3183 Graecis
884 3146 1009 3185 vetus
1039 3146 1085 3183 et
1114 3142 1318 3198 indigena
1347 3141 1432 3183 suit
1461 3146 1505 3183 et
1535 3142 1590 3183 ab
1619 3139 1714 3196 ipso
1742 3139 2012 3197 Hippocrate
2035 3137 2038 3141 ’

237 3199 492 3241 celebratur.
522 3214 564 3240 v.
596 3198 743 3255 Coray
773 3200 829 3243 ad
851 3200 984 3258 Hipp.
1016 3200 1070 3242 de
1093 3200 1194 3242 Aer.
1226 3205 1272 3243 et
1291 3200 1422 3242 Locc.
1453 3215 1494 3256 p.
1521 3199 1560 3241 8.
1593 3199 1856 3254 eandemque
1876 3202 2011 3241 artem

237 3257 455 3313 significat
495 3257 727 3313 Euripides
768 3274 836 3316 ap.
869 3258 1002 3301 Clem.
1034 3259 1191 3302 Strom.
1220 3260 1257 3301 I.
1293 3258 1359 3302 15.
1388 3255 1543 3317 30625
1573 3253 1792 3313 Βηρύτιος
1809 3254 2008 3315 Ἕρμιπ-

239 3332 324 3366 πος
355 3320 566 3375 Χείρωνα
595 3314 674 3359 τὸν
703 3320 964 3377 Κένταυρον
993 3315 1144 3375 σοφὸν
1171 3319 1321 3374 καλεῖ,
1353 3317 1424 3375 ἐφ’
1459 3318 1513 3361 οὑ
1542 3319 1620 3360 καὶ
1648 3315 1673 3361 ὃ
1703 3330 1784 3369 την
1818 3319 2009 3359 Τιτανο-

237 3378 409 3432 μαχίαν
437 3371 620 3432 γράψας
650 3377 792 3433 φησὶν
822 3374 882 3426 ὥς
909 3379 1085 3435 πρῶτος
1114 3367 1241 3426 οὗτος
