2158 3848
688 184 1274 257 lunensium.
1758 203 1879 266 143

106 358 203 407 tus
260 347 451 410 everti
464 388 482 418 ‚
538 347 591 404 si
645 343 997 422 majusculis
1047 343 1359 421 mysteriis
1400 342 1593 405 ullam
1635 349 1880 410 institu-

103 447 288 506 tionis
342 454 584 525 partem
637 443 940 523 reliquam
993 443 1223 503 fecerit.
1287 443 1554 503 Etenim
1596 463 1636 504 a
1675 450 1878 526 primo

102 546 296 625 quinti
338 543 480 603 libri
520 543 794 620 ingressu
836 543 954 603 hoc
995 545 1122 621 agit
1165 551 1227 601 et
1269 540 1572 623 disputat,
1615 562 1740 604 non
1783 565 1879 606 so—

102 646 193 703 los
262 663 465 703 sacros
523 644 854 722 scriptores
914 644 1247 704 sententias
1308 661 1449 702 suas
1511 642 1881 705 obscuritate

101 743 366 823 quadam
407 743 769 816 involvisse,
814 742 925 803 sed
969 743 1184 804 eadem
1228 744 1295 802 in
1333 741 1610 803 docendo
1639 747 1879 805 ratione

101 845 285 904 etiam
338 861 586 921 graecos
652 843 1060 924 philosophos
1118 852 1180 901 et
1234 845 1598 905 veterrimos
1642 854 1879 924 poetam,

100 944 446 1024 Orpheum,
499 942 847 1003 Hesiodum
902 944 1180 1022 aliosque
1238 962 1384 1003 usos
1429 962 1592 1019 esse,
1638 952 1702 1003 et
1742 964 1881 1026 par-

98 1047 210 1104 tim
256 1046 551 1104 orationis
592 1043 928 1115 brevitate,
970 1044 1200 1122 partim
1245 1043 1474 1123 tropis,
1516 1046 1753 1121 figuris,
1798 1045 1881 1104 al-

100 1147 344 1224 legoriis
397 1146 653 1205 inventa
706 1159 822 1204 sua
876 1144 967 1202 ita
1019 1141 1289 1222 undique
1344 1144 1521 1223 quasi
1570 1144 1729 1205 velis
1775 1142 1880 1203 ob-

98 1244 396 1318 tendisse3
462 1252 533 1302 ut
584 1244 906 1324 imperitos
962 1261 1000 1302 a
1057 1244 1402 1321 cognitione
1455 1242 1882 1318 absterrerent,

96 1344 471 1403 sollertiores
527 1351 736 1402 autem
779 1361 854 1403 eo
897 1344 1133 1421 majore
1173 1345 1454 1405 veritatis
1496 1342 1880 1423 indagandae

96 1443 303 1503 studio
346 1441 766 1503 incenderent:
821 1442 1048 1514 πάντες
1091 1446 1151 1507 οἱ
1191 1442 1679 1530 θεολογήσαντες
1719 1442 1880 1530 βάρ-

96 1548 285 1627 βαροι
327 1543 432 1606 καὶ
457 1543 739 1623 Ἕλληνες
781 1545 894 1614 τὰς
935 1543 1053 1626 μὲν
1098 1543 1294 1627 ἀρχὰς
1327 1553 1460 1608 τῶν
1492 1542 1879 1630 πραγμάτων

98 1642 538 1726 ἀπεκρύψαντο
552 1686 573 1716 ,
627 1644 743 1724 τὴν
785 1643 855 1707 δὲ
900 1642 1205 1724 ἀλήθειαν
1259 1642 1585 1730 αἰνίγμασι
1626 1644 1732 1705 καὶ
1772 1659 1880 1727 Ιιιι-’-

97 1750 402 1827 ταφοραῖς
457 1742 936 1827 παραδεδώκασι
995 1764 1057 1824 Ρ.
1113 1741 1257 1804 658.
1326 1758 1690 1823 causamque
1743 1742 1881 1803 red·

98 1843 191 1903 dit
245 1843 341 1903 his
395 1844 632 1904 verbis:
698 1844 844 1908 οὐδὲ
910 1851 1069 1930 γοῦν
1121 1850 1251 1914 τοῖς
1302 1848 1601 1922 τυχοῦσιν
1650 1840 1881 1921 ἤθελον

98 1943 366 2023 ἅναίδην
409 1942 550 2026 (sic)
594 1944 909 2007 ἐκκεῖσθαι
944 1941 1175 2016 πάντα,
1221 1941 1366 2005 οὐδὲ
1391 1947 1879 2006 κοινοποιεῖσθαι

96 2045 178 2107 τὰ
222 2042 446 2126 σοφίας
489 2045 712 2130 ἀγαθὰ
753 2051 883 2116 τοῖς
924 2045 1073 2126 μηδ’
1118 2045 1275 2127 ὄναρ
1318 2042 1434 2122 τὴν
1469 2042 1682 2127 ψυχὴν
1703 2067 1880 2105 κεκα-

97 2145 456 2227 θαρμένοις·
530 2146 607 2208 οὗ
662 2145 786 2230 γὰρ
844 2146 1027 2227 θέμις
1079 2146 1320 2229 ὀρέγειν
1372 2149 1502 2213 τοῖς
1557 2146 1878 2207 ἀπαντῶσι

95 2244 178 2307 τὰ
219 2244 377 2325 μετὰ
417 2242 738 2308 τοσούτων
779 2240 1049 2329 ἀγώνων
1091 2245 1506 2326 πορισθέντα,
1565 2243 1710 2306 οὐδὲ
1754 2242 1876 2324 μὴν

97 2340 385 2426 βεβήλοις
424 2342 506 2403 τὰ
547 2350 663 2406 τοῦ
709 2340 896 2428 λόγου
933 2341 1244 2426 μυστήρια
1269 2344 1628 2430 διηγεῖσθαι
1651 2361 1714 2422 p.
1737 2342 1877 2402 680.

98 2461 254 2524 quae
308 2449 454 2501 sunt
506 2443 743 2522 paucis-J
771 2443 1026 2504 mutatis
1082 2461 1116 2501 e
1168 2442 1419 2518 Lysidis
1473 2442 1554 2502 ad
1608 2442 1878 2523 Hippar-

97 2542 279 2603 chum
335 2541 598 2622 epistola
627 2537 725 2622 [Ἴ.
756 2543 828 2603 in
853 2579 855 2583 .
880 2555 1271 2603 communem
1315 2541 1645 2602 dialectum
1688 2552 1874 2603 trans-

95 2643 240 2702 lata.
325 2639 569 2701 Deinde
610 2640 789 2707 addit
839 2641 1029 2704 etiam
1080 2645 1522 2720 mysteriorum
1577 2641 1880 2703 antistites

97 2742 212 2803 hoc
265 2751 555 2824 sequutus
613 2759 774 2803 esse:
822 2744 1001 2808 Ἀλλὰ
1042 2744 1148 2807 καὶ
1191 2747 1251 2808 οἱ
1290 2745 1368 2808 τὰ
1412 2742 1725 2828 μυστήρια
1766 2745 1875 2806 295—

98 2868 303 2924 μενοι,
358 2842 696 2927 φιλόσοφοι
746 2845 953 2918 ὄντες,
1007 2845 1086 2908 τὰ
1143 2846 1358 2910 αὐτῶν
1413 2843 1702 2931 δόγματα
1756 2841 1879 2926 μύ-

218 3010 280 3069 [b]
310 3012 537 3056 Jamblich.
580 3013 632 3055 V.
673 3012 721 3056 P.
762 3013 904 3057 XVII.
944 3030 987 3073 p.
1030 3015 1129 3058 160.
1171 3014 1278 3060 οὐδὲ
1316 3013 1413 3074 μὰν
1450 3010 1657 3070 βεβᾶλοις
1694 3011 1749 3057 τὰ
1777 3016 1877 3057 ταῖν

99 3068 387 3116 Ἐλευσινίων
436 3068 662 3131 μυστήρια
710 3070 989 3132 διαγεῖσθαι·
1031 3087 1114 3131 quo
1154 3074 1455 3129 significantur
1494 3086 1579 3117 non
1616 3071 1790 3116 Cereris
1833 3075 1878 3115 et

104 3127 289 3172 Liberae
318 3130 394 3173 sed
423 3130 720 3188 philosophiae
748 3145 922 3190 arcana,
952 3136 1004 3176 ut
1017 3132 1213 3175 Clemens
1244 3136 1362 3175 recte
1391 3131 1616 3176 intellexit.
1647 3131 1738 3174 Sed
1767 3131 1877 3174 alius

101 3186 380 3288 a‘izffssmi‘tffi
399 3189 872 3306 ‘¹¹¹‘“¹’¹⁰;r32¹:3:÷{2z
908 3191 1176 3307 ἲέἓὲιέῗᾚ
1204 3190 1733 3294 ἁῇἓῖᾙξοὲῖωῗὲ
1751 3203 1875 3292 ⁸135ss

101 3304 263 3346 menius
304 3305 414 3362 scrip
512 3307 620 3367 περὶ
654 3308 745 3350 τῶν
784 3306 909 3377 παρὰ
947 3306 1159 3353 Πλάτωνι
1192 3305 1459 3370 ἀπορῤήτων
1486 3308 1650 3352 Euseb.
1681 3307 1754 3350 Pr.
1785 3306 1871 3351 Ev.

101 3361 225 3405 XIII.
257 3361 357 3406 650.
388 3364 445 3406 ef.
475 3364 592 3408 Jons.
624 3365 678 3408 de
708 3365 868 3424 Scnpt.
899 3367 1011 3411 Phil.
1041 3368 1125 3411 ΙΙΙ.
1161 3367 1227 3410 10.
1260 3381 1302 3423 p.
1334 3366 1405 3411 58.
