2158 3848
824 253 1281 296 oR·1³1110A.
1822 243 1941 303 371

156 390 432 466 Phrygiis
489 405 588 446 τοῦ
642 390 845 463 gestas
899 379 1157 439 deorum
1197 381 1338 453 sic,
1405 392 1474 440 ut
1520 367 1749 461 ‘postea
1802 387 1947 447 fecit

153 490 572 560 Euhemerus,
616 484 710 546 ads
739 482 1067 542 historiam
1108 492 1464 561 revocasse3
1511 501 1773 564 eumque
1813 507 1948 547 esse

152 590 283 652 τὸν·
324 587 473 656 ,τοὺς
535 582 883 669 Φρυγίους
922 579 1145 668 λόγους
1207 580 1550 668 γράψαντα
1614 584 1682 642 in
1745 584 1947 646 Schol.

151 686 359 767 Apoll.
447 684 522 745 Id
566 694 730 745 corte
772 683 928 743 mihi
973 681 1359 756 credibilius,
1403 701 1588 763 quam
1634 684 1801 765 quod
1833 687 1951 746 Fa-

153 788 347 847 bricio
391 787 456 845 in
503 794 773 847 mentem
818 785 993 846 venit
1037 782 1107 842 T.
1130 783 1176 841 Ι.
1222 783 1367 843 626.
1412 783 1754 862 Diagoram
1800 806 1951 868 apo-

151 890 325 966 logos
349 886 660 967 Aesopios
696 887 1021 966 scripsisse
1052 883 1129 943 ab
1159 885 1503 944 inventoris
1539 889 1792 947 nomine
1817 889 1952 952 Λό-

153 1015 304 1076 γους
329 988 654 1074 Φρυγίους
696 985 894 1046 dictos
940 1004 999 1045 v.
1027 983 1410 1044 Wernsdorf.
1456 983 1536 1043 ad
1567 985 1807 1048 Himer.
1847 989 1951 1049 Or.

155 1090 300 1151 XX.
343 1089 491 1150 718.
581 1085 708 1148 sed
740 1087 1111 1148 revisamus:
1146 1082 1226 1143 ad
1263 1082 1598 1162 Orpheum.
1687 1089 1691 1093 '

324 1189 461 1251 XV.
536 1184 925 1267 Θυηπολικόν
966 1184 1294 1245 Fabricius
1340 1185 1643 1262 conjectat
1687 1186 1767 1247 ad
1810 1189 1955 1250 illos

157 1272 390 1370 Orphei
433 1288 625 1348 libros
670 1285 1018 1366 pertineres,
1071 1284 1294 1366 quibus
1340 1284 1517 1345 Plato
1565 1258 1955 1350 circulatores

154 1392 220 1450 in
263 1391 456 1450 sacris
502 1386 1014 1449 administrandis
1058 1387 1157 1446 uti*
1177 1395 1422 1446 narrat.

325 1490 493 1552 XVI.
573 1489 797 1573 εἱεροὺς
854 1487 1077 1573 λόγους
1146 1485 1375 1546 Suidas
1435 1486 1792 1566 Theogneto
1850 1494 1958 1550 tri-

154 1592 320 1665 buit,
361 1588 668 1652 Clemens
715 1586 979 1668 Cercopi
1035 1589 1152 1651 τὸν
1195 1588 1365 1670 ἱερὸν
1410 1586 1628 1672 λόγον,
1693 1609 1954 1670 quorum

157 1692 389 1752 oblitus
415 1691 620 1769 Zoega
661 1707 890 1751 nomen
933 1691 1139 1769 ipsum
1187 1688 1348 1771 ἱερὸς
1379 1686 1580 1774 λόγος,
1628 1709 1749 1768 quo
1780 1691 1956 1752 Plato

158 1810 402 1873 quoque
445 1810 627 1865 usuS,
685 1789 1107 1852 Alexandrino
1154 1788 1408 1849 demum
1454 1807 1612 1850 aevo
1667 1792 1734 1849 in
1778 1810 1958 1855 usum

156 1895 407 1954 venisse
469 1890 745 1953 credidit·
793 1891 861 1948 in
905 1874 1321 1950 commentat.
1377 1887 1786 1950 avWelckero
1834 1894 1961 1954 edi-

159 1995 241 2053 tis
283 2012 346 2074 p.
392 1992 536 2053 213.
605 1989 827 2069 Hujus:
871 1990 1163 2049 carminis
1207 1999 1440 2068 quanta
1495 1989 1685 2050 fuerit
1737 1994 1802 2052 in
1846 1995 1962 2055 Ec-

75 2167 80 2172 ,
162 2093 351 2154 clesia
393 2102 606 2155 vetere
652 2092 1076 2163 existimatio,
1099 2089 1282 2168 ⁴infra
1328 2084 1706 2151 ostendetur.

332 2192 532 2256 XVII.
575 2203 639 2252 et
679 2191 908 2252 XVHI.
987 2189 1391 2272 Ἷεροστολικά
1449 2200 1512 2249 et
1559 2195 1964 2271 Καταζωστι-

161 2293 313 2366 κόν,
372 2309 529 2372 quae
575 2291 805 2352 Suidas
846 2300 1152 2362 recenset,
1211 2289 1292 2348 ad
1338 2309 1530 2350 unum
1579 2295 1965 2378 eundemque

166 2395 371 2455 locum
410 2392 496 2451 -de
539 2394 775 2452 vestitu
829 2410 1002 2452 sacro
1065 2393 1201 2451 sive
1254 2391 1641 2452 initiatorum
1704 2398 1841 2458 sive
1884 2402 1965 2458 si-

165 2495 581 2555 mulacrorum
628 2492 987 2554 divinorum
1032 2493 1344 2572 pertinere
1380 2491 1702 2568 videntur,
1747 2498 1811 2557 in
1843 2517 1964 2578 quo
2047 2479 2051 2483 ’

167 2606 462 2674 quantum
518 2592 711 2656 studii
738 2602 742 2605 “
767 2593 1092 2673 posuerint
1159 2599 1435 2665 vetereS,
1522 2594 1754 2656 indicio
1822 2611 1969 2661 sunt

163 2696 459 2755 Stolistae
503 2714 614 2754 seu
656 2693 1166 2766 Hierostolistae,
1230 2695 1335 2772 qui
1396 2712 1435 2754 a
1478 2694 1807 2757 Plutarcho
1855 2719 1966 2760 vo-

166 2807 380 2856 cantur
420 2794 780 2879 Ἰερόστολοι
825 2793 904 2854 de
946 2795 1025 2853 Is.
1084 2814 1131 2852 c.
1176 2794 1282 2852 111.
1335 2794 1472 2855 104.
1531 2796 1696 2855 unde
1738 2816 1968 2859 nomen

169 2895 546 2979 ἱεροστολικά
595 2895 869 2957 derivari
913 2893 1244 2954 commode
1289 2892 1602 2978 potestffl.
1665 2899 1967 2976 Καταζω-

288 3063 348 3123 [f]
380 3068 571 3111 Verbum
602 3067 819 3117 στολίζειν
848 3065 1007 3121 legitur
1036 3065 1086 3108 in
1111 3067 1247 3109 Inscr.
1279 3066 1471 3109 Boeckh.
1505 3065 1572 3109 cl.
1603 3067 1639 3111 Ι.
1671 3068 1728 3111 N.
1759 3067 1861 3113 481.
1894 3085 1966 3114 ce-

168 3130 266 3166 tera
304 3126 498 3184 exempla
537 3125 591 3168 ad
624 3124 940 3181 Aegyptiorum
981 3139 1108 3167 sacra
1138 3126 1369 3181 pertinent.
1400 3140 1442 3167 v.
1474 3125 1710 3169 Drumann.
1741 3128 1797 3171 ad
1827 3129 1965 3173 Inscr.

169 3183 338 3226 Rosea.
368 3198 410 3240 p.
443 3185 540 3228 106.
572 3190 616 3228 et
644 3181 796 3227 horum
824 3197 997 3240 quoque
1028 3184 1189 3240 templa
1219 3184 1483 3227 Plutarchus
1514 3199 1552 3229 c.
1573 3185 1688 3228 «XX.
1719 3186 1828 3231 dicit
1850 3205 1965 3250 κρυ-

168 3241 259 3299 nt&
301 3244 378 3284 καὶ
406 3239 561 3287 σκότια
596 3245 680 3301 γῆς
718 3239 925 3296 στολιστή
957 3259 1002 3285 ια
1031 3247 1242 3298 θηβαιόις
1271 3240 1448 3287 ἐοικότα
1477 3246 1556 3287 καὶ
1584 3249 1752 3302 σηκοῖς,
1783 3247 1858 3290 ubi
1889 3248 1965 3290 Ja—

172 3301 347 3344 cobsius
389 3301 434 3343 in
476 3302 711 3346 comment.
753 3300 889 3343 Acad.
988 3316 1107 3344 onac.
1141 3316 1237 3344 ann.
1271 3301 1398 3344 1809.
1429 3317 1472 3360 p.
1502 3302 1573 3347 25.
1603 3306 1841 3360 σπηλαίοις
1873 3306 1962 3350 ἔοι-

174 3354 283 3403 κότα
336 3360 562 3414 emendat,
628 3361 742 3418 quod
786 3359 988 3415 Squiriun
1042 3362 1293 3417 praecepit,
1364 3361 1439 3404 alii
1479 3358 1644 3416 θήκαις
1682 3364 1753 3408 vel
1795 3370 1966 3420 θίβαις,

170 3419 273 3476 quin
316 3419 444 3461 etiam
487 3433 634 3462 vocem
678 3415 960 3476 στολιστήρια
1004 3426 1279 3476 suspectant,
1321 3434 1433 3477 quae
1473 3421 1511 3464 si
1552 3435 1659 3465 sana
1701 3429 1794 3476 est,
1830 3423 1968 3466 locum

1468 3494 1634 3555 24*
