2158 3848
797 201 1249 247 ournch.
1662 143 1677 200 ¹*
1783 189 1910 252 473

280 335 417 390 Οὗὸἑ
447 355 494 387 τι
530 340 708 404 πεῖρας
739 329 852 399 ἔην,
891 326 1010 381 οὐδὲ
1048 325 1162 406 (οὗ).
1186 325 1442 396 πυθμήν,Ξ
1471 327 1592 380 οὖὸέ
1621 351 1698 391 τις
1736 331 1874 403 ἕδρη.

134 439 307 516 cujus
349 453 565 497 versus
606 433 854 494 initium
912 429 1065 512 οὐδέ
1111 454 1172 491 τι
1212 436 1425 514 πεῖρας
1480 430 1647 510 ὑπῆν
1689 433 1915 512 repetit

134 535 423 597 Proculus
478 535 548 593 iu
611 533 890 592 Parmen.
947 529 1018 590 L.
1064 528 1166 593 VI.
1231 530 1371 591 101.
1457 529 1643 590 Illum
1688 540 1915 604 autem,

133 636 305 714 cujus
360 632 712 714 >particulae
772 628 942 712 apud
1007 630 1396 711 Simplicium
1457 638 1696 703 extant,
1760 631 1916 690 inte-

131 755 329 818 grum*
358 733 538 794 nobis
603 730 851 794 exhibet
911 731 1210 808 syrianus
1262 733 1330 791 iu
1383 729 1658 811 Metaph.
1712 728 1782 790 L.
1837 729 1946 790 Π..

129 856 190 916 p.
233 835 334 895 33.
395 853 449 894 a.
513 830 1178 907 Quemadmodum
1247 831 1600 913 Orpheus
1666 825 1916 890 Chaos

130 938 386 1017 ipsum
458 948 534 994 et
595 951 942 1012 magnam
1005 933 1456 1008 voraginem
1528 932 1919 1007 ingentem

132 1036 310 1096 hinc
364 1045 438 1094 et
491 1034 704 1106 hinc,
771 1042 846 1092 et
899 1032 1393 1109 Pythagoras
1450 1030 1918 1090 intermina—

132 1144 283 1196 tam
341 1134 811 1198 dualitatem
869 1140 979 1190 ete.
1040 1129 1149 1190 ubi
1202 1147 1318 1210 pro
1377 1125 1630 1188 Chaos
1691 1127 1915 1190 substi-

131 1234 429 1294 tuendum
481 1228 827 1304 Aether,
868 1240 939 1290 ut
991 1230 1058 1289 in
1113 1246 1330 1309 graeco
1373 1246 1590 1303 versu,
1653 1247 1836 1309 quem
1881 1249 1917 1288 e

130 1334 310 1394 Galei
352 1333 512 1393 libro
557 1332 872 1411 evulgavit
913 1330 1219 1408 Taylorus
1261 1331 1328 1391 in
1370 1329 1591 1390 Diario
1638 1326 1911 1390 Classico

134 1433 203 1494 T.
247 1433 442 1494 XVII.
493 1434 632 1495 163.

268 1537 418 1602 Χάος
453 1540 538 1592 καὶ
572 1538 703 1608 μέγα
731 1535 914 1607 χάσμα
947 1536 1195 1610 πελώριον
1230 1538 1362 1593 ἔνθα
1398 1538 1483 1591 καὶ
1520 1535 1669 1591 ἔνθα.

129 1633 302 1694 Idem
347 1634 645 1711 Syrianus
690 1653 749 1714 p.
793 1634 854 1694 7.
899 1652 952 1694 a.
1007 1635 1252 1694 Deum
1307 1636 1562 1715 ipsum
1607 1638 1742 1692 aut
1784 1628 1919 1690 bo-

131 1753 301 1794 num
347 1744 476 1794 aut
519 1752 744 1793 unum
789 1734 1315 1815 appellemus,
1376 1743 1510 1793 aut
1560 1732 1801 1791 finem
1848 1738 1923 1789 et

130 1834 653 1906 infinitatem,
715 1843 795 1892 ut
850 1835 925 1892 in
969 1830 1295 1894 Philebo
1341 1834 1565 1893 Plato
1626 1841 1700 1890 et
1743 1839 1922 1890 ante

131 1936 382 2014 ipsum
441 1929 967 2015 Timolaus[‘¹‘¹]
1028 1945 1158 1994 aut
1213 1935 1626 1995 unitatemr
1671 1939 1746 1989 et
1801 1929 1925 1989 bi-

131 2035 466 2107 narium,
521 2041 604 2092 ut
657 2031 980 2113 plurimi
1025 2034 1736 2113 Pythagoreorum,
1795 2038 1926 2090 aut

132 2135 528 2195 aetherem
583 2142 659 2192 et
716 2133 977 2208 chaos,
1040 2146 1124 2195 ut
1169 2124 1561 2214 Orpheus,
1620 2141 1752 2191 aut
1810 2131 1924 2190 fa-

41 2287 50 2299 .
133 2245 424 2295 ctorem
485 2243 559 2292 et
615 2232 1120 2309 dualitatem,
1184 2243 1268 2293 ut
1324 2236 1494 2314 ipse
1537 2231 1926 2309 Pythago-

135 2353 261 2394 ras
303 2335 382 2394 in
425 2351 645 2394 sacro
691 2336 1240 2416 sermone—[⁰]
1275 2334 1643 2394 Damascius
1671 2329 1921 2404 Quaest.

132 2454 193 2514 p.
243 2434 382 2495 133.
442 2434 717 2518 Ὀρφεὺς
769 2432 888 2516 μὲν
946 2435 1174 2517 αἰθέρα
1228 2435 1334 2497 καὶ
1383 2432 1538 2514 χάος
1594 2432 1749 2515 μετὰ
1807 2431 1922 2495 τὸν

124 2533 379 2617 χρόνον.
481 2533 718 2609 Quibus
786 2535 1153 2615 subjungere
1223 2535 1376 2595 libet
1437 2533 1777 2616 Apulejum
1849 2531 1927 2591 de

136 2634 416 2714 Orthogr.
460 2655 521 2717 p.
570 2635 708 2696 137.
751 2635 899 2714 Maj.
946 2636 1335 2718 Orpheus,
1379 2633 1620 2694 Linus
1667 2643 1742 2693 et
1782 2632 1925 2693 He-

131 2735 404 2797 siodus
461 2736 650 2797 deos
707 2756 794 2797 ex
851 2737 1041 2797 chao
1101 2736 1191 2797 ab
1251 2737 1496 2796 initio
1562 2736 1924 2815 erupisse

134 2834 531 2913 dixerunt3
592 2847 655 2898 et
698 2840 1085 2898 consentiens
1130 2837 1395 2897 Malelae
1439 2836 1542 2895 I‘V.
1589 2835 1690 2895 31.
1737 2844 1922 2915 atque

137 2931 396 2997 Cedreni
440 2937 512 3001 T.
557 2939 602 2997 Ι.
646 2958 708 3020 p.
754 2936 855 2998 57.
900 2949 962 2999 et
1005 2939 1107 2999 84.
1151 2939 1607 2999 testimonium:
1639 2937 1808 2998 Ἔστι
1852 2934 1921 2997 δὲ·

139 3035 295 3118 ἅπερ
332 3039 606 3123 Ὀρφεὺς
661 3040 902 3110 ἐξέθετο
957 3048 1190 3115 ταῦτα,
1259 3040 1353 3102 ὅτι
1410 3042 1472 3108 ἐξ
1528 3040 1722 3122 ἀρχῆς
1779 3038 1922 3101 ἅνε-

255 3175 352 3235 [dd]
381 3180 599 3226 Philolaus
631 3181 829 3225 emendat
859 3181 1033 3227 Fabric.
1064 3184 1178 3227 Bibl.
1211 3183 1268 3226 T.
1299 3182 1334 3224 I.
1367 3180 1466 3224 878.

214 3305 223 3316 .
256 3247 326 3316 [0].
352 3249 487 3318 Afldst
526 3251 580 3294 ad
623 3257 884 3295 extremum:
930 3251 1001 3295 Et
1041 3259 1128 3295 tot
1159 3252 1379 3308 quidem
1410 3251 1475 3294 de
1505 3249 1924 3306 Pythagoricis

139 3319 492 3410 ῗιῐὶὲηιῖῑῃρίἒιῐεέ.
537 3311 679 3366 quod
721 3310 862 3353 idem
903 3315 998 3355 'est
1036 3326 1099 3355 ac
1140 3313 1186 3353 si
1230 3310 1395 3355 dicas
1437 3310 1500 3353 de
1541 3309 1830 3367 Orphicis
1874 3314 1929 3350 et
