2158 3848
812 185 1283 247 0111²}11‹:A.x
1809 175 1930 236 741

141 319 480 377 recentiore
535 315 867 386 memoria,
925 321 997 371 ut
1040 315 1442 389 mysticarum
1489 318 1934 394 sapientiarum

143 415 565 478 venditatores
642 415 757 476 hac
834 412 1099 472 solemni
1171 411 1564 492 adjuratione
1633 417 1934 479 lectorum

136 516 322 575 fidem
394 515 855 591 adstringerent.
925 511 1204 593 Agrippa
1268 512 1348 573 de
1402 513 1788 575 Nettesheim
1854 516 1932 576 de

139 616 369 676 Occult.
430 614 586 674 Phil.
641 613 711 673 L.
764 614 871 673 ΠΙ.
929 633 978 672 c.
1036 614 1096 672 2.
1156 612 1300 673 211.
1357 633 1446 695 sq.
1529 613 1932 695 „Quicunque

135 719 367 795 „igitur
416 717 486 774 in
539 713 656 774 hac
709 715 966 774 scientia
1018 711 1272 774 studere
1329 715 1607 791 affectas,
1663 725 1791 776 tam
1835 733 1930 776 sa-

133 834 346 889 „crum
403 814 631 893 dogma
684 815 848 874 intra
901 822 1140 874 secreta
1193 815 1467 894 religiosi
1522 817 1791 897 pectoris
1836 818 1929 876 tui

131 916 514 996 „penetralia
556 915 804 975 silentio
847 915 1054 993 legito.
1084 906 1086 908 ’
1133 914 1498 976 Sermonem
1543 918 1709 978 enim
1754 926 1929 977 tanta

130 1017 440 1090 „numinis
483 1016 808 1094 majestate
850 1015 1299 1095 plenissimum,
1343 1025 1415 1075 ut
1456 1017 1659 1096 inquit
1688 1016 1927 1076 Mercu-

130 1118 328 1189 „rius‚
387 1116 770 1194 irreligiosae
822 1117 1048 1191 mentis
1091 1125 1187 1175 est
1227 1115 1565 1174 multorum
1609 1115 1926 1196 publicare

128 1217 578 1290 „conscientiae
634 1225 717 1274 et·
739 1213 992 1275 divinus
1026 1213 1215 1294 'Plato
1256 1217 1574 1295 praecepit
1616 1234 1742 1275 non
1786 1233 1923 1276 esse

127 1314 401 1395 „populo
444 1313 844 1393 invulganda,
886 1333 1047 1395 quae
1090 1333 1267 1375 sacra
1310 1324 1374 1373 et
1414 1334 1640 1375 arcana
1681 1317 1748 1375 in
1789 1332 1923 1394 my-

124 1417 374 1489 „steriis
428 1423 604 1488 sunt,
679 1415 1064 1494 Pythagoras
1120 1433 1366 1495 quoque
1421 1423 1485 1475 et
1538 1415 1921 1496 Porphyrius

124 1523 499 1590 „sectatores
566 1533 714 1575 suos
782 1516 1030 1576 silentio
1095 1515 1384 1593 religioso
1455 1516 1920 1593 consecrabant3

122 1615 451 1696 „Orpheus
494 1633 647 1677 vero
692 1617 880 1676 etiam
927 1616 1005 1676 ab
1050 1616 1167 1690 his,
1209 1635 1363 1695 quos
1408 1635 1722 1677 sacrorum
1746 1637 1919 1678 cere-

123 1719 389 1790 „moniis
432 1715 759 1791 initiabat,
802 1717 1035 1777 silentii
1070 1715 1510 1795 jusjurandum
1557 1737 1699 1777 cum
1743 1718 1925 1777 terri-

119 1816 274 1891 „bili
335 1816 603 1896 quadam
661 1816 974 1895 religionis
1019 1819 1386 1876 auctoritate
1430 1819 1659 1895 exegit,
1702 1837 1782 1877 ne
1824 1838 1917 1877 re-

120 1917 409 1995 „ligionis
490 1936 667 1976 sacra
744 1917 1087 1998 prophanis
1169 1916 1421 1977 auribus
1485 1915 1916 1998 proderentur,

118 2016 327 2091 „unde
370 2018 435 2075 in
482 2018 753 2077 carmine
796 2016 875 2076 de
920 2017 1114 2094 verbo
1159 2035 1337 2077 sacro
1383 2019 1548 2078 canit

261 2133 396 2194 „Vos
435 2135 518 2198 qui
550 2123 781 2182 virtutem
817 2108 995 2195 colitis,
1031 2151 1119 2183 vos
1158 2133 1220 2181 ad
1254 2151 1361 2182 mea
1397 2142 1585 2183 tantum

259 2220 428 2280 „dicta
464 2235 604 2266 aures
641 2219 864 2268 adhibete
901 2222 1182 2283 animosque
1219 2221 1455 2268 intendite
1491 2221 1733 2274 vestros‚“

119 2330 181 2380 et
236 2328 469 2391 cetera,
526 2337 684 2397 quae
741 2336 780 2378 a
836 2318 1275 2399 Simphoriano
1306 2320 1399 2399 [ο]
1435 2317 1661 2378 iisdem
1705 2317 1914 2380 verbis

114 2423 180 2480 in
223 2420 488 2480 latinum
534 2437 836 2480 conversa
878 2430 1024 2479 sunt
1065 2437 1432 2479 sermonem.
1521 2416 1697 2492 Quae
1738 2436 1915 2499 prae-‚

118 2530 286 2580 terea
330 2517 410 2578 de
455 2518 706 2600 Orpheo
751 2530 982 2594 narrat,
1026 2539 1065 2580 a
1096 2520 1370 2580 Firmico
1415 2519 1651 2579 sumsit.
1678 2518 1747 2579 L.
1779 2517 1911 2578 VII.

115 2619 312 2680 Prael‘.
357 2619 614 2705 p.1493.‚
655 2618 897 2694 Quum
941 2621 1247 2700 ignotis
1290 2619 1741 2680 hominibus
1788 2617 1911 2679 Or-

115 2721 361 2800 pheus
430 2726 832 2781 'sacrorum
903 2731 1202 2781 secreta
1257 2721 1644 2801 aperiret,
1710 2718 1911 2779 nihil

118 2818 335 2880 aliud
379 2819 469 2882 ab
513 2822 647 2896 iis,
690 2839 878 2902 quos
925 2821 1338 2895 initiabat,
1382 2822 1460 2879 in
1495 2821 1750 2900 primo
1786 2839 1911 2881 ve-

118 2917 419 2979 stibulo
494 2922 647 2982 nisi
723 2921 1271 3054 jurisjurandi
1348 2923 1907 2982 necessitatem

117 3119 165 3146 re
208 3104 384 3157 volunt,
427 3105 547 3150 sileri
583 3107 765 3163 jubent:
810 3106 1092 3179 similiterque
1133 3107 1344 3152 Proculus
1386 3106 1431 3150 in
1461 3120 1511 3149 re
1539 3106 1710 3150 minime
1739 3109 1908 3149 secreta

116 3162 244 3205 Polit
276 3177 317 3220 p.
348 3162 449 3206 407.
478 3167 644 3236 ταῦτα,
673 3166 842 3223 inquit,
873 3156 908 3210 ὦ
939 3168 1093 3239 φίλοι,
1125 3163 1282 3237 μνήμη
1310 3169 1572 3269 ἔεχαρίσθω
1602 3167 1682 3211 τοῦ
1713 3169 1908 3238 καθηγε-

117 3218 430 3328 ζέἵῖἶιςέμοὶ
469 3224 557 3281 μὲν
597 3200 706 3269 ὄντα
749 3223 859 3285 ῥητὰ
905 3224 1017 3285 πρὸς
1057 3225 1201 3285 ἡμᾶς,
1243 3213 1323 3284 ὗμι
1310 3228 1355 3269 ῒν
1394 3220 1637 3286 δυ’ῤῥηῐα
1667 3223 1781 3285 πρὸς
1808 3223 1910 3274 τοὺς

239 3354 304 3411 [⁰]
339 3369 379 3397 v.
413 3368 527 3413 supr.
559 3355 608 3398 C.
641 3356 701 3400 11.
