2158 3848
276 210 396 273 128
852 217 1087 266 numu
1128 219 1433 265 numus,

271 378 331 438 p.
375 353 516 419 277.
560 353 630 412 Ε.
674 352 778 415 καὶ
829 354 950 439 γὰρ
1005 356 1125 415 ἐκεῖ
1189 355 1279 436 (ἱη
1324 350 1740 428 Corybantum
1797 350 2020 429 teietis)

266 453 477 537 χορεία
529 452 620 522 τίς
674 455 799 514 ἐστι
851 453 954 515 καὶ
996 452 1245 525 παιδιά,
1289 452 1392 515 καὶ
1434 459 1552 515 νῦν
1593 447 1792 512 τούτω
1837 447 2021 512 οὐδὲν

275 555 419 617 ἄλλο
462 551 500 631 ἢ
527 550 853 632 χορεύετον
894 553 1031 636 περί
1074 576 1138 614 σε
1183 553 1264 622 ὥς
1305 552 1460 633 μετὰ
1501 557 1683 613 τοῦτο
1725 556 2020 613 τελοῦντε·
2053 551 2056 554 ’

273 661 393 717 νῦν
435 648 549 714 οὗν
590 649 849 730 νόμισον
889 652 968 713 τὰ
1010 658 1225 732 πρῶτα
1266 658 1394 714 τῶν
1421 653 1604 732 ἱερῶν
1630 645 1877 710 ἀκούειν
1896 655 2025 711 τῶν

276 755 665 834 σοφιστικῶν·
723 756 784 806 et
836 750 898 806 in
960 747 1141 825 Gorg.
1196 769 1257 828 p.
1305 748 1442 809 113.
1489 746 1553 808 C.
1597 746 1912 829 εὐδαίμων
1955 746 2028 819 εἶ,

276 853 371 914 ὅτι
422 848 501 910 τὰ
543 844 778 931 μεγάλα
819 845 1159 929 μεμύησαι,
1205 847 1352 931 πρὶν
1392 847 1471 909 τὰ
1516 843 1761 929 σμικρά·
1808 835 2029 931 ἓγώ.ὃ’

276 949 389 1012 οὐκ
431 948 606 1029 ᾤμην
647 947 909 1028 θεμιτὸν
951 943 1210 1027 εἷναι[*’].
1254 944 1434 1006 Adde
1478 945 1762 1024 Sympos.
1795 963 1855 1024 p.
1890 942 2031 1004 210.

275 1046 349 1107 A.
401 1052 601 1108 ταῦτα
651 1046 732 1108 τὰ
785 1047 1043 1130 ἐρωτικὰ
1095 1053 1242 1117 ἴσως
1293 1044 1413 1108 κᾶν
1474 1045 1552 1107 σὺ
1593 1044 1914 1126 μυηθείης,
1956 1043 2034 1106 τὰ

277 1145 347 1209 δὲ
388 1146 556 1207 τέλεα
598 1145 703 1207 καὶ
744 1144 1035 1210 ἐποπτικά
1049 1192 1070 1220 ,
1115 1141 1206 1210 ὧν
1249 1139 1422 1210 ἕνεκα
1464 1143 1569 1206 καὶ
1608 1152 1806 1208 ταῦτα
1851 1147 2036 1216 ἔστιν,

280 1247 393 1309 οὐκ
447 1245 565 1307 οἷδ’
620 1250 672 1306 εἲ
714 1242 840 1315 οἷός
880 1247 930 1308 τ’
978 1245 1059 1309 ἂν
1102 1251 1238 1325 εἴης.
1327 1245 1638 1304 Theaetet.
1680 1264 1741 1325 p.
1790 1240 1927 1303 152.
1964 1239 2036 1301 C.

280 1345 312 1406 oc
358 1341 788 1428 Πρωταγόρας
829 1353 1012 1408 τοῦτο
1055 1346 1204 1427 ἡμῖν
1244 1344 1492 1426 ᾐνίξατο
1535 1352 1625 1427 τῷ
1660 1351 1863 1425 πολλῷ
1888 1363 2038 1425 συρ-

280 1452 466 1527 φετῷ,
509 1449 637 1512 τοῖς
679 1441 747 1504 δὲ
790 1448 1103 1524 μαθηταῖς
1147 1448 1213 1508 εἶν
1257 1442 1576 1525 ἂποῤῥήτῳ
1599 1443 1714 1523 τὴν
1741 1440 2040 1521 ἀλήθειαν

281 1546 494 1627 ἔλεγεν·
554 1549 616 1600 et
672 1539 899 1619 Cratyl.
953 1564 1015 1623 p.
1069 1543 1212 1602 413.
1271 1543 1345 1603 A.
1398 1545 1431 1606 ὃ
1488 1552 1608 1607 νῦν
1643 1542 1720 1622 δὴ
1764 1542 2042 1627 ἐλέγομεν

280 1641 452 1725 παρὰ
491 1646 734 1710 πολλοῖς
777 1642 1177 1727 ὁμολογεῖται·
1224 1643 1343 1727 ἐγώ
1387 1643 1454 1705 δὲ
1497 1678 1583 1688 -
1625 1631 2045 1722 διαπέπυσμαι

282 1746 350 1805 ἐν
391 1737 709 1822 ἇποῤῥήτῳ
725 1741 835 1821 [8].
903 1742 1052 1800 ΜοΧ
1102 1743 1168 1800 in
1211 1739 1706 1802 consuetudinem
1750 1740 1936 1813 venit,
1978 1746 2048 1798 ut

283 1842 471 1900 etiam
494 1839 879 1917 Pythagorae
922 1840 1276 1920 disciplinae
1305 1841 1670 1903 theoreticae
1686 1835 1759 1921 [¹²]
1808 1849 1869 1899 et
1909 1838 2046 1899 Ari-

285 1940 520 1999 stotelis
563 1939 807 1998 scholae
849 1942 1287 2019 acroamaticae
1301 1937 1372 2021 [ἱ]
1411 1950 1471 1999 et
1512 1939 1817 2020 quidquid¹
1849 1958 1887 1998 a
1912 1938 2047 1998 Pla-

405 2106 468 2166 [f]
501 2108 753 2152 Damascius
794 2124 862 2167 ap.
902 2111 1022 2154 Suid.
1061 2126 1094 2153 s.
1113 2109 1282 2156 Ὅσιον.
1331 2109 1426 2167 Οὐχ
1455 2109 1581 2154 ὅσιον
1609 2107 1663 2152 τὰ
1691 2105 1869 2168 μεγάλα
1899 2104 2049 2166 σοφὸν

286 2170 501 2226 γενέσθαι
529 2165 608 2211 τὸν
636 2166 691 2210 τὰ
718 2167 859 2228 μικρὰ
886 2167 950 2227 μὴ
982 2167 1251 2229 δυνάμενον.
1282 2169 1445 2212 Himer.
1474 2169 1569 2211 Ecl.
1599 2168 1653 2211 X.
1683 2167 1725 2209 4.
1756 2166 1852 2210 176.
1883 2165 1937 2210 οὐ
1965 2182 2048 2224 μι-

286 2222 545 2284 μησάμενος
582 2223 661 2269 τὸν
697 2224 916 2283 μυστικὸν
954 2225 1122 2285 νόμον,
1168 2225 1217 2276 ὃς
1254 2224 1424 2286 ἑπόπτῃ
1462 2228 1540 2269 καὶ
1578 2222 1722 2284 μύστη
1764 2227 1933 2283 μερίζει
1971 2222 2050 2268 τὸν

283 2280 478 2343 χρόνον,
511 2281 623 2326 ἀλλὰ
652 2282 732 2327 τὸν
761 2283 898 2327 αὐτὸν
928 2286 977 2329 ἐν
1005 2285 1148 2342 ταύτῷ
1176 2281 1350 2343 μύστην
1376 2299 1423 2327 τε
1453 2286 1529 2327 καὶ
1561 2273 1800 2342 προφῆτην
1827 2286 1902 2335 τῆς
1929 2284 2051 2339 ἱερᾶς

288 2343 460 2395 τελετῆς
498 2344 588 2384 τῶν
625 2339 775 2400 λόγων
815 2339 1070 2402 δεξάμενος.
1113 2344 1255 2386 Proel.
1295 2344 1339 2386 in
1368 2343 1564 2385 Parmen.
1597 2342 1648 2384 L.
1688 2342 1738 2383 V.
1767 2340 1866 2384 328.
1909 2340 1966 2382 Τ.
1997 2341 2049 2382 V.

291 2398 419 2440 Cous.
448 2400 498 2442 ἓν
525 2404 620 2448 ταῖς
648 2397 912 2457 ἁγιωτάταις
938 2403 1131 2450 τελεταῖς
1158 2404 1202 2446 οἱ
1229 2405 1316 2460 μέν
1345 2403 1430 2444 εἰσι
1458 2397 1708 2459 μυούμενοι
1745 2402 1836 2443 τῶν
1874 2395 2050 2456 παρόν-

289 2471 393 2511 των,
436 2459 480 2500 οἱ
519 2457 570 2501 δὲ
610 2455 952 2514 ἐποπτεύοντες,
993 2462 1037 2502 οἱ
1077 2460 1127 2503 δὲ
1165 2463 1249 2503 νῦν
1287 2463 1467 2518 πρῶτον
1509 2455 1768 2514 ἀκούοντες,
1811 2459 1854 2501 οἱ
1894 2457 1943 2501 δὲ
1975 2459 2052 2500 καὶ

290 2511 494 2583 πρόσθεν
546 2512 794 2568 ἀκηκοότες.
868 2516 1032 2559 Contra
1078 2531 1203 2572 quam
1238 2517 1368 2572 vulgo
1407 2517 1524 2572 loqui
1562 2518 1722 2570 solent,
1761 2516 1968 2572 synesius
2005 2515 2050 2557 in

290 2572 416 2615 Dion.
457 2587 499 2629 p.
529 2570 599 2613 52.
631 2572 680 2613 C.
725 2573 799 2615 ὸέῖ
833 2571 887 2614 τὰ
914 2572 1054 2633 μικρὰ
1084 2576 1354 2618 ἐποπτεῦσαι
1382 2573 1470 2632 πρὸ
1501 2577 1591 2617 τῶν
1617 2571 1835 2632 μειζόνων
1863 2575 1939 2617 καὶ
1959 2588 2051 2630 χο-
2104 2587 2107 2590 ’

291 2633 448 2689 ρεῦσαι
473 2631 583 2689 πρὶν
612 2629 912 2687 ὃᾳὸουχῆσαι,
943 2635 1020 2675 καὶ
1049 2631 1325 2689 ὃᾳὸουχῆσαι
1353 2634 1463 2690 πρὶν
1490 2634 1827 2692 ἱεροφαντῆσαι.

409 2698 470 2754 [g]
502 2698 629 2741 Hanc
667 2697 860 2742 Platonis
905 2700 1085 2742 ironiam
1122 2701 1314 2743 imitatur
1355 2700 1546 2742 Galenus
1586 2701 1640 2743 de
1679 2701 1811 2758 Hipp.
1854 2705 1899 2743 et
1936 2701 2079 2745 Plat.¹

293 2755 433 2812 dogm.
461 2756 514 2798 L.
544 2756 625 2798 111.
655 2772 692 2799 c.
721 2757 762 2800 4.
794 2757 890 2799 119.
920 2758 974 2799 E.
989 2758 1043 2801 T.
1058 2759 1110 2800 V.
1142 2757 1360 2802 chamo&
1380 2763 1632 2818 προςίενται
1659 2755 1822 2808 πάντες
1843 2761 1888 2803 οἱ
1903 2763 2052 2803 Στωι-

294 2816 368 2858 κοὶ
403 2812 485 2869 τὴν
520 2811 727 2870 τοιαύτην
765 2812 992 2874 ἐξήγησιν,
1040 2816 1128 2860 ἀλλ’
1175 2817 1326 2874 ἕτερον
1359 2821 1446 2875 μέν
1485 2833 1528 2859 τι
1556 2819 1773 2875 λέγεσθαί
1800 2830 1965 2875 φασιν,
1998 2816 2052 2862 οὗ
2099 2832 2101 2834 ·

295 2871 480 2927 δηλοῦσι
510 2872 561 2917 δὲ
591 2872 713 2930 αὐτὸ,
743 2876 833 2916 τῶν
862 2875 1136 2934 ἕσωτερικῶν
1164 2873 1369 2934 ὑπάρχον
1398 2872 1618 2930 δηλονότι.
1675 2898 1679 2900 -

413 2939 479 2999 [h]
517 2944 571 2986 Οἱ
607 2942 695 3000 μὲν
722 2939 1032 3002 Πυθαγόρειοι
1060 2946 1150 2987 τῶν
1188 2940 1337 3002 λόγων
1364 2940 1466 2991 τοὺς
1492 2943 1579 3002 μὲν
1608 2943 1787 3000 ἔφασαν
1816 2938 1930 2987 εἶναι
1955 2960 2071 3003 μυε-
2126 2976 2129 2981 «

297 2998 494 3056 στικοὺς,
525 2998 627 3050 τοὺς
656 3000 706 3044 δὲ
736 2997 1017 3060 ἐξωτερικούς
1044 3002 1181 3044 Procl.
1212 3002 1255 3043 in
1287 3002 1399 3044 Tim.
1430 3001 1484 3043 V.
1513 3016 1555 3058 p.
1578 3001 1677 3044 295.
1707 3002 1824 3045 Idem
1853 3003 1898 3045 in
1909 3003 2049 3045 Parm.
2096 3042 2102 3048 ,

296 3057 348 3099 L.
378 3059 430 3099 V.
460 3073 503 3114 p.
518 3057 618 3101 310.
648 3061 693 3102 οἱ
719 3056 1027 3116 Πυθαγόρειοι
1054 3062 1144 3103 τῶν
1169 3056 1318 3117 λόγων
1345 3057 1447 3109 τοὺς
1473 3061 1560 3129 μὲν
1589 3060 1793 3117 ἔφασκον
1822 3055 1937 3104 εἶναι
1957 3076 2050 3120 μυ-

298 3114 485 3171 στικοὺς,
515 3114 617 3165 τοὺς
647 3116 698 3161 δὲ
725 3114 1005 3175 ὑπαιθρίους.
1064 3119 1273 3161 Neutrum
1302 3132 1451 3160 nomen
1479 3118 1626 3175 primis
1655 3119 1781 3174 hujus
1810 3123 1952 3162 sectae
1973 3131 2051 3161 au-

300 3174 489 3216 ctoribus
518 3180 662 3217 notum
691 3176 786 3218 fuit.
2026 3194 2034 3199 ·

2060 2666 2093 2673 Vm

417 3238 481 3299 [ἱ]
514 3242 724 3301 Themist.
764 3245 841 3287 Or.
870 3244 1027 3288 XXVI.
1055 3259 1096 3301 p.
1127 3243 1225 3288 319.
1266 3244 1320 3286 D.
1360 3244 1414 3287 de
1454 3242 1801 3288 Axistotelerzb
1835 3241 2054 3303 μυστικὸν

301 3300 378 3344 καὶ
414 3301 465 3346 ἐν
505 3302 538 3358 ᾠ
577 3300 632 3344 τὰ
659 3303 802 3346 τέλεια
840 3299 939 3362 ἱερά
949 3336 962 3358 ,
1002 3306 1128 3348 τοῦτο
1159 3300 1215 3356 δὴ
1245 3298 1577 3359 ἐμηχανήσατο,
1622 3300 1744 3352 ὅπως
1771 3304 1850 3346 καὶ
1877 3302 2053 3362 ἔχοντες

301 3358 365 3416 μὴ
395 3359 557 3415 ἔχωσιν
585 3362 629 3404 οἱ
658 3357 859 3419 ἀμύητοι.
