2158 3848
795 221 1250 267 onrnch.
1787 207 1914 268 367

133 357 272 416 chio
315 364 380 416 et
419 354 507 413 sic
550 362 812 425 ceteros;
854 367 1054 428 neque
1094 367 1222 411 non
1265 365 1457 410 naves
1501 350 1567 408 in
1606 361 1913 413 certamen

131 456 488 516 commissas
533 452 645 512 sed
687 451 1039 531 praemium,
1079 447 1505 527 adjudicatum
1563 467 1696 509 esse
1754 451 1912 514 divi-

128 573 243 614 nae
285 553 451 630 Argo
466 552 568 633 [Ἴ.
662 549 845 611 Hanc
887 551 1075 628 igitur
1115 551 1299 611 Iason
1333 548 1622 631 Neptuno
1668 548 1912 610 dedica-

129 657 224 716 vit
263 654 369 717 καὶ
410 653 481 715 τὸ
528 652 891 738 ἐπίγραμμα
935 652 1316 737 ἐπεγραψεν,
1362 652 1395 714 ὃ
1443 652 1727 736 λεγουσιν
1764 653 1913 732 Ὀρ-

72 786 74 789 ·
126 780 289 836 φεως
338 754 497 816 εἶναι

260 865 418 936 Ἀργω
454 864 513 918 τὸ
552 863 754 934 σκάφος
789 864 918 930 ειμι,
955 863 1067 936 θεῷ
1104 862 1151 915 ὁο
1190 861 1439 931 ἀνέθηκεν
1469 860 1666 932 Ἰήσων,

319 950 540 1019 Ἴσθμια
575 952 660 1002 καὶ
696 948 916 1016 Νεμέοις
953 948 1250 1015 στεψαμένη
1287 945 1499 1008 πιτύοις.

124 1074 184 1115 v.
228 1053 478 1114 Anthol.
525 1052 595 1111 T.
638 1050 741 1111 lv.
784 1050 994 1129 Epigr.
1051 1049 1268 1111 ἀδεσπ.
1318 1045 1620 1107 CCXXII.
1667 1048 1723 1108 b.
1779 1049 1911 1108 De-

125 1155 451 1214 dicationis
506 1153 689 1230 hujus
745 1151 1030 1209 meminit
1074 1147 1276 1207 Schol.
1330 1147 1478 1223 Lyc.
1538 1167 1599 1209 v.
1652 1146 1789 1208 175.
1849 1169 1909 1229 p.

122 1255 266 1313 441.
351 1252 560 1313 Aliam
612 1268 840 1311 navem
898 1249 1132 1308 Glauco
1190 1258 1251 1307 et
1295 1246 1546 1308 Thetidi
1600 1268 1911 1309 consecra—

122 1363 250 1413 tam
296 1352 562 1412 celebrat
602 1350 886 1412 Valerius
929 1349 1131 1409 Flacc.
1175 1350 1222 1407 Ι.
1269 1346 1412 1407 285.

291 1453 458 1513 XIII.
552 1452 867 1537 Θεογονία.
929 1449 1292 1531 Quanquam
1337 1451 1404 1508 in
1449 1447 1682 1529 duplici
1724 1449 1910 1510 libro-

121 1573 260 1613 rum
298 1553 708 1633 Orphicorum
753 1552 1086 1629 catalogo,
1130 1570 1312 1630 quem
1357 1568 1545 1630 supra
1586 1552 1909 1631 proposui-

123 1672 299 1726 muS,
357 1652 751 1731 Theogoniae
803 1652 975 1712 nulla
1017 1651 1331 1713 invenitur
1373 1651 1640 1724 mentio,
1701 1660 1908 1711 tamen

121 1754 311 1813 fuisse
368 1753 684 1833 quoddam
738 1751 1095 1830 hujusmodi
1147 1769 1391 1811 carmen
1409 1793 1426 1823 ‚
1509 1761 1571 1809 et
1627 1762 1908 1812 veterum

122 1855 481 1913 testimonia
525 1855 756 1913 clarum
799 1853 1036 1912 faciunt
1089 1861 1152 1910 et
1205 1869 1421 1913 versus
1467 1836 1721 1931 Orphici
1771 1852 1910 1931 plu-

120 1955 294 2026 rimi,
360 1954 466 2032 qui
510 1951 592 2011 ad
634 1951 872 2012 nullum
917 1953 1158 2032 poti-us,
1223 1970 1407 2031 quam
1452 1949 1534 2009 ad
1576 1951 1698 2010 hec
1735 1952 1908 2011 theo-

121 2055 406 2132 gonicum
471 2070 660 2131 genus
729 2051 994 2113 adscribi
1060 2062 1338 2135 possunt.
1422 2051 1762 2112 Menander
1831 2053 1908 2113 de

121 2155 378 2215 Encom.
424 2152 527 2213 Vl.
570 2173 631 2234 p.
675 2153 780 2214 42.
825 2156 885 2216 οἱ
925 2152 1044 2235 μὲν
1085 2154 1199 2224 τὰς
1241 2152 1634 2239 γενεαλογίας
1654 2153 1908 2235 μύθους
1996 2210 2000 2217 ,

121 2254 283 2318 εἶναί
324 2275 552 2337 φασιν,
598 2253 767 2327 οἷον,
809 2260 862 2316 εἰ
901 2251 1147 2336 βούλει,
1193 2255 1312 2317 ὅσα
1337 2254 1443 2316 καὶ
1477 2252 1765 2324 Ἡσίοδος
1801 2255 1907 2318 καὶ

114 2354 394 2438 Ὀρφεὺς
438 2357 506 2417 ἐν
546 2359 683 2423 ταῖς
723 2353 1081 2440 θεογονίαις
1124 2353 1455 2439 εἰρήκασιν.
1545 2352 1749 2433 Atque
1773 2354 1906 2415 Me-

120 2454 359 2515 nandro
404 2453 638 2535 Orphei
680 2456 952 2515 carmina
993 2455 1186 2528 lectu,
1254 2474 1381 2514 non
1437 2454 1641 2515 solum
1695 2454 1905 2531 fando,

120 2565 193 2615 ut
233 2555 476 2628 multiS,
521 2555 763 2632 cognita
782 2554 1009 2629 fuisse,
1054 2573 1131 2615 ex
1153 2554 1270 2615 hoc
1313 2556 1449 2634 ejus
1486 2553 1725 2634 judicio
1770 2574 1904 2635 cog-

120 2656 394 2716 noscitur
426 2653 560 2714 VII.
601 2653 705 2716 49.
747 2657 1011 2740 παρέσχε
1052 2656 1170 2737 τὴν
1211 2655 1330 2739 μὲν
1372 2661 1440 2721 ἐν
1482 2653 1718 2736 ποιήσει
1760 2658 1903 2740 ἄρε-

120 2755 237 2835 τὴν
268 2754 583 2829 Ἡσίοδος,
626 2755 733 2819 καὶ
773 2755 951 2843 γνοίη
997 2758 1079 2822 ἄν
1120 2781 1215 2828 τις
1255 2766 1495 2840 μᾶλλον
1520 2763 1574 2820 εἰ
1601 2758 1903 2841 τοῖςὊρ-

125 2861 326 2935 φικοῖς
366 2854 699 2940 παραθείη.
787 2856 979 2917 Porro
1024 2855 1108 2917 ad
1148 2857 1502 2919 Aristotelis
1545 2857 1800 2918 Meteor.
1829 2856 1900 2916 L.

125 2952 202 3012 Π.
242 2954 374 3016 init.
415 2958 476 3020 οἱ
512 2957 768 3040 ἀρχαῖοι
808 2957 914 3020 καὶ
955 2957 1387 3043 διατρίβοντες
1428 2957 1567 3039 περὶ
1607 2956 1720 3027 τὰς
1749 2959 1899 3020 θεο-

129 3052 336 3137 λογίας
375 3063 662 3148 ποιοῦσιν
705 3057 897 3137 αὐτῆς
937 3062 1069 3139 (τῆς
1097 3055 1448 3137 θαλάσσης)
1492 3054 1712 3142 πηγάς,
1755 3056 1899 3118 Ale-

126 3151 361 3213 xander
388 3153 888 3236 Aphrodisiensis
930 3156 1083 3218 haec
1125 3156 1453 3236 adscripsit
1493 3175 1554 3237 p.
1598 3157 1699 3218 91.
1743 3159 1899 3245 λέγει

247 3321 279 3376 [
283 3322 300 3377 ]
334 3321 580 3368 certamina
606 3326 814 3383 ejusmodi
842 3326 1013 3370 navalia
1034 3327 1214 3371 Athenis
1239 3327 1458 3371 celebrata
1481 3341 1575 3374 esse
1599 3333 1784 3372 testatur
1805 3328 1895 3384 Ly-

129 3378 216 3422 sias
246 3380 427 3439 Δωροδ.
458 3396 500 3440 p.
529 3341 646 3426 700.
658 3386 714 3429 cf.
745 3385 967 3443 Amtoph.
998 3385 1114 3444 qu.
1146 3386 1243 3430 557.
