2158 3848
804 217 1262 264 oannes.
1802 200 1929 266 ⁸51

150 355 469 417 Saba-aii
513 344 1449 419 J-ovissouitu-,simulato
1494 361 1743 414 mores
1799 347 1933 409 Bo.

147 432 419 517 manos.
454 451 792 513 inficere
847 446 1120 515 conati
1162 442 1702 518 suntffdomos
1746 464 1932 509 suas

143 561 510 633 repetere
552 549 822 633 coegit.
885 547 1139 607 Servius
1182 544 1336 607 Aen.
1379 543 1484 624 IV.
1529 543 1674 605 302.
1718 563 1936 608 sacra

142 651 542 730 Nyctelia,
602 658 796 730 quae
852 646 1194 728 populus
1241 647 1640 706 Romanus
1685 647 1936 727 exclu-

142 756 253 814 sit
307 749 840 832 turpitudinis
896 749 1246 826 causa[⁰].
1311 746 1441 807 Nec
1495 755 1704 807 tamen
1754 745 1938 807 ,dubi-

142 865 297 926 tem‚
354 853 503 931 quin
559 851 840 910 homines
884 848 1047 910 vafri
1088 848 1186 907 his
1229 846 1654 927 spiritualibus
1695 847 1939 927 nuptiis

141 952 452 1034 speciosas
495 950 817 1031 ,quasdam
885 949 1161 1010 rationes
1226 946 1626 1024 subjecerint,
1723 947 1937 1027 quales

140 1055 269 1114 fere
324 1051 561 1114 Cantici
606 1049 999 1112 Canticorum
1053 1049 1422 1127 interpretes
1477 1048 1730 1123 mystici
1773 1065 1940 1107 com-

142 1155 385 1216 minisci
439 1152 656 1215 solent.
694 1160 758 1214 et
809 1149 1075 1208 fortasse
1118 1146 1501 1225 Porphyrius
1544 1147 1611 1205 in
1657 1148 1941 1207 oratione

132 1254 316 1336 Ἱερὰς
371 1250 575 1337 γάμος
628 1250 924 1328 inscripta
982 1248 1304 1326 exposuit,
1364 1264 1492 1305 non
1547 1248 1702 1307 sine.
1738 1248 1938 1308 multo

140 1351 494 1415 auditorum
547 1349 1021 1426 intelligentium
1066 1348 1195 1406 risu
1241 1345 1351 1406 sed
1394 1346 1732 1427 plaudente
1773 1350 1942 1409 insa-

138 1455 280 1513 niae
324 1452 620 1529 magistro
664 1449 928 1508 Plotino.
1017 1448 1239 1529 Graeci
1282 1457 1520 1520 autem,
1580 1448 1803 1528 quibus
1849 1449 1941 1510 fa·-

140 1554 384 1612 miliare
428 1561 560 1611 erat
603 1568 775 1610 sacra
817 1550 1082 1626 mystica
1124 1558 1187 1607 et
1229 1548 1537 1628 nuptialia
1580 1548 1801 1610 eodem
1826 1568 1940 1612 vo·-

145 1653 364 1712 cabulo
406 1653 575 1722 τέλος
619 1650 916 1709 denotare
947 1650 1043 1730 [⁰⁰]
1091 1649 1463 1728 nominaque
1487 1651 1944 1727 ,augustissima

142 1753 223 1812 ad
268 1772 367 1814 res
397 1753 703 1812 Venereas
747 1749 1197 1830 transferrem,
1241 1749 1423 1809 facile
1460 1749 1686 1810 adduci
1720 1761 1943 1830 potue-

140 1864 315 1926 runt,
384 1864 456 1913 ut
520 1852 738 1912 secreti
767 1892 770 1897 ·
804 1851 1122 1913 licentiam
1189 1851 1353 1908 nacti
1418 1867 1627 1909 rerum
1696 1868 1944 1931 quoque

257 2034 323 2093 [⁰]
360 2033 630 2091 Magnopere
670 2037 790 2074 errat
831 2031 1111 2088 Boettigerus
1136 2031 1196 2085 rin
1225 2030 1400 2073 Ideen
1431 2044 1532 2072 zur
1561 2031 1867 2075 Archaeol.
1887 2032 1942 2076 d.

145 2090 390 2137 Malerei
425 2106 471 2150 p.
502 2088 602 2135 205ss
638 2104 774 2148 quum
792 2088 1004 2146 'Dionysii
1024 2089 1278 2132 ‘testimonio
1309 2089 1467 2132 abusus
1498 2088 1614 2132 nulla
1645 2090 1813 2134 Romae
1839 2105 1945 2149 per-

140 2152 296 2209 vigilia
325 2152 548 2196 celebrata
576 2165 672 2194 esse
698 2150 869 2202 statuit,
888 2162 1081 2206 :quorum
1109 2150 1322 2206 permulta
1353 2148 1542 2192 fuerunt.
1566 2164 1608 2190 v.
1625 2149 1857 2193 Gabbam:
1887 2151 1944 2198 ad

140 2211 316 2254 Pet'ron.
348 2226 386 2254 c.
416 2208 537 2253 XXI.
578 2208 748 2252 'l'affin.
790 2207 844 2251 de
875 2207 998 2250 Anno
1031 2206 1174 2250 Secul.
1206 2223 1242 2250 c.
1272 2206 1395 2250 XIV.
1426 2205 1523 2248 543.
1554 2206 1614 2249 Τ.
1644 2206 1773 2252 VIII.
1804 2208 1942 2251 Thes.

143 2271 308 2314 Graev.
348 2267 530 2312 Leaena
565 2267 623 2312 ad
665 2267 864 2324 Xerxoph.
904 2267 1019 2325 ssph.
1060 2281 1103 2323 p.
1133 2264 1233 2310 214.
1278 2266 1550 2309 Wernsdorf.
1581 2266 1707 2311 Poet.
1739 2267 1850 2311 Min.
1884 2267 1942 2311 Τ.

141 2329 227 2371 ΙΙΙ.
290 2360 301 2370 .
329 2327 431 2371 426.
462 2343 482 2370 s
517 2362 544 2374 .,
699 2365 702 2371 .

256 2343 357 2444 Ι[ἴό]
392 2402 431 2428 v.
460 2341 692 2429 unhnken.
722 2383 781 2427 ed
807 2382 924 2428 'nm
954 2398 998 2442 p.
1027 2381 1130 2427 225.
1736 2406 1739 2409 <

262 2444 326 2500 [1¹]
365 2444 434 2489 Τὰ
473 2447 551 2499 τῆς
579 2443 858 2503 ἀφροδισίοις
886 2442 1091 2497 σπουδῆς
1121 2437 1256 2499 ὄργια
1287 2441 1454 2484 Aelian.
1485 2442 1543 2484 H.
1573 2443 1654 2487 An.
1685 2440 1765 2484 IX.
1798 2455 1835 2484 c.
1869 2441 1942 2485 66.

141 2503 196 2548 τὰ
237 2500 467 2564 μυστήρια
504 2506 581 2557 τῆς
623 2498 804 2561 φύσεως
832 2501 1033 2558 Clemens
1061 2501 1197 2544 Paed.
1227 2500 1288 2543 II.
1316 2501 1419 2544 227.
1448 2498 1690 2559 μειράκιον
1721 2495 1823 2558 ἄρτι
1851 2504 1945 2546 τῶν

141 2562 418 2622 Ἀφροδίτης
495 2559 718 2620 υούμενον
737 2558 930 2614 nelina.
960 2560 998 2604 Ι.
1033 2560 1101 2604 17.
1131 2559 1207 2603 ubi
1237 2557 1391 2602 nollem
1418 2560 1659 2616 genitivum
1690 2573 1717 2602 a
1748 2560 1943 2616 Corayio

143 2636 186 2679 p.
217 2621 288 2665 34.
317 2633 446 2680 repre
477 2634 623 2664 ensum
652 2634 775 2674 esse,
821 2633 906 2677 quo
935 2617 1075 2663 utitur
1102 2619 1236 2661 etiam
1266 2618 1507 2662 Zacharias
1541 2618 1688 2673 Mityl.
1718 2623 1944 2676 μυεῖσθαι

142 2683 235 2725 τῶν
274 2682 351 2734 τῆς
390 2682 670 2739 φιλοσοφίας
710 2677 898 2737 ὄργίων“
921 2693 964 2736 p.
994 2676 1095 2722 332.
1126 2680 1179 2721 A.
1208 2677 1326 2720 Bibl.
1358 2678 1489 2734 Bign.
1522 2676 1581 2720 T.
1612 2677 1691 2720 XI.
1723 2692 1943 2736 κατοργι-

146 2742 349 2795 ασθῆναι
378 2744 471 2788 τοῖς
499 2741 580 2784 τοῦ
600 2734 794 2798 Ἔρωτος
823 2733 1095 2798 ἀποῤῥήτοις
1134 2736 1357 2780 Plutarch.
1390 2737 1444 2779 de
1477 2735 1654 2778 Garrul.
1685 2735 1810 2778 VIII.
1845 2735 1944 2779 106.

148 2797 207 2840 T.
246 2797 302 2841 X.
344 2796 630 2854 mysteria
670 2796 853 2855 prima
891 2796 1157 2854 Epithalam.
1199 2796 1379 2854 Auspic.
1422 2800 1468 2838 et
1507 2794 1603 2837 Ael.
1641 2808 1683 2837 v.
1714 2794 1785 2836 87.
1815 2795 1942 2840 Poet.

150 2855 261 2899 Min.
291 2857 349 2899 T.
377 2857 458 2900 lv.
498 2857 549 2899 P.
578 2855 616 2899 Ι.
646 2862 692 2899 et
714 2853 809 2898 'alia
836 2856 971 2899 multa
1001 2855 1269 2912 hujusmodi,
1312 2869 1421 2912 quae
1453 2853 1723 2910 collegerunt
1752 2853 1942 2911 Interpr.

150 2914 208 2956 ad
247 2914 436 2973 Alciphr.
477 2916 513 2964 L
550 2914 638 2972 Ep.
680 2911 722 2956 4.
752 2912 944 2958 'Dorvilh
985 2914 1043 2958 ad
1082 2913 1250 2957 charit.
1281 2928 1324 2971 p.
1354 2911 1455 2956 444.
1484 2912 1647 2955 Jacobs
1677 2911 1734 2955 ad
1765 2911 1943 2956 Anthol.

150 2973 208 3015 T.
238 2972 300 3015 Π.
327 2987 371 3030 p.
392 2974 472 3017 98.
509 2973 630 3017 idem'
659 2972 715 3016 ad
756 2972 911 3016 Achill.
942 2973 1048 3016 Tat.
1089 2987 1131 3031 p.
1163 2971 1262 3015 431.
1295 2977 1340 3015 et
1370 2971 1469 3014 689.
1499 2969 1599 3021 Νὺξ
1629 2966 1731 3030 ἱερά
1760 2970 1942 3015 diceba-

150 3041 223 3074 tur
253 3030 502 3089 Colophone
532 3047 610 3085 ea,
650 3046 736 3089 qua
773 3031 880 3075 deus
909 3032 1231 3076 consulentibus
1260 3030 1554 3088 respondebat
1583 3029 1767 3075 Aristid.
1799 3031 1938 3074 Serm.

150 3091 275 3133 Sacr.
304 3089 387 3132 111.
416 3089 516 3134 312.
557 3088 713 3141 νύκτες
751 3088 1019 3136 Ἐλευσίνιαι
1061 3090 1244 3134 Charite
1274 3091 1328 3132 V.
1359 3086 1400 3131 4.
1435 3086 1532 3133 118.
1577 3089 1694 3132 Sub
1723 3089 1945 3133 Erech-

151 3150 287 3191 theo
325 3150 600 3193 frumenti
639 3149 795 3193 satio
837 3150 981 3207 apud
1018 3150 1351 3193 Eleusinem
1391 3163 1418 3192 a
1459 3148 1832 3207 Triptolemo
1862 3162 1945 3191 re-

151 3213 341 3265 perta,
382 3207 433 3249 in
478 3210 640 3266 cujus
682 3208 938 3253 muneris
982 3210 1239 3252 honorem
1286 3213 1487 3250 noctes
1529 3207 1833 3251 initiorum
1863 3221 1942 3250 sa-

153 3271 368 3309 cratae.
399 3265 553 3310 sustin.
583 3268 642 3310 11.
674 3267 715 3311 6.
748 3267 919 3324 Apulei.
942 3268 1051 3311 Met.
1074 3268 1153 3311 XI.
1181 3263 1280 3310 384.
1309 3273 1514 3323 petens
1542 3272 1603 3309 ut
1632 3281 1712 3309 me
1744 3280 1942 3310 sacra-

153 3334 248 3368 tae
289 3324 480 3367 noctis
520 3328 759 3370 arcanis
799 3326 1095 3369 initiaret.
1140 3325 1401 3369 Plutarchus
1444 3326 1581 3368 Anim.
1613 3341 1668 3368 an
1700 3327 1834 3383 Corp.
1866 3326 1944 3367 IV.

153 3384 222 3426 96.
256 3384 311 3426 Τ.
345 3383 397 3425 X.
431 3382 513 3427 οὐκ
539 3384 758 3443 Ἀσκραίῳ
791 3387 866 3428 Διὶ
898 3384 1088 3430 Λυδίων
1118 3387 1241 3441 (sort.
1274 3385 1450 3442 ἐτείων)
1481 3383 1690 3445 ἀπαρχὰς
1711 3388 1942 3444 φέροντες,
