2176 3886
815 190 1390 237 ELEUSINIA.
1918 181 1990 243 11

220 329 314 390 bis
366 335 510 385 ¹utar
563 323 747 406 Apol.
797 344 861 404 p.
902 323 1048 386 446.
1093 321 1384 383 callere
1427 323 1640 400 leges
1685 327 1995 387 cerimo-

216 428 550 499 niarum,
620 424 742 484 fas
806 424 1326 502 religionum,
1391 423 1516 500 jus
1585 430 1994 487 sacrorum.

214 526 573 586 Lactantius
620 525 844 585 Institt.
888 523 992 584 IV.
1037 544 1085 583 c.
1132 520 1550 599 &deorum
1595 521 1864 597 cultu&
1902 527 1996 586 in-

213 628 363 706 quit,
405 644 556 685 non
597 624 832 685 habet
874 623 1371 705 sapientiam,
1418 622 1842 703 quianihil
1884 624 1997 684 ibi

213 725 586 799 discitur,
645 724 847 806 quod
901 725 1282 806 proficiat
1338 721 1433 784 ad
1485 741 1741 783 mores
1784 742 1998 784 exco-

210 824 486 885 lendos
541 827 958 906 vitamque
996 821 1509 899 formandam3
1577 843 1714 883 nec
1766 823 1999 884 habet

210 926 812 1005 inquisitionem
857 928 1191 1008 aliquam
1234 926 1620 999 veritatiS,
1664 922 1798 984 sed
1839 932 1997 984 tan-

210 1026 612 1087 tummodo
666 1030 907 1088 ritum
966 1026 1315 1099 colendi,
1373 1027 1503 1105 qui
1545 1026 1995 1085 ministerio

211 1128 565 1207 corporis
610 1129 1033 1209 constat[⁸].
1091 1123 1403 1207 Cupidum
1447 1124 1546 1199 id,
1593 1135 1663 1185 ut
1707 1121 1997 1185 adversa-

206 1228 319 1299 rii,
372 1225 578 1288 videri
632 1214 851 1307 posset⁴
896 1229 1317 1287 testimonium
1334 1270 1351 1299 ‚
1409 1227 1530 1285 nisi
1581 1226 1998 1298 ‘consentirent

206 1326 300 1385 illi
352 1327 506 1407 ipsi,
563 1336 776 1387 contra
827 1347 982 1408 quos
1014 1329 1280 1401 dicitur,
1326 1344 1591 1406 quorum
1633 1325 1841 1386 nullus
1886 1334 1998 1401 est,

208 1427 315 1506 qui
367 1425 788 1488 sacerdotibus
843 1430 985 1507 plus
1041 1447 1230 1509 quam
1284 1424 1594 1498 vovendi,
1650 1423 1997 1499 dedicandi,

202 1526 500 1608 precandi
557 1536 619 1587 et
674 1526 1058 1597 sacrificandi
1097 1528 1420 1587 scientiam
1463 1526 1713 1586 tribuat.
1799 1526 1997 1586 Varro

204 1628 272 1686 in
325 1628 531 1707 primo
586 1629 1022 1707 antiquitatum
1068 1625 1419 1687 divinarum
1434 1671 1452 1700 ,
1512 1646 1703 1707 quum
1746 1628 1868 1687 tria
1908 1628 1998 1686 fe-

208 1728 391 1786 cisset
422 1726 797 1804 Theologiae
838 1746 1079 1805 genera,
1121 1744 1345 1786 unum
1392 1727 1809 1803 mythicon,
1853 1746 1995 1807 quo

204 1828 545 1886 maxime
599 1837 928 1886 utuntur
970 1836 1287 1908 poetae,
1344 1827 1679 1885 alterum
1734 1825 1998 1906 physi-

205 1946 379 2009 con,
425 1946 570 2008 quo
614 1926 1113 2007 philosophi,
1157 1928 1485 1986 tertium
1531 1925 1808 2001 civile,
1852 1945 1994 2008 quo

203 2029 514 2109 populi,
569 2028 690 2088 hoc
741 2029 992 2088 tertium
1048 2045 1238 2106 genus
1283 2046 1321 2087 a
1363 2026 1632 2087 secundo
1668 2026 1862 2106 ¹plane
1905 2026 1999 2087 di-

205 2147 492 2203 versum,
547 2131 921 2202 maxime,
974 2130 1208 2208 inquit,
1264 2127 1724 2189 sacerdotes
1767 2147 1997 2189 nosse

206 2238 438 2310 atque
512 2228 1072 2291 administrare
1138 2228 1454 2307 debent,
1525 2231 1606 2288 in
1661 2246 1805 2309 quo
1862 2238 1994 2303 est,

184 2349 399 2409 quos
455 2329 640 2391 deos
698 2330 987 2401 colere,
1045 2348 1236 2409 quae
1292 2348 1516 2389 sacra
1574 2340 1649 2389 et
1692 2329 1993 2388 sacrifi-

209 2430 326 2489 cia
368 2429 627 2490 facere
669 2447 1092 2508 quenquam
1135 2449 1273 2511 par
1307 2431 1424 2489 sit.
1460 2449 1521 2510 p.
1559 2427 1705 2490 214.
1746 2428 1995 2512 Bipont.

204 2529 434 2591 Iisdem
490 2530 767 2590 terminis
809 2529 986 2589 Plato
1029 2529 1427 2590 sacerdotum.
1461 2531 1850 2611 provinciam
1893 2527 1997 2590 de-

206 2629 418 2691 scribit
469 2632 535 2691 in
588 2631 769 2691 Polit.
825 2651 886 2713 p.
944 2630 1087 2692 290.
1142 2631 1220 2690 D.
1263 2632 1334 2694 τὸ
1390 2639 1524 2696 τῶν
1566 2633 1778 2715 ἱερέων
1819 2632 1996 2717 γένος

207 2732 377 2816 παρὰ
421 2731 539 2815 μὲν
580 2733 762 2815 ἡμῶν
805 2732 1043 2816 δωρεὰς
1084 2736 1258 2802 θεοῖς
1301 2733 1408 2796 διὰ
1452 2737 1706 2797 θυσιῶν
1750 2736 1994 2810 ἐπιστῆ-

326 2943 394 3000 [2]
426 2944 656 3002 Augustin.
688 2945 743 2988 de
774 2944 873 2988 Civ.
904 2945 939 2987 I.
970 2943 1012 2986 4.
1053 2944 1149 2987 Dii
1175 2943 1271 2987 illi
1301 2945 1560 2988 cultores
1590 2957 1719 2986 suos
1749 2942 1819 2985 ad
1850 2943 1994 2986 bene

211 3000 515 3047 vivendum
554 3017 730 3061 quare
773 3003 948 3047 nullis
988 3002 1221 3060 legibus
1263 3003 1655 3059 adjuverunt?
1695 3007 1778 3045 etc.
1809 3006 1854 3044 et
1883 3017 1920 3044 c.
1950 3001 1993 3045 6.

211 3058 334 3104 Nec
361 3063 529 3106 nobis
557 3063 752 3106 nescio
784 3076 926 3121 quos
958 3075 1216 3105 susurros
1246 3062 1724 3119 paucissimorum
1754 3060 1992 3104 auribus

214 3119 513 3165 anhelatos
542 3127 599 3165 et
629 3135 835 3166 arcana
864 3120 1026 3165 velut
1053 3121 1346 3175 religione
1371 3122 1623 3178 jactent,
1669 3120 1882 3177 quibus
1913 3119 1992 3162 vi-

213 3181 305 3219 tae
339 3180 608 3237 probitas
649 3181 1030 3237 castitasque
1075 3180 1362 3232 discatur,
1405 3179 1505 3222 sed
1536 3179 1993 3222 demonstrentur

214 3234 341 3278 loca
366 3239 595 3283 talibus
624 3238 941 3298 aliquando
972 3238 1409 3282 conventiculis
1438 3242 1784 3282 consecrata
1810 3262 1871 3272 -
1898 3236 1991 3279 ubi

215 3295 757 3352 populi-audirent,
797 3297 935 3355 quid
975 3297 1060 3341 dii
1100 3297 1518 3355 praeceperint
1561 3296 1627 3340 de
1668 3295 1990 3339 cohibenda

217 3354 495 3410 avaritia,
526 3357 840 3402 ambitione
870 3357 1200 3415 frangenda,
1230 3356 1458 3401 luxuria
1486 3354 1850 3400 refrenanda.
