2158 3848
247 202 374 263 672
779 213 1014 260 mnan
1058 213 1488 259 SECUNDUS.

244 346 374 407 nim
430 344 722 408 Bacchica
776 362 978 417 sacra,
1034 357 1156 404 uno
1213 343 1478 404 fortasse
1538 340 1840 405 et--altero
1882 354 2031 424 post

244 446 588 506 Homerum
631 445 838 505 seculo
881 445 950 504 in
994 442 1315 504 Graeciam
1360 442 1702 518 transfusa,
1746 462 1822 504 ea
1854 453 2026 503 certe

244 554 475 618 aetate,
564 563 686 624 qua
756 541 1185 603 Onomacritus
1252 542 1443 617 vixit,
1532 542 1817 604 omnibus
1878 552 2030 603 uota

240 644 443 718 fuere3
488 661 647 722 quae
691 661 880 722 quum
921 639 1184 701 barbaro
1226 643 1381 714 ritu,
1426 642 1542 704 hoc
1584 653 1713 723 est,
1742 662 1891 709 cum
1931 645 2025 702 in-

241 760 409 814 sana¹
450 742 726 805 omnium
782 740 1201 801 membrorum
1248 726 1617 818 jactatione,
1672 744 2026 822 thyrsorum

240 843 646 902 intentatione
662 883 680 913 ,
770 858 1033 921 cumque
1103 840 1368 900 clamore
1433 841 1664 919 ingenti
1709 862 1802 903 ⁴ac
1864 860 2024 921 vago

239 941 520 1002 discursu
588 939 1068 1013 celebrarentur,
1139 941 1470 1018 imaginem
1523 941 1766 1003 hostilis
1825 944 2024 1022 impe-

239 1052 336 1102 tus
359 1042 435 1122 [³]
500 1040 810 1120 cladisque
866 1041 1091 1101 atrocis
1134 1040 1525 1121 praebebant·
1560 1051 1623 1100 et
1663 1060 1780 1122 pro
1824 1043 2026 1102 imita-

237 1143 460 1201 mentis
519 1159 764 1214 eorum,
822 1159 977 1221 quae
1032 1140 1149 1199 deo
1193 1141 1348 1221 ipsi,
1390 1141 1611 1201 horum
1655 1142 2025 1205 solemnium

237 1239 543 1322 praesidi,
585 1239 751 1299 facta
794 1250 1047 1314 essent,
1070 1240 1285 1299 haberi
1327 1250 1635 1320 poterant.
1720 1241 1823 1302 Ad
1867 1244 2026 1321 ejus-

235 1340 410 1401 modi
475 1350 684 1399 autem
753 1342 1132 1418 conjecturas
1200 1359 1383 1420 quam
1439 1340 1763 1420 proclivia
1793 1342 2025 1402 fuerint

237 1450 517 1502 veterum
562 1441 845 1518 ingenia,
903 1450 965 1499 et
1007 1458 1180 1499 sacra
1221 1441 1361 1519 ipsa
1404 1440 1785 1499 Graecorum
1824 1453 2025 1521 [quan-

234 1550 367 1600 tam
434 1559 575 1599 cum
641 1539 827 1599 rebus
884 1540 1083 1618 >gestis
1145 1538 1620 1599 similitudinem
1681 1538 2024 1612 habuerint,

234 1659 394 1700 nunc
438 1640 593 1700 mihi
638 1634 841 1700 dicere
882 1641 1278 1720 propositum
1322 1649 1432 1700 est.
1518 1637 1675 1712 Sed,
1731 1657 1878 1719 quo
1895 1650 2023 1700 me-

233 1739 354 1800 lius
414 1740 752 1821 explicetur
806 1742 1120 1819 quaestio,
1175 1759 1306 1802 rem
1349 1739 1577 1822 paullo
1608 1739 1799 1800 altius
1838 1750 1902 1800 et
1943 1740 2023 1801 ab

233 1841 386 1921 ipsis
429 1840 704 1902 fontibus
750 1858 1072 1901 arcessam.
1804 1866 1826 1871 ¹·
1893 1858 1902 1868 “

1780 1985 1792 1999 o
1881 1966 1997 2014 ihil-¹..

1019 2071 1072 2151 ξ.
1159 2073 1218 2130 8.

344 2241 554 2301 Dies
597 2240 793 2300 festos
834 2248 1118 2301 veterum
1162 2180 1439 2299 cantibus
1482 2188 1892 2321 tripudiisque
1925 2262 2020 2302 ee-

228 2273 429 2401 lebres
497 2341 721 2413 fuisse,
789 2341 1098 2421 principio
1164 2339 1421 2400 rudibus
1492 2350 1555 2400 et
1609 2360 1686 2400 ex
1738 2349 2020 2422 tempore

227 2441 410 2515 fusis3
453 2451 599 2521 post
639 2459 792 2502 vero
837 2441 1154 2501 meditatis
1197 2450 1462 2522 apteque
1501 2442 1885 2521 compositis,
1909 2443 2020 2502 dn-

227 2549 323 2598 ter
367 2556 579 2599 omnes
625 2550 890 2599 constat-
927 2539 1118 2618 Cujus
1161 2542 1253 2600 rei
1295 2543 2018 2621 progressionemaestiss

228 2635 406 2699 'mare
471 2639 616 2698 licet
684 2657 759 2698 ex
817 2641 966 2698 artis
1022 2642 1295 2700 scenicae
1350 2642 1772 2718 incrementis,
1851 2656 2015 2719 quae

230 2737 751 2819 quemadmodum
795 2738 873 2798 ab
917 2737 1250 2798 inconditis
1295 2738 1512 2797 turbae
1555 2737 1813 2799 feriatae
1854 2740 2017 2800 ludi-

344 2895 412 2967 [²]
446 2896 625 2939 Aristid.
671 2896 751 2940 Or.
782 2896 827 2938 in
856 2895 1025 2966 Smyrn.
1055 2894 1112 2937 T.
1143 2894 1176 2937 I.
1206 2891 1304 2937 230
1337 2898 1450 2938 Χῖοί
1476 2887 1586 2939 πότε
1615 2892 1893 2946 πλεύσαντὲς
1922 2871 2015 2942 ἒπῖ

226 2951 309 3008 τήν
349 2951 486 2998 πόλιν
526 2954 906 3012 (Smyrnaeorum)
949 2951 1010 3003 ὠς
1038 2950 1211 3026 ἐρήμην
1240 2949 1500 3012 αἱρήσοντες
1528 2954 1623 2998 τῶν
1648 2952 1832 3026 ἀνδρῶν
1861 2953 2013 3001 &nou-'-

224 3026 316 3064 των
348 3011 589 3068 (orgiorum
621 3014 774 3070 causa)
804 3013 856 3058 ἐν
883 3014 947 3070 τῷ
967 3008 1092 3082 όρει,
1145 3011 1372 3084 ἀπέτυχον
1400 3013 1476 3065 τῆς
1505 3016 1678 3071 πείρας,
1711 3011 1924 3059 ἐνόπλιον
1943 3013 2012 3075 δή

222 3084 324 3115 τοτε
367 3069 693 3130 ὀρχησαμένων
729 3074 792 3129 τῷ
837 3055 1046 3128 Διονύσῳ
1090 3072 1167 3114 καὶ
1205 3069 1260 3113 τὰ
1287 3075 1478 3140 βακχεῖα
1507 3070 1558 3114 ἐν
1584 3075 1679 3120 τοῖς
1707 3067 1906 3117 ἐκείνων
1921 3067 2013 3117 ἀω-

222 3141 340 3184 μασι
366 3131 691 3199 τελεσαμένων.
724 3131 918 3182 Galenus
949 3130 1093 3173 Gloss.
1123 3144 1166 3186 p.
1191 3129 1290 3173 546.
1323 3125 1601 3186 πλήστιγγας
1629 3126 1861 3194 νάρθηκᾳς
1882 3129 2032 3201 παρὰ

223 3185 274 3231 τὸ
317 3184 550 3242 πλήσσειν.
595 3189 726 3233 Ovid.
768 3176 906 3232 Trist.
947 3188 1024 3231 IV.
1067 3187 1200 3230 Ε1.Ι.
1232 3185 1303 3230 41.
1342 3187 1529 3244 thue
1570 3202 1724 3232 suum
1753 3183 2006 3232 Bacchis

223 3259 330 3288 non
369 3246 554 3290 sentit
594 3248 798 3291 saucia
837 3246 1063 3291 vulnus.
1105 3247 1273 3290 Seneca
1315 3245 1861 3305 Troad.675.qua1.is
1898 3246 2005 3293 deo

225 3317 503 3361 percussa
557 3306 794 3351 Maenas
845 3306 1056 3349 enthea
1099 3305 1289 3348 silvas
1329 3305 1515 3375 gradu
1555 3311 1773 3352 armata
1811 3306 2008 3382 thyrso

227 3367 419 3407 tentat
447 3367 627 3420 atque
656 3379 863 3424 expers
891 3364 978 3408 sui
1009 3364 1219 3407 vulnus
1250 3363 1426 3407 dedit.
1496 3386 1499 3387 ⁷
1576 3387 1578 3389 v
1652 3383 1658 3397 ι
1801 3386 1803 3390 ·
