2158 3848
225 196 351 257 688
756 206 991 251 LIBER
1033 207 1469 252 SECUNDUS.

221 337 471 418 lugendi
512 355 725 399 causas
770 336 888 398 sibi
931 336 1184 415 fingere3
1228 335 1393 397 unde
1437 345 1560 407 est,
1606 333 1773 417 quod
1808 334 2008 395 aliena

219 439 439 499 funera
481 446 833 518 sequuntur,
878 436 1045 517 quod
1087 437 1312 514 ignotis
1355 435 1670 517 sepulcris⁴
1701 433 2008 506 adsident,

220 536 386 618 quod
427 538 900 617 praeteritorum
943 534 1249 595 malorum
1293 537 1657 596 memoriam
1691 533 2008 606 refricant,

220 637 436 717 hisque
479 636 654 697 velut
696 634 1121 715 praesentibus
1165 635 1462 712 gestiunt,
1519 643 1852 712 anguntur,
1896 651 2009 692 nec

221 739 529 818 quiescere
585 744 878 814 possunt,
935 734 1132 794 donec
1188 735 1464 795 animum
1519 733 1666 793 fletu
1709 732 2010 794 lacrimis-

221 857 340 917 que
385 836 895 897 exsaturaverint.

300 961 303 964 ’
362 951 480 1000 Inde
513 953 689 1019 ingens
727 952 942 1000 lacrimis
980 951 1134 1000 honor
1171 959 1221 999 et
1254 950 1527 999 miseranda
1561 952 1800 1013 voluptas,

218 1050 383 1112 Hinc
424 1049 743 1129 tragoedia
785 1050 992 1124 fluxit,
1038 1054 1104 1113 ἐκ
1146 1058 1391 1133 μικρῶν
1433 1047 1667 1132 μύθων
1710 1055 1859 1107 nata
1878 1090 1895 1120 ‚
1940 1056 2010 1106 ut

218 1151 589 1212 Aristoteles
633 1152 724 1210 ait
768 1150 936 1210 Poet.
981 1150 1084 1211 IV.
1135 1151 1230 1210 17.
1274 1151 1417 1209 hinc
1456 1150 1588 1223 illa,
1634 1147 1856 1228 quibus
1884 1157 2010 1206 tra-

218 1249 474 1330 goediae
526 1251 848 1330 prolusum
906 1261 1030 1324 est,
1084 1251 1358 1310 lamenta
1414 1259 1477 1308 et
1530 1249 1856 1329 plangores
1911 1243 2008 1306 so-

217 1351 451 1413 lemnes
508 1359 571 1408 et
626 1350 1128 1410 accommodatae
1181 1351 1277 1409 his
1334 1348 1583 1409 fabulae
1626 1346 1705 1406 de
1749 1344 2008 1405 deorum

217 1448 534 1532 raptibUS‚
578 1448 773 1527 fugis,
817 1450 1125 1522 servitiis,
1170 1448 1488 1509 mortibus.
1552 1446 1766 1526 Neque
1807 1425 2008 1506 solum

556 1564 760 1614 Pharios
796 1565 909 1613 ficta
943 1566 1121 1627 pietate
1159 1563 1351 1612 dolores

358 1650 746 1717 Mygdoniosque
782 1652 950 1699 colunt
988 1659 1037 1698 et
1063 1666 1165 1698 non
1199 1666 1287 1698 sua
1321 1650 1492 1697 funera
1526 1650 1720 1712 plorant
1731 1648 1795 1714 [θ]

220 1748 332 1810 sed
377 1750 568 1809 etiam
613 1748 877 1808 aliorum
922 1746 1180 1808 deorum
1225 1747 1404 1828 πάθη
1451 1767 1526 1807 ex
1570 1747 1874 1807 humanae
1916 1749 2012 1810 vi-

219 1858 322 1909 tae
364 1848 770 1910 similitudine
812 1847 1095 1908 traducta
1137 1866 1311 1922 voce,
1354 1848 1555 1922 vultU‚
1599 1857 1774 1925 gestu
1808 1849 2011 1928 expri-

219 1959 417 2010 munt.
474 1947 898 2027 Athenagoras
952 1948 1160 2026 Legat.
1218 1969 1266 2007 c.
1312 1948 1412 2008 32.
1455 1966 1518 2028 p.
1563 1947 1664 2007 32.
1708 1947 1788 2011 τὰ
1830 1946 2010 2027 πάθη

219 2057 351 2134 τῶν
392 2053 600 2122 θεῶν,
655 2050 883 2128 inquit,
937 2046 1292 2112 δεικνύουσι
1333 2045 1675 2129 μυστήρια·
1721 2057 1785 2107 et
1826 2049 2010 2127 signi-

217 2151 501 2211 ficantius
581 2146 864 2208 Clemens
934 2145 1084 2208 Coh.
1151 2166 1214 2228 p.
1286 2147 1382 2206 12.
1469 2147 1618 2226 Δηώ
1678 2145 1785 2207 καὶ
1836 2143 2008 2228 Κόρη

217 2252 434 2335 δρᾶμα
503 2250 840 2336 ἐγενέσθην
906 2247 1214 2332 μυστικὸν
1280 2247 1387 2310 καὶ
1439 2248 1555 2327 τὴν
1607 2243 1852 2325 πλάνην
1906 2246 2011 2308 καὶ

217 2352 335 2431 τὴν
392 2350 683 2437 ἁρπαγὴν
736 2349 842 2412 καὶ
896 2349 968 2412 τὸ
1014 2349 1248 2419 πένθος
1300 2349 1337 2428 ἡ
1377 2347 1640 2417 Ἐλευσὶς
1682 2346 2006 2428 ὃᾳὸουχεῖ·

218 2448 387 2530 quod
430 2451 548 2508 etsi
593 2451 861 2509 oratorie
895 2449 1126 2509 dictum
1164 2456 1277 2522 est,
1322 2451 1529 2508 tamen
1562 2446 1789 2527 probat
1821 2458 2009 2526 quan-

221 2548 367 2610 dam
426 2547 775 2608 dramatum
831 2551 1266 2626 mysticorum,
1313 2559 1375 2608 et
1418 2549 1797 2608 scenicorum
1840 2545 2009 2605 simi-

195 2643 566 2711 litudinem.
632 2648 846 2727 Neque
891 2666 965 2707 ea
1006 2658 1248 2709 veteres
1293 2650 1622 2727 scriptores
1667 2646 2006 2726 praeteriit,

223 2752 329 2832 qui
373 2767 528 2830 quae
553 2747 917 2808 Aristoteles
943 2746 1038 2825 ‚de
1081 2748 1282 2807 causis
1326 2747 1590 2824 tragicae
1633 2746 1841 2825 poesis
1882 2744 2006 2805 dis-

220 2860 402 2932 putat
420 2849 524 2930 [³³²]
568 2848 725 2908 nihil
766 2837 1160 2908 immutantes
1204 2845 1286 2906 ad
1330 2845 1678 2927 spectacula
1710 2847 2007 2906 sacrifica-

220 2950 308 3010 lia
360 2949 753 3009 transferunt.
807 2947 1086 3021 Primum
1144 2946 1561 3021 Quintilianus
1615 2946 1692 3006 de
1733 2945 1892 3006 Mus.
1936 2946 2005 3006 L.

220 3050 328 3110 III.
383 3070 446 3130 p.
509 3047 647 3109 158.
707 3050 822 3120 τὰς
866 3047 1182 3137 Βακχικάς
1235 3048 1478 3119 τελετὰς
1520 3047 1626 3111 καὶ
1668 3047 1810 3110 ὅσαι
1851 3045 2005 3111 ταύ-
2051 3112 2054 3115 ,

342 3175 410 3233 [⁹¹]
444 3175 612 3218 Statius
642 3176 748 3219 Silv.
779 3176 834 3218 V.
864 3173 906 3218 8.
935 3172 1036 3217 245.

341 3243 436 3300 [¹²⁰]
469 3243 596 3286 Hunc
625 3247 833 3300 sequutus
862 3243 1071 3286 Proculus
1099 3241 1144 3284 in
1173 3241 1302 3284 Polit.
1333 3257 1377 3300 p.
1409 3240 1509 3285 360.
1540 3247 1585 3285 et
1614 3241 1713 3286 362.
1745 3240 2003 3285 comoediam

223 3307 269 3345 et
308 3302 576 3359 tragoediam
620 3302 675 3344 ad
714 3301 970 3360 ἀφοσίωσιν
1009 3303 1100 3345 τῶν
1128 3303 1296 3345 παθῶν
1333 3302 1484 3344 refert.
1515 3302 1570 3343 cs.
1600 3301 1822 3344 Plutarch.
1853 3301 2001 3357 Symp.

224 3361 276 3403 L.
308 3361 389 3404 ΙΙΙ.
422 3361 507 3414 Qu.
541 3362 663 3403 VIII.
692 3360 734 3403 2.
768 3359 864 3403 145.
