2158 3848
255 186 382 248 258
792 192 1025 236 LIBER
1068 192 1497 236 SECUNDUS.

258 329 522 406 demque
580 323 681 383 dei
737 322 817 382 ad
877 329 1078 381 castra
1139 321 1515 381 Graecorum
1569 320 1730 380 VIII.
1786 318 1932 381 250.
1978 331 2040 380 et

260 436 481 509 quarta
530 424 964 503 Nympharum
1006 424 1071 480 in
1094 421 1304 480 Ithaca
1348 421 1465 483 od.
1502 419 1875 482 XV11.0210‘.
1920 421 2042 481 Lu-

263 547 401 587 cum
428 525 699 604 Neptuni
726 523 1033 582 Onchesto
1079 522 1350 580 vicinum
1396 521 1660 582 celebrat
1688 523 1769 580 111.
1794 523 1871 580 Π.
1900 518 2041 581 506.

267 637 328 687 et
371 625 681 705 Apollinis
727 620 898 699 apud
938 620 1285 680 Ithacenses
1334 620 1448 680 Od.
1493 620 1633 680 XX.
1680 620 1824 679 274.
1885 618 2040 692 ‚Quo

261 745 445 786 sensu
512 724 781 798 Pyrasus
850 717 1088 778 Cereris
1154 721 1403 800 τέμενος
1469 721 1736 794 dicatur,
1802 730 2046 780 veteres

254 825 604 900 ambigunt3
649 819 760 879 sed
806 819 1114 899 Spercheo
1158 836 1342 876 suum
1388 830 1631 892 constat
1669 823 1751 879 in,
1781 819 2046 879 Hellade

263 925 509 1004 τέμενος
563 919 780 1003 βωμός
834 945 899 981 τε
951 916 1169 998 θυήεις
1225 918 1294 976 ll.
1350 917 1581 978 XXIII.
1641 919 1781 978 144.
1827 921 2046 999 quibus

264 1023 468 1085 verbis
532 1029 720 1100 poeta
783 1020 986 1078 locum
1054 1036 1295 1097 quoque
1350 1017 1575 1077 Veneri
1630 1029 2049 1077 consecratum

267 1122 435 1205 apud
488 1120 758 1199 Paphios
827 1119 1104 1195 designat
1159 1117 1275 1176 Od.
1333 1118 1496 1178 VIII.
1553 1119 1697 1177 287.
1755 1130 1818 1177 et
1872 1116 2048 1180 Jovis

266 1226 332 1282 in
377 1223 647 1298 Gargaro
692 1221 761 1278 11.
807 1218 967 1277 VIII.
1011 1218 1112 1276 48.
1161 1217 1286 1276 Sed
1328 1228 1399 1277 ut
1442 1220 1538 1279 his
1584 1237 1823 1299 quoque
1875 1219 2048 1289 locis,

267 1324 564 1386 siminus
611 1319 914 1391 omnibuS,
960 1327 1025 1376 at
1069 1327 1227 1375 certe
1269 1320 1368 1391 iis,
1413 1338 1570 1398 quae
1615 1320 1852 1377 eximia
1904 1335 2048 1398 qua-

268 1423 412 1483 dam
454 1422 748 1499 religione
791 1417 1075 1498 praedita
1118 1428 1352 1491 essent,
1413 1418 1760 1478 sacerdotes
1805 1436 2050 1497 praese-

270 1523 434 1581 disse
490 1529 811 1600 putemus,
880 1517 1243 1576 adducimur
1296 1517 1572 1577 Maronis
1635 1518 1928 1596 exemplo
1990 1525 2088 1575 et*

273 1622 586 1694 OnetoriS,
643 1637 825 1700 quem
880 1637 1023 1676 arae
1077 1617 1301 1676 Idaeae
1345 1636 1552 1676 curam
1594 1617 1882 1678 habuisse
1927 1635 2052 1674 cre-

271 1723 462 1782 dibile
518 1730 625 1779 est.
712 1725 848 1779 Jam
905 1719 959 1776 si
1017 1719 1254 1790 omnia,
1316 1737 1471 1797 quae
1524 1719 1758 1798 passim
1815 1706 1894 1775 de
1935 1716 2054 1774 hoc

269 1841 486 1900 genere
542 1821 863 1879 hominum
908 1817 1070 1876 dicta
1113 1827 1285 1891 sunt,
1340 1819 1406 1876 in
1448 1818 1702 1879 brevem
1744 1829 2054 1876 summam

272 1904 650 1998 redigamus,
724 1919 873 1976 haec
942 1919 1074 1976 sine
1138 1918 1267 1976 ulla
1322 1916 1711 1977 dubitatione
1764 1915 2053 1975 affirmari

270 2028 559 2101 possunt:
603 2020 879 2099 primum
920 2035 1032 2075 nec
1072 2036 1394 2077 numerum
1439 2027 1678 2077 tantum
1720 2017 1912 2075 fuisse
1955 2033 2055 2075 sa·-

273 2120 589 2179 cerdotum
635 2126 928 2197 quantum
951 2116 1208 2175 Graecia
1251 2119 1500 2196 templis
1543 2118 1928 2197 frequentata
1955 2125 2054 2174 tu-

272 2220 363 2295 lit,
408 2238 604 2299 neque
647 2236 828 2276 usum
873 2235 1066 2295 aeque
1107 2219 1543 2291 necessarium,
1591 2218 1880 2297 quoniam
1922 2216 2054 2295 ple-

271 2338 461 2399 raque
506 2318 797 2378 sacrificia
841 2316 1355 2376 administrabant
1380 2319 1485 2397 qui
1512 2318 1763 2390 vellent,
1806 2315 2056 2396 publica

273 2438 443 2496 reges
461 2420 555 2498 [⁰],
598 2420 846 2497 privata
890 2417 1127 2475 domini
1169 2419 1455 2495 majores,
1501 2416 1723 2477 deinde
1766 2415 2053 2476 habuisse

398 2588 458 2643 [0]
491 2586 741 2642 Philosophi
770 2585 933 2641 politici
963 2585 1139 2639 regibus
1169 2585 1355 2626 heroicis
1384 2586 1471 2627 tria
1487 2587 1711 2642 assignant
1724 2600 1912 2639 munera,
1945 2600 2052 2643 quo-

278 2659 370 2687 rum
408 2647 581 2687 tertium
621 2645 664 2685 in
703 2657 919 2685 sacrorum
958 2642 1222 2698 publicorum
1253 2642 1619 2685 administratione
1649 2644 1834 2699 ponitur.
1864 2659 1906 2686 v.
1937 2644 2049 2685 Dio-

278 2710 455 2762 togenes
479 2704 604 2746 Stob.
634 2702 769 2743 Serm.
799 2699 957 2743 XLVI.
974 2699 1073 2742 329.
1106 2715 1168 2756 sq.
1201 2701 1528 2744 Aristot.Polit.
1558 2701 1697 2744 111.9.
1714 2717 1757 2761 p.
1776 2701 1870 2745 125.
1903 2699 2051 2761 κύριοι
2140 2707 2158 2733 ἒ*

277 2763 394 2816 ἦσαν
423 2763 466 2805 οἱ
493 2761 689 2816 βασιλεῖς
718 2761 794 2802 καὶ
823 2761 913 2802 τῶν
940 2761 1139 2814 θυσιῶν,
1174 2756 1276 2802 ὅσαι
1303 2757 1366 2817 μὴ
1398 2762 1630 2817 ἱερατικαί·
1663 2759 1777 2815 quod
1812 2760 2047 2803 Schneide‘-
2138 2775 2140 2777 ’

279 2835 354 2862 rus
395 2820 532 2862 minus
570 2823 695 2866 recte,
729 2818 794 2861 ita
841 2818 1172 2874 interpretatur,
1235 2818 1482 2861 sacerdotes
1530 2832 1784 2875 procurasse
1835 2819 2050 2863 sacrificia
2138 2830 2158 2860 ι’

278 2881 393 2921 stata
422 2883 466 2921 et
496 2877 726 2928 ordinaria,
757 2891 882 2932 reges
912 2880 957 2918 et
984 2876 1260 2930 magistratus
1292 2892 1343 2919 ea
1374 2891 1483 2933 quae
1513 2891 1565 2919 ex
1596 2884 1696 2920 voto
1728 2878 1797 2920 vel
1818 2878 2039 2936 republica

278 2938 388 2979 bene
431 2943 556 2993 gesta
594 2937 761 2978 fierent.
828 2935 917 2977 Sed
945 2934 1197 2977 Aristoteles
1236 2949 1319 2977 non
1358 2935 1454 2992 plus
1484 2935 1590 2978 dicit
1620 2949 1746 2992 quam
1775 2951 1829 2978 ex
1858 2937 2067 2986 Homero]
2139 2922 2142 2932 ¹

278 2995 463 3051 intelligi
489 3000 659 3053 potest,
693 2994 827 3036 sacris
855 2994 978 3036 modo
1007 3007 1133 3048 reges
1161 3008 1360 3050 praeesse
1388 3001 1437 3036 ut
1467 2994 1550 3036 Od.
1579 2995 1660 3036 III.
1685 2991 1790 3040 345.
1821 2996 1944 3049 modo
1975 3008 2046 3050 sa.-

281 3054 502 3106 cerdotes‚
544 3055 622 3096 hos
661 3058 802 3095 autem
844 3053 1082 3095 cerimoniis
1127 3053 1430 3096 anniversariis
1460 3055 1728 3109 praepositos
1759 3052 1916 3107 fuisse,
1946 3051 2043 3095 illos

280 3113 632 3156 extraordinariis
672 3125 849 3169 prorsus
889 3125 973 3153 non
1002 3110 1241 3166 significat,
1284 3117 1328 3155 et
1369 3126 1496 3168 quum
1526 3112 1607 3154 duo
1636 3116 1800 3155 tantum
1831 3118 1946 3157 stata
1973 3124 2043 3162 sof-

279 3169 434 3213 lemnia
472 3177 699 3223 memoret,
741 3185 866 3213 unum
907 3170 1132 3213 Minervae
1173 3170 1200 3212 l.
1245 3186 1280 3212 c.
1322 3170 1499 3213 alterum
1541 3171 1752 3226 Apollinis
1795 3171 1880 3220 od.
1922 3167 2041 3213 XXI.

278 3228 378 3271 258.
418 3230 514 3285 quis
552 3243 604 3271 ea
642 3229 860 3272 curaverit
898 3228 1066 3271 silentio
1107 3230 1424 3285 praetermittit.
1494 3229 1556 3270 Ac
1586 3234 1736 3285 postea
1766 3240 1937 3296 quoque*
1959 3227 2043 3268 Ar-
2134 3235 2137 3258 ῑ

279 3288 455 3388 ἱῑιοιέίιεε
483 3288 802 3331 Atheniensium
841 3287 998 3343 singuli
1036 3288 1162 3330 statis
1201 3288 1438 3333 intervallis
1468 3289 1682 3344 certisque
1712 3288 1799 3331 diist
1822 3285 2042 3330 sacnfica-

313 3359 366 3387 an
390 3377 398 3388 .
956 3368 959 3372 ·
