2176 3886
789 237 1365 284 ELEUSINIA.
1885 228 1970 288 27

193 375 270 436 ab
298 371 630 434 Eleusiniis
673 368 756 432 ad
796 389 970 432 sacra
1012 368 1165 430 deae
1189 368 1490 447 Phrygiae
1527 368 1808 431 traducit.
1850 368 1971 432 His

192 474 354 534 enim
396 472 720 553 proprium
761 468 953 532 fuisse
991 471 1175 548 hujus
1209 472 1378 533 vasis
1407 480 1590 530 usum
1623 487 1659 528 e
1687 470 1970 532 Nicandr.

188 572 363 633 Alex.
431 570 576 635 217.
637 580 701 632 et
753 570 1094 632 Alexandri
1145 569 1356 631 Aetoli
1415 571 1854 651 epigrammate
1906 574 1976 632 in

188 674 547 735 Alcmanem
588 673 818 753 scripto
862 681 1150 754 apparet:
1962 689 1969 696 ·

330 782 572 857 Σάρδιες,
612 784 825 857 ἀρχαῖος
852 786 1088 857 πατέρων
1109 783 1293 853 νομός,
1333 784 1377 836 εἲ
1398 784 1493 852 μὲν
1517 783 1570 835 ἐν
1593 779 1715 851 ὖμῖν

401 870 715 942 ἐτρεφόμαν,
754 872 934 943 κέρνας
963 865 1028 940 ἦν
1058 892 1136 934 τις
1168 869 1233 924 ἂν
1265 869 1298 940 ἢ
1332 869 1556 938 βακέλας

266 1017 273 1024 ·
325 954 660 1028 χρυσοφόρος
693 955 900 1029 ῥήσσων
932 955 1066 1011 καλὰ
1099 953 1343 1024 τύμπανα
1367 986 1438 994 —-
1458 957 1606 1021 —[⁸]

191 1070 260 1131 Τ.
304 1072 351 1130 Ι.
393 1091 456 1151 p.
499 1070 644 1132 204.
708 1072 793 1131 Et
831 1074 899 1132 in
939 1071 1171 1132 horum·
1206 1088 1521 1130 sacrorum
1564 1066 1738 1128 aditu
1781 1076 1980 1129 tesse-

189 1189 294 1231 ras
347 1171 623 1233 redditas
679 1192 814 1233 esse
871 1171 949 1233 ab
1004 1170 1458 1232 introeuntibus
1474 1200 1506 1244 ‚1
1561 1168 1781 1250 quibus
1839 1188 1982 1230 con-

189 1271 484 1332 scientiae
535 1291 683 1333 suae
740 1272 928 1334 fidem
982 1273 1283 1345 facerent,
1341 1291 1375 1331 e
1418 1270 1624 1330 Plauti
1673 1271 1811 1330 loco
1858 1270 1983 1330 col-

188 1369 298 1448 ligi
350 1381 561 1453 potest
612 1373 746 1435 Mil.
792 1374 962 1434 Glor.
998 1374 1112 1435 IV.
1158 1374 1216 1434 2.
1261 1369 1363 1432 25.
1410 1368 1615 1431 Cedo
1659 1373 1984 1450 signum,

189 1472 256 1531 si
308 1471 689 1535 haruncce
744 1475 1214 1536 Baccharum
1266 1490 1422 1533 u-na
1477 1491 1584 1546 οε,
1642 1481 1704 1532 et
1758 1491 1843 1532 ex
1885 1473 1984 1532 his

190 1590 345 1652 quae
389 1573 468 1634 de
510 1574 992 1639 Bacchanalibus
1036 1573 1187 1634 dicit
1230 1574 1466 1634 Statius
1498 1572 1720 1633 Achill.
1753 1575 1801 1633 Ι.
1837 1570 1982 1634 592.

560 1700 662 1741 stat
694 1693 792 1740 fine
829 1693 944 1741 dato
975 1690 1233 1740 metuenda
1257 1689 1484 1738 sacerdos

405 1780 719 1842 exploratque
751 1778 940 1839 aditus,
976 1794 1038 1824 ne
1075 1779 1180 1840 quis
1215 1783 1474 1824 temerator
1506 1775 1714 1827 oberret.

195 1873 321 1935 Sed
364 1874 443 1935 de
487 1874 726 1937 Cereris
769 1878 958 1936 sacris
1000 1875 1157 1934 nihil
1200 1872 1509 1952 ejusmodi
1541 1872 1842 1934 traditum
1874 1883 1984 1935 est.

192 2045 238 2088 in
267 2045 421 2103 quibus
460 2046 586 2091 modo
625 2047 827 2091 lucernae
866 2047 989 2091 modo
1032 2046 1220 2103 patellae
1258 2045 1574 2089 inserebantur.
1631 2041 1942 2106 Keroaepdqoc
1957 2043 1984 2096 ἡ

192 2103 298 2154 τοὺς
334 2104 580 2165 μυστικοὺς
618 2110 841 2169 κρατῆρας
882 2109 1087 2165 φέρουσα
1127 2106 1284 2164 ἱέρεια·
1326 2108 1514 2165 κέρνους
1543 2107 1664 2163 φασὶ
1690 2103 1795 2155 τοὺς
1820 2117 1989 2164 μυστι-

194 2161 303 2214 κοὺς
341 2169 481 2224 κρατῆ
511 2182 587 2221 ας,
640 2168 662 2210 ἐ
698 2165 712 2180 ²
758 2169 824 2210 ὠν
862 2163 1054 2222 λύχνους
1091 2168 1271 2209 τιθέασι
1299 2163 1446 2206 Schol.
1491 2164 1678 2207 Nicand.
1719 2164 1845 2207 Alex.
1885 2163 1990 2207 217.

195 2223 444 2266 Athenaeus
554 2257 566 2268 .
604 2182 703 2267 473³.
744 2225 802 2272 E.
832 2224 940 2268 dicit
968 2219 1111 2282 ἄγγος
1139 2225 1394 2282 κεραμεοῦν
1423 2224 1532 2280 ἔχον
1561 2223 1613 2268 ἓν
1643 2219 1763 2279 αὐτῷ
1791 2220 1988 2273 πολλοὺς

196 2283 509 2338 κοτυλίσκους,
541 2283 610 2345 ἐν.
622 2278 689 2333 οἷς
717 2287 805 2328 εἰσι
831 2279 1050 2342 μήκωνες,
1081 2285 1236 2342 πυροὶ,
1267 2283 1440 2341 κριθαὶ,
1473 2286 1623 2340 φακοῖ
1647 2285 1731 2324 etc.
1764 2278 1787 2324 ὁ
1820 2281 1871 2336 δὲ
1899 2286 1986 2337 βα-

198 2337 369 2391 στάσας
408 2341 518 2386 αὐτὸ
560 2347 661 2387 οἱον
699 2338 1037 2401 λικνοφορήσας
1074 2337 1247 2384 τούτων
1288 2336 1483 2398 γεύεται».
1524 2340 1637 2383 unde
1676 2340 1722 2382 in
1753 2340 1988 2384 Clementis

198 2399 295 2443 loco
324 2414 405 2457 pro
434 2398 768 2461 ἐργασάμενος,
811 2415 895 2444 non
925 2396 1235 2459 θεασάμενος,
1268 2399 1385 2455 quod
1413 2399 1642 2443 Reinesius
1671 2399 1830 2456 probat
1859 2400 1989 2446 Varr.

196 2457 344 2518 Lectt.
383 2475 426 2518 p.
470 2461 568 2503 102.
609 2460 687 2503 sed
727 2462 749 2505 ἐ
781 2457 923 2518 γευσά
961 2474 1061 2508 ενος
1092 2459 1402 2501 substituimus.
1461 2459 1529 2502 De
1560 2458 1791 2502 saltatione
1822 2458 1987 2502 Cerno-

196 2518 335 2575 phoro
364 2533 406 2563 v.
437 2518 494 2561 ad
523 2519 630 2562 Pitt.
661 2519 707 2562 di
780 2519 881 2562 rcol.
959 2549 969 2560 .
999 2517 1084 2560 III.
1113 2532 1156 2575 p.
1189 2513 1287 2559 154.

198 2587 696 2705 Male[‘.?l]a‹:soll‹›3⁸i1÷sta1till·¹l)s
715 2589 879 2698 κξξτῗς
903 2587 981 2690 εἶξα
1009 2583 1180 2703 Ξὲἓνᾶἔ
1190 2599 1433 2688 Ξιὶἶξῑῧιιῐιιίῗ
1446 2586 1989 2706 ἱέέπῗκξ,θῐξοῗηὲηθζιᾶῃῖ

197 2703 324 2748 belae
353 2707 488 2750 sacris
519 2707 702 2751 alierum
715 2723 734 2761 ς,
758 2664 868 2750 illud
897 2705 1116 2762 significat
1143 2705 1255 2748 idem
1288 2704 1404 2762 quod
1433 2702 1716 2765 κερνοφόρος
1737 2719 1815 2748 seu
1836 2708 1991 2765 κερνρ-

196 2779 288 2867 ιὸῖς,
318 2765 432 2808 unde
461 2770 729 2813 contractum
757 2771 839 2820 est,
867 2771 918 2836 ut
929 2767 1115 2866 ,Βακρὲἄς
1138 2760 1496 2866 Ργοᾶβακχευτής,
1526 2765 1697 2820 βήσσας
1715 2779 1793 2835 pro
1815 2767 1973 2821 βηχίας

199 2825 604 2945 Ρέιξῶἶιῗέωῡῑίε
615 2840 716 2928 234.
731 2826 989 2943 ‘'22213531'235'
1008 2884 1060 2927 In
1075 2823 1995 2938 ⁹3302..1¹ff⁰{⁷¹'321¹¹.¹3·1P·2}5³253¹022q¹}3.2-

199 2956 305 2998 κας,
348 2947 448 2987 οἱον
474 2940 669 3002 ἀχανὴς,
710 2940 984 3014 παταγώδης
1012 2943 1090 2986 καὶ
1118 2939 1363 3003 ὑπόμωρος
1390 2942 1662 2985 scribendum
1691 2944 1859 2997 βησσᾶς
1886 2941 1916 2984 i.
1948 2954 1995 2998 q.

201 2998 430 3059 βηχώδης,
482 2999 687 3060 βηχικός,
736 3003 1042 3056 tussiculosus‚
1092 3002 1429 3058 gravedinosus‚
1476 3001 1590 3057 quod
1631 3005 1680 3044 ut
1722 2996 1994 3063 κορυζώθης,

203 3055 435 3118 μυξώδης,
477 3058 663 3117 βλεννός
700 3068 746 3107 et
771 3063 951 3107 latinum
979 3061 1201 3119 pituita
1231 3062 1288 3103 ad
1317 3066 1533 3117 stuporem
1561 3062 1762 3104 refertur.
1820 3061 1991 3104 Nomen

204 3119 425 3176 proprium
464 3121 602 3164 Besas
641 3136 726 3165 non
752 3123 946 3180 ignotum
976 3119 1147 3178 quidem
1164 3153 1176 3174 ‚
1208 3125 1258 3163 ut
1287 3119 1507 3178 proverbii
1537 3119 1750 3178 interpres
1776 3123 1915 3178 putat,
1945 3133 1989 3161 v.

207 3176 409 3222 Antiochi
448 3180 604 3239 Epigr.
646 3181 683 3226 I.
725 3194 767 3239 p.
801 3182 870 3226 18.
901 3182 959 3224 T.
990 3179 1074 3223 ΙΙΙ.
1107 3178 1297 3222 casaub.
1329 3178 1385 3220 ad
1416 3178 1637 3235 Spartian.
1667 3194 1710 3236 p.
1740 3179 1812 3223 29.
1843 3177 1990 3222 Vales.

207 3233 265 3277 ad
292 3232 500 3283 Ammian.
528 3239 649 3284 XIX.
679 3255 722 3298 p.
752 3238 851 3284 349.
881 3241 959 3285 sed
989 3239 1174 3282 alienum
1204 3239 1259 3281 ab
1291 3238 1373 3279 hoc
1402 3237 1512 3281 loco.
1570 3235 1857 3297 Παταγώδης,
1883 3249 1988 3280 vero

207 3307 294 3336 non
333 3297 561 3342 tonitru
588 3300 910 3357 perculsum
940 3297 1183 3355 significat,
1228 3297 1303 3339 sed
1333 3297 1632 3352 tussicum,
1675 3310 1703 3340 a
1730 3297 1872 3341 tundo
1893 3310 1989 3340 πα-

207 3348 381 3408 τάσσω,
423 3356 535 3400 unde
573 3359 702 3402 etiam
732 3360 902 3403 morbus
930 3364 1121 3417 patagus
1150 3356 1263 3415 apud
1293 3355 1492 3401 Plautum
1505 3389 1519 3413 ,
1548 3372 1634 3416 quo
1663 3357 1858 3401 nonnulli
1884 3370 1991 3415 apo-

207 3411 395 3471 plexiam
424 3414 708 3473 significatam
737 3433 834 3463 esse
861 3421 1028 3478 putant.
