2158 3848
291 191 411 252 142
874 199 1108 245 LIBER
1153 200 1464 246 PmMUS.

283 353 442 396 sam
497 333 1230 413 contemplationem
1285 344 1359 393 et
1411 331 1898 392 intellectum
1953 348 2058 388 re-

282 451 445 494 rum
508 432 885 507 afferunt,
951 433 1018 494 id
1085 433 1250 514 quod
1314 432 1535 493 iisdem
1591 448 1788 511 prope
1844 427 2052 490 verbis

282 533 638 593 Plutarchus
694 532 771 591 de
825 551 898 592 ea
950 532 1381 613 philosophiae
1423 542 1602 613 parte
1648 530 1830 602 dicit,
1874 547 2057 609 quam

283 630 663 712 Chrysippus
708 631 908 691 teletis
951 633 1401 710 aequiparavit:
1443 633 1481 711 ἡ
1515 631 1672 713 μετὰ
1705 629 1785 692 τὰ
1823 629 2060 711 φυσικὰ

279 730 667 817 πραγματεία
721 731 910 812 πρὸς
964 731 1490 793 διδασκαλίαν
1533 731 1663 792 καὶ
1705 727 2059 811 μάθησιν

280 831 513 895 οὐδὲν
580 831 864 908 ἔχουσα
913 827 1301 911 χρήσιμον
1356 827 1704 913 ὑπόδειγμα
1757 834 1886 898 τοῖς
1954 852 2059 888 πε-

281 929 711 1011 παιδευμένοις
756 929 856 990 ἀπ’
903 928 1094 1011 ἀρχῆς
1136 930 1478 1014 γέγραπται
1519 926 1591 984 V.
1636 927 1820 986 Alex.
1850 947 1897 986 c.
1927 926 2059 985 VII.

277 1029 421 1090 260.
467 1028 536 1088 Τ.
579 1027 682 1087 lv.
729 1033 1057 1110 Περινοεῖν
1098 1029 1214 1108 τὴν
1258 1026 1450 1110 φύσιν
1492 1027 1597 1089 καὶ
1638 1027 1717 1089 τὰ
1769 1025 2059 1112 πράγμα-

275 1154 376 1202 τα,
420 1127 588 1209 quod
629 1127 1073 1207 Aristophanes
1120 1127 1269 1187 dicit
1309 1131 1706 1210 περιφρονεῖν
1745 1126 1825 1188 τὰ
1859 1125 2059 1212 πράγ-

274 1251 445 1309 ματα
482 1225 685 1287 Nubb.
719 1228 865 1288 740.
911 1238 974 1288 et
1002 1227 1291 1306 Virgilius
1335 1228 1608 1286 Rerum
1654 1243 2058 1303 eognosce-

272 1344 354 1386 re
387 1344 661 1387 causas
680 1328 777 1408 [⁸]‚
814 1329 1134 1408 proprium
1163 1339 1256 1388 est
1279 1326 1634 1408 philosophi
1657 1344 1900 1399 munuS‚
1937 1344 2057 1405 quo

273 1429 527 1487 nomine
592 1425 804 1486 Cicero
861 1427 1011 1487 dicit
1065 1428 1371 1507 appellari
1427 1445 1596 1498 eum,
1650 1427 1755 1505 qui
1811 1425 2059 1485 studeat

275 1528 551 1586 omnium
592 1543 796 1586 rerum
843 1523 1191 1589 divinarum
1236 1535 1417 1607 atque
1459 1527 1862 1586 humanarum
1905 1527 2056 1598 vim,

271 1635 558 1685 naturam
624 1642 958 1707 causasque
1024 1644 1234 1701 nosse3
1303 1626 1684 1705 eundemque
1748 1625 2056 1685 Lucianus

179 1805 182 1808 Ι
271 1734 457 1787 vocat
511 1727 717 1809 ἄνδρα
768 1727 885 1806 τὴν
941 1725 1135 1809 φύσιν
1193 1735 1324 1790 τῶν
1377 1723 1767 1812 πραγμάτων
1809 1720 2054 1787 ααθεω-
2157 1723 2158 1726 “

269 1823 506 1907 ρακότα
559 1827 665 1888 καὶ
714 1823 914 1908 μόνον
968 1828 1083 1906 τὴν
1135 1831 1202 1890 ἐν
1247 1829 1457 1897 αὐτοῖς
1502 1823 1803 1905 ἀλήθειαν
1847 1822 2054 1887 εἰδότα

269 1925 442 1984 Alex.
487 1922 686 1986 XXII.
730 1943 791 2005 p.
833 1925 936 1983 86.
983 1924 1053 1984 Τ.
1097 1925 1169 1985 V.
1225 1935 1420 2006 artem
1475 1928 1678 2006 ipsam
1732 1925 1846 2003 τὴν
1887 1928 2054 1985 &etu-
2106 1951 2127 2010 Ἰ

271 2025 411 2107 ρίαν
481 2033 614 2088 τῶν
668 2022 1055 2109 πραγμάτων
1111 2024 1350 2085 Himer.
1409 2025 1511 2084 Or.
1567 2024 1732 2084 XIV.
1791 2023 1934 2084 648.
1994 2032 2056 2081 et

267 2121 546 2203 pluribus
614 2122 820 2185 verbis
879 2124 1237 2209 Plutarchus
1308 2125 1385 2185 de
1441 2125 1616 2183 PoeS.
1669 2123 1856 2182 Hom.
1915 2122 2054 2182 XII.

267 2241 328 2303 p.
389 2223 570 2284 1230.
626 2222 940 2300 Wyttenb.
995 2244 1056 2303 p.
1116 2225 1255 2284 188.
1310 2226 1549 2284 Ernest.
1595 2224 1629 2286 ὅ
1673 2224 2054 2307 θεωρητικὸς

268 2322 447 2408 λόγος
501 2324 668 2387 ἐστὶν
712 2324 744 2386 ὃ
791 2326 1089 2407 περιέχων
1129 2326 1210 2387 τὰ
1253 2322 1606 2407 καλούμενα
1647 2322 2050 2406 θεωρήματα,

270 2423 422 2505 ἅπερ
479 2425 608 2485 ἐστὶ
661 2431 890 2508 γνῶσις
943 2428 1052 2502 τῆς
1109 2424 1405 2502 ἀληθείας
1414 2469 1435 2497 ,
1480 2425 1589 2506 ἀφ’
1634 2419 1727 2487 ὧν
1767 2427 1897 2486 ἐστι
1937 2425 2052 2503 τὴν

266 2520 462 2604 φύσιν
502 2530 631 2585 τῶν
677 2524 881 2585 ὄντων
921 2521 1120 2584 θείων
1161 2546 1226 2583 τε
1269 2523 1374 2583 καὶ
1400 2523 1829 2606 ἀνθρωπίνων
1850 2543 2051 2609 πραγ-

265 2620 485 2704 μάτων
552 2626 897 2685 κατανοεῖν.
996 2620 1115 2679 His
1172 2622 1527 2701 praemissis
1579 2620 1746 2682 haud
1806 2620 2049 2681 diffieile

265 2723 385 2781 erit
429 2721 507 2780 de
548 2736 734 2782 >eausa
776 2719 916 2800 ipsa
952 2720 1246 2798 judicare.

435 2822 763 2902 Principio,
805 2822 862 2880 si
905 2822 1039 2900 quis
1076 2818 1406 2880 Clementis
1450 2821 1652 2879 locum
1697 2818 1909 2900 paullo
1955 2830 2048 2880 at-

188 2953 192 2955 >
266 2923 494 2981 tentius
552 2937 750 3002 neque
806 2937 845 2981 a
887 2922 1102 2980 ceteris
1148 2922 1433 2982 avulsum
1478 2921 1724 2998 legerit,
1767 2921 2044 3000 profecto

263 3021 590 3100 intelliget,
646 3030 839 3090 totam
895 3009 1159 3082 auctoris
1203 3022 1794 3100 argumentationem
1837 3019 2044 3080 fundi-

382 3162 448 3220 [a]
487 3162 710 3207 claudian.
748 3163 949 3208 Mamert.
990 3163 1043 3206 de
1082 3163 1195 3207 Stat.
1238 3165 1318 3206 An.
1361 3179 1402 3220 p.
1441 3162 1540 3206 627.
1579 3162 1635 3206 T.
1676 3163 1751 3209 IV.
1783 3163 1833 3206 P.
1864 3163 1900 3206 I.
1929 3163 2041 3205 Bibl.

262 3218 381 3263 Patr.
410 3221 536 3277 Bing.
567 3223 863 3267 Philolaus
891 3222 1082 3266 multis
1113 3223 1499 3266 voluminibus
1530 3222 1592 3264 de
1618 3221 2037 3278 intelligendis

263 3279 436 3322 rebus
466 3282 732 3338 scripsit,
763 3282 807 3325 id
838 3288 918 3336 est,
948 3283 1054 3341 περὶ
1084 3277 1277 3339 φύσεως.
1316 3278 1410 3336 Τὴν
1443 3277 1584 3339 φύσιν
1612 3283 1703 3325 τῶν
1733 3277 1875 3325 ὄντων
1903 3280 2037 3322 Isocr.

262 3336 401 3380 Busir.
432 3353 470 3381 c.
498 3336 577 3386 IX.
608 3354 649 3397 p.
681 3337 780 3383 373.
810 3338 864 3384 τὰ
893 3342 969 3395 τῆς
998 3335 1179 3397 φύσεως
1207 3336 1454 3398 πράγματα
1482 3338 1608 3382 Philo
1639 3353 1681 3396 p.
1712 3338 1810 3383 695.
