2158 3848
218 209 344 267 408
750 219 980 262 meaa
1025 219 1457 263 SECUNDUS.

222 352 458 423 „sacris
525 350 802 409 initiatus
856 348 975 407 fuit
1030 347 1517 428 AglaophemuS‚
1571 347 1996 433 Aglaophemo

220 451 335 522 „in
381 448 718 527 Theologia
762 448 1169 525 Pythagoras,
1215 448 1597 525 Pythagorae
1639 448 1847 521 Plato,
1893 449 2000 527 qui

219 550 622 622 „universam
667 566 879 606 eorum
923 547 1290 626 sapientiam
1335 549 1462 607 suis
1502 548 1694 606 literis
1723 565 2000 626 compre-

214 646 643 727 ·„hendit“[¹].
688 646 827 706 Hoc
871 655 992 718 est,
1037 646 1102 703 ni
1145 645 1345 719 fallor,
1389 646 1553 726 quod
1597 645 1833 708 dudum
1879 647 2002 724 eje-

221 758 384 806 ctum
450 764 646 825 nuper
703 743 1067 804 remandere
1122 746 1320 805 coacti
1373 764 1602 828 sumus.
1692 747 1867 810 Ἀλλὰ
1920 748 2001 809 τὰ

217 845 335 928 μὲν
379 843 800 928 προτετύχθαι
843 842 1124 926 ἐάσομεν.
1178 844 1439 921 Aegrius
1482 847 1813 923 ignoscitur
1857 844 2000 905 Pico

218 942 669 1019 Mirandulano‚
712 945 818 1024 qui
853 944 1121 1022 Juvenili
1164 943 1426 1024 quadam
1453 946 1817 1005 vanitatein
1842 943 2004 1005 Con-

219 1043 594 1104 clusionibus
638 1048 766 1103 suis
810 1044 922 1103 illa
966 1063 1207 1124 quoque
1253 1043 1330 1103 de
1368 1043 1616 1125 Orpheo
1655 1045 2004 1122 aenigmata

216 1146 544 1224 proposuit
586 1165 647 1225 p.
698 1143 836 1205 106.
883 1143 1042 1223 Opp.
1086 1143 1201 1203 Ed.
1239 1144 1421 1204 Basil.
1466 1144 1679 1217 „Sicut
1705 1154 2004 1206 secretam

218 1245 536 1323 „Magiam
581 1263 619 1303 a
662 1243 840 1303 nobis
884 1246 1153 1324 primum
1190 1263 1276 1314 vex
1315 1243 1851 1325 Orpheiflymnis
1897 1245 2005 1304 eli-

218 1347 453 1418 „citam
523 1345 617 1403 fas
684 1362 807 1403 non
862 1354 955 1402 est
1008 1347 1075 1403 in
1133 1344 1448 1423 publicum
1504 1344 1848 1425 explicare,
1914 1347 2004 1404 ita

221 1455 424 1518 „nutu
471 1442 740 1523 quodam
786 1461 922 1502 eam
970 1463 1081 1523 per
1125 1443 1623 1522 aphorismorum
1671 1446 1874 1524 capita
1899 1443 2003 1504 de-

219 1551 648 1617 „monstrasse
708 1543 860 1602 utile
920 1545 1037 1602 erit
1091 1542 1171 1602 ad
1230 1542 1584 1604 excitandas
1630 1544 1997 1624 contempla-

219 1646 540 1718 „tivorum
585 1653 840 1702 mentes.
885 1642 1154 1703 Nomina
1199 1642 1477 1717 deorum,
1523 1662 1677 1724 quos
1722 1643 2005 1724 Orpheus

219 1788 254 1817 ‚‚
271 1746 466 1817 canit,
537 1763 663 1803 non
720 1743 1159 1824 decipientium
1217 1743 1591 1804 daemonum
1646 1744 1758 1804 sed
1814 1746 2006 1805 virtu-

219 1854 403 1918 „tum
447 1844 798 1906 divinarum
843 1853 986 1903 sunt
1026 1846 1297 1912 nomina.
1381 1844 1553 1904 Sicut
1594 1843 1835 1922 Hymni
1875 1845 2006 1904 Da-

220 1943 382 2017 „vid
450 1947 622 2024 operi
691 1942 961 2003 Cabalae
1026 1944 1389 2003 mirabiliter
1459 1944 1847 2017 deserviunt,
1916 1946 2008 2003 ita

221 2043 509 2120 „Hymni
566 2043 797 2124 Orphei
855 2045 1030 2123 operi
1057 2067 1060 2070 ⁴
1088 2043 1385 2103 naturalis
1411 2044 1684 2122 -Magiae.
1773 2044 2006 2104 Tantus

220 2155 365 2216 „est
429 2162 720 2222 numerus
786 2143 1180 2219 Hymnorum
1257 2143 1522 2223 Orphei,
1591 2154 1853 2223 quantus
1915 2153 2009 2203 est

221 2263 561 2318 „numerus
617 2263 755 2304 cum
801 2263 922 2324 quo
969 2243 1120 2304 deus
1168 2245 1393 2326 triplex
1437 2247 1671 2307 creavit
1714 2244 2006 2316 seculum,

224 2346 386 2417 „sub
431 2346 800 2424 quaternarii
852 2345 1239 2423 Pythagorici
1283 2346 1485 2406 forma
1527 2355 2009 2427 numeratus-5-

223 2443 397 2518 „Qui
439 2446 724 2504 nescierit
768 2446 1037 2524 perfecte
1081 2447 1400 2506 sensibiles
1444 2448 1854 2527 proprietates
1899 2464 2009 2525 per

225 2547 442 2618 „viam
503 2552 772 2603 secretae
831 2544 1171 2623 Analogiae
1221 2546 1806 2618 intellectuarizare‚
1856 2545 2010 2603 nihil

224 2664 359 2718 „ex
401 2644 674 2722 I-Iymnis
719 2643 952 2723 Orphei
995 2663 1210 2704 sanum
1257 2646 1573 2722 intelliget.
1649 2644 1822 2704 Idem
1866 2652 2012 2703 sunt

226 2743 533 2819 „Curetes
587 2743 760 2825 apud
801 2743 1114 2823 Orpheum
1162 2755 1223 2803 et
1263 2755 1600 2823 potestates
1645 2743 1812 2824 apud
1855 2744 2011 2803 Dio-

228 2847 544 2922 ‚‚nysium.
652 2844 824 2904 Idem
879 2854 972 2903 est
1027 2844 1295 2924 Typhon
1352 2845 1519 2925 apud
1577 2845 1889 2924 Orpheum
1949 2854 2012 2904 et

227 2946 528 3019 „Zamael
571 2947 637 3004 in
682 2941 928 3026 Cabala.
973 2943 1145 3003 Idem
1189 2956 1282 3004 est
1323 2964 1446 3004 nox
1490 2944 1659 3025 apud
1695 2944 2010 3024 Orpheum

230 3059 341 3121 „et
396 3047 654 3126 Ensoph
720 3047 785 3104 in
844 3042 1128 3104 Cabala.“
1227 3044 1464 3105 Omitto
1533 3046 1797 3125 reliqua,
1855 3063 2010 3125 quae

231 3159 374 3207 sunt
445 3145 720 3224 ejusdem
800 3146 1053 3224 generis.
1164 3146 1305 3205 Pico
1385 3147 1604 3206 similis
1680 3132 2044 3206 ventilator

233 3247 509 3328 Agrippa
568 3266 605 3304 a
648 3245 1026 3306 Nettesheim
1070 3247 1218 3304 haec
1262 3248 1606 3325 expiscatus
1654 3255 1746 3305 est
1790 3245 1867 3304 de
1911 3263 2037 3326 oc-⁷

353 3375 418 3429 [Χ]
453 3375 588 3417 Ficin.
623 3376 673 3417 de
706 3376 891 3417 Immort.
925 3373 1056 3416 Anim.
1092 3373 1228 3416 XVII.
1266 3375 1300 3413 1.
1335 3372 1431 3416 386.
