2176 3886
251 253 333 315 50
836 261 1072 305 LIBER
1115 260 1423 305 PRIMUS.

254 397 471 456 beret
514 391 877 453 ostendit.
923 393 1176 463 Servius
1221 392 1301 453 ad
1344 392 1495 452 Aen.
1537 392 1583 450 I.
1617 391 1760 450 430.
1806 388 2024 469 Apud

256 495 622 555 Isthmum
665 511 852 552 anus
887 492 1255 573 quaedam
1290 495 1589 552 nomine
1621 489 2024 566 Melissa[⁰]

255 595 436 669 fuit3
489 595 676 654 hanc
734 590 964 653 Ceres,
1013 611 1405 652 sacrorum
1449 598 2024 668 suorum-quum

256 704 556 755 secreta
601 692 1017 765 docuisset,
1060 694 1569 750 interminata
1613 697 1748 763 est,
1791 688 2030 746 necui

258 814 345 854 ea
387 794 747 872 aperiret.
838 792 1011 850 Sicut·
1050 790 1391 866 Dionysius
1433 791 1501 851 L.
1532 791 1591 849 ,1.
1636 810 1683 848 c.
1728 787 1829 847 40.
1874 785 2030 845 Her—

257 893 452 953 culem
498 891 646 950 dicit
680 890 1003 973 ‚Pinarium
1049 898 1112 948 et
1154 890 1449 948 Potitium
1492 888 1741 960 διδάξαι
1770 887 1882 957 τὰς
1905 890 2031 948 19‘v—

259 991 394 1061 σίας
444 995 551 1054 ἵνα
592 991 1043 1074 κεχαρισμένως
1098 991 1269 1070 αὐτῷ
1316 988 1567 1061 θύοιεν,
1612 990 1703 1046 ita
1743 986 2033 1047 Aurelius

259 1091 468 1149 Victor
526 1089 724 1167 Origg.
782 1110 830 1149 c.
884 1089 1046 1148 VIII.
1104 1098 1166 1147 et
1205 1089 1427 1148 Festus
1471 1108 1531 1166 p.
1577 1086 1719 1146 361.
1771 1087 2035 1144 ⁴Recara-

259 1209 407 1251 num
469 1188 835 1261 docuisse
862 1187 931 1268 [f]
993 1207 1099 1247 eos
1157 1207 1332 1248 saera
1391 1196 1555 1247 certo
1611 1188 1736 1246 ritu
1780 1184 2037 1245 admini-

259 1287 543 1362 stranda,
603 1289 855 1350 Servius
911 1298 1119 1349 autem
1175 1289 1328 1349 Aen.
1384 1289 1546 1347 VlII.
1589 1287 1732 1347 269.
1778 1283 2036 1344 eundem

261 1388 712 1449 ostendisse
755 1391 864 1461 ait,
909 1390 1171 1468 qualiter
1211 1407 1288 1448 se
1334 1388 1485 1446 coli
1527 1385 1790 1457 vellet,
1834 1385 2038 1444 scili-

261 1497 380 1548 cet
409 1498 490 1548 ut
533 1507 746 1549 mane
790 1498 863 1546 et
908 1507 1238 1568 vespere
1276 1489 1345 1547 ei
1381 1485 2038 1561 sacrificaren-tff}

259 1590 521 1667 scriptor
587 1589 1070 1666 Epigrammatis
1138 1585 1434 1647 XXXIX.
1502 1589 1570 1646 in
1625 1587 1694 1645 L.
1750 1587 1796 1645 Ι.
1853 1583 2039 1643 Anth.

260 1687 393 1746 Lat.
463 1686 943 1747 tradidisse
1008 1702 1349 1746 sacrum.
1462 1685 1627 1745 Num
1680 1687 1866 1763 igitur
1921 1692 2039 1742 sta—

259 1784 558 1850 tuendum
644 1794 766 1858 est,
868 1786 1361 1865 Hierophantam
1440 1793 1574 1843 tum
1649 1802 1838 1863 quum
1904 1782 2041 1841 aliis

258 1886 526 1964 praeiret
586 1893 647 1943 et
690 1883 1038 1943 ostenderet
1078 1886 1384 1944 rationem
1428 1884 1586 1942 sacri
1627 1880 2043 1963 perpetrandi,

196 2034 199 2036 -
258 1985 458 2055 δεῖξαι
489 1984 570 2046 τὰ
610 1981 743 2066 ἱερά
775 1982 1007 2043 dictum
1050 1982 1221 2043 esse‘l
1264 1982 1323 2042 A
1355 2001 1610 2042 munere
1654 1981 1909 2062 quidem·
1947 1999 2042 2040 sa·-

264 2082 560 2143 cerdotali
602 2081 670 2141 id
712 2068 1092 2163 nequaquam
1136 2084 1406 2143 alienum
1421 2126 1439 2156 ‚
1480 2100 1677 2163 neque
1720 2083 1899 2142 aliter
1944 2078 2043 2140 Ci-

266 2203 402 2243 cero
460 2181 653 2244 verbo
704 2193 1139 2242 monstrare
1193 2202 1341 2243 usus
1397 2190 1499 2241 est¹
1531 2189 1604 2263 “p.
1649 2180 1828 2242 Corn.
1871 2181 2041 2241 Balb.

267 2303 315 2342 c.
359 2280 586 2342 XXIV.
645 2299 858 2341 sacra
914 2280 1216 2342 Cereris
1275 2291 1617 2341 assumta
1672 2281 2045 2341 deGrae-

268 2383 389 2441 cia
432 2391 504 2440 et
547 2390 977 2461 curataper
1011 2382 1350 2442 Graecos
1385 2381 1868 2456 sacerdot-es3
1911 2379 2043 2441 sed

267 2499 491 2559 quum
543 2481 762 2539 illam
818 2500 1012 2560 quae
1067 2489 1365 2542 sacrum
1416 2482 1623 2542 illud
1665 2489 2043 2542 mons-tra-

268 2588 388 2638 ret
431 2586 504 2639 et
544 2580 869 2652 faceret,
915 2599 1012 2640 ex
1057 2581 1384 2641 Graecia
1441 2580 1878 2659 deligerent
1932 2590 2040 2641 etc.

390 2735 451 2792 [θ]
482 2734 628 2778 Notae
657 2738 756 2778 sunt
785 2735 990 2778 Melissae
1021 2735 1194 2779 Cereris
1225 2737 1483 2780 sacerdotes.

391 2805 454 2863 [f]
486 2803 732 2852 Διδάσκειν
760 2806 813 2850 τὰ
842 2803 942 2866 ἱερά
972 2807 1158 2850 Theocr.
1189 2809 1349 2852 XXVI.
1375 2810 1416 2852 9.
1447 2809 1626 2853 Lucian.
1651 2808 1706 2851 D.
1737 2809 1837 2864 Syr.
1860 2806 2040 2852 XV.97.

274 2866 332 2908 T.
359 2865 439 2908 IX.
470 2865 743 2922 διδαχθῆναι
780 2864 863 2921 τὴν
900 2868 1161 2926 ἱερουργίαν
1201 2868 1330 2911 Paus.
1382 2868 1459 2910 IX.
1501 2864 1571 2910 40.
1623 2881 1790 2910 sacra
1830 2866 2041 2909 docere

275 2922 405 2967 Ovid.
451 2922 574 2968 Fast.
619 2924 672 2966 V.
703 2923 773 2966 99.
814 2923 1011 2982 idemque
1038 2925 1260 2981 vulgatum
1292 2926 1456 2970 Tibull.
1486 2927 1568 2970 ΠΙ.
1598 2927 1638 2969 5.
1669 2925 1710 2968 8.
1741 2929 1787 2968 et
1814 2926 2041 2982 probatum

272 2981 513 3024 Huschkio.
582 2982 739 3024 Verum
769 2982 916 3025 dubito
950 2996 1005 3024 an
1034 2984 1212 3026 verbum
1242 2984 1370 3037 illud,
1402 2985 1517 3042 quod
1547 2998 1712 3041 semper
1742 2982 1968 3026 solemnem
1997 2988 2042 3026 et

272 3039 507 3094 legitimam
535 3053 753 3083 sacrorum
781 3040 1052 3085 traditionem
1081 3042 1285 3099 denotat,
1316 3044 1370 3086 ad
1399 3043 1656 3101 profanandi
1685 3041 2041 3099 significationem

273 3098 500 3140 transferri
527 3099 676 3155 possit.

392 3169 458 3226 [g]
490 3169 696 3213 Fortasse
722 3174 899 3229 propter
926 3171 1036 3214 hanc
1064 3185 1286 3226 operosam
1314 3175 1654 3218 observationem
1683 3187 1786 3216 cura
1815 3173 1929 3216 sacri
1951 3186 2042 3215 ser-

274 3227 342 3270 vis
383 3228 583 3284 delegata
623 3229 804 3282 dicitur,
847 3244 953 3286 quos
978 3230 1192 3273 interdum
1222 3232 1308 3274 aris
1339 3237 1384 3275 et
1411 3232 1579 3276 sacellis
1607 3231 1876 3289 praepositos
1905 3231 2039 3275 fuisse

274 3286 466 3342 legimuS.
495 3302 538 3329 v.
567 3287 616 3329 P.
647 3287 784 3330 Fabri
812 3288 1012 3332 Semestr.
1040 3289 1093 3331 L.
1122 3289 1182 3330 II.
1211 3304 1253 3346 p.
1269 3290 1367 3333 526.
1399 3291 1673 3348 Oudendorp.
1705 3291 1759 3332 ad
1784 3290 1909 3348 Apul.
1931 3289 2036 3333 Met.

275 3357 316 3399 p.
347 3343 445 3387 528.
485 3345 595 3387 Gori
638 3345 692 3387 de
729 3345 895 3390 Libert.
936 3347 1128 3390 Columb.
1161 3347 1376 3393 CCXCV.
1417 3363 1557 3407 neque
1585 3349 1723 3405 ignoti
1751 3355 1849 3392 sunt
1877 3348 2037 3391 servi

277 3416 567 3446 sacrorum
597 3417 774 3447 causa
803 3406 1134 3450 manumissi.
1817 3430 1820 3433 ·

1165 3531 1219 3578 xo.
