2158 3848
709 252 1191 298 onpnch.
1732 241 1858 304 259

76 389 218 449 illos
258 385 502 468 quidem
541 394 775 445 tantam
812 378 981 459 apud
1005 398 1150 438 suos
1177 383 1625 457 auctoritatem,
1671 381 1858 467 quan-

78 499 205 548 tam
278 505 482 545 rerum
547 484 897 544 divinarum
938 478 1352 541 'administris
1421 482 1674 561 adjungi
1743 507 1858 565 par

78 595 172 647 est
186 582 260 666 [d]
319 604 432 644 nec
483 595 689 643 tamen
744 576 1012 658 regiam}
1055 591 1126 642 ut
1168 581 1421 662 quidam
1465 584 1705 661 fingere
1734 604 1856 645 non

75 685 467 757 erubescunt,
521 693 629 743 aut
681 683 887 769 regiae
941 682 1234 757 similem3
1290 701 1433 742 nam
1489 685 1554 743 in
1610 687 1860 765 imperii

73 785 509 863 gubernatione
563 793 626 842 et
678 781 1056 863 reipublicae
1109 785 1545 863 procuratione
1605 788 1858 846 omnino

70 887 278 946 nullae
319 887 398 945 iis
442 883 797 943 tribuuntur
838 892 1064 963 partes·
1162 883 1449 963 Denique
1492 885 1647 943 nihil
1691 869 1860 944 aliud

70 988 300 1064 negotii
355 985 663 1045 habebant
716 1001 902 1064 quam
955 984 1026 1041 ut
1079 984 1315 1062 templa
1372 983 1745 1043 adornarent
1802 994 1862 1043 et

72 1087 383 1168 aperirent
425 1067 897 1166 supplicaturi&
949 1080 1269 1144 adolerent
1312 1082 1561 1155 altaria,
1608 1102 1861 1164 suspen-

72 1187 289 1246 derent
342 1186 601 1245 donaria
656 1203 695 1243 a
738 1182 1076 1242 cultoribus
1122 1180 1333 1241 oblata
1375 1200 1708 1262 eorumque
1753 1204 1862 1243 no-

70 1289 238 1348 mine
281 1285 430 1345 deos
473 1285 913 1366 propitiarent3
959 1300 1115 1361 quae
1154 1281 1404 1361 quidem
1430 1286 1644 1343 munia
1669 1282 1863 1362 Chry-

71 1405 169 1447 ses
213 1395 277 1445 et
304 1385 570 1449 ,Theano
616 1383 846 1443 obiisse
890 1381 1195 1446 dicuntur.
1273 1383 1599 1445 Postremo
1645 1387 1698 1444 si
1743 1406 1863 1466 qua

71 1487 427 1548 coelestium
492 1485 729 1543 irarum
797 1485 972 1562 signa
1039 1474 1442 1564 apparerent,
1513 1485 1862 1547 sacerdotes

71 1589 283 1661 fuisse,
329 1587 434 1666 qui
478 1585 757 1666 sollicitis
803 1603 1048 1644 causam
1087 1585 1441 1645 offensionis
1479 1596 1540 1645 et
1577 1586 1863 1666 placandi

70 1691 242 1749 viam
299 1693 748 1757 monstrarent,
805 1684 1202 1744 manifestum
1250 1703 1335 1743 ex
1377 1687 1448 1745 Il.
1492 1686 1538 1746 I.
1585 1687 1688 1746 62.
1734 1688 1860 1750 ἀλλ’

74 1791 187 1874 ἄγε
240 1785 319 1867 δή
373 1811 516 1850 τινα
568 1783 801 1867 μάντιν
855 1785 1128 1867 ἐρείομεν
1170 1786 1210 1864 ἢ
1255 1787 1462 1868 ἱερῆα,
1520 1786 1587 1855 ὅς
1630 1787 1681 1847 κ’
1728 1791 1864 1866 εἴπῃ

73 1890 170 1951 ὅτι
210 1886 441 1951 τόσσον
496 1883 769 1965 ἐχώσαῒο
818 1887 1060 1966 Φοῖβος
1108 1883 1435 1948 Ἀπόλλων.
1495 1895 1558 1943 et
1612 1885 1862 1946 eosdem

72 1990 261 2048 etiam
337 1984 647 2045 interdum
723 1982 982 2042 deorum
1051 1987 1302 2044 nuntios
1370 1993 1433 2044 et
1496 1987 1864 2066 interpretes

73 2090 268 2168 egisse
332 2095 593 2146 testatur
647 2085 882 2144 Priami
938 2087 1138 2144 oratio
1194 2087 1264 2145 ΙΙ.
1320 2085 1550 2146 XXIV.
1608 2087 1752 2147 221.
1812 2094 1865 2150 εἰ

72 2187 188 2271 μὲν
242 2186 364 2274 γάρ
418 2189 480 2269 μ’
542 2189 724 2256 ἄλλος
767 2186 1147 2266 ἐπιχθονίων
1191 2188 1460 2251 ἐκέλευεν
1513 2186 1554 2267 ἢ
1599 2191 1658 2249 οἳ
1700 2187 1863 2268 μάν-

72 2290 194 2358 τιές
250 2294 366 2350 εἰσι
418 2284 718 2356 θᾝοςκόοι
768 2285 810 2364 ἢ
866 2288 1090 2368 ἱερῆες,
1151 2285 1387 2369 ψεῦδός
1440 2304 1549 2351 κεν
1604 2295 1855 2370 φαῖμεν.

77 2387 202 2449 Sed
246 2386 325 2446 de
368 2385 787 2447 sacerdotibus
833 2386 1001 2445 satis.

874 2595 928 2677 ξ.
1017 2598 1076 2656 2.

244 2785 362 2844 His
418 2782 744 2844 succedant
798 2801 960 2842 nunc
1002 2784 1048 2842 ii
1093 2785 1200 2863 qui
1245 2793 1352 2843 aut
1393 2786 1656 2850 somnia.
1675 2786 1860 2845 inter-

27 2916 31 2945 z
82 2885 474 2964 pretabantur
517 2894 625 2944 aut
669 2882 1070 2945 observandis
1117 2886 1373 2944 ostentis
1418 2894 1479 2943 et
1515 2885 1726 2945 avium
1750 2904 1860 2946 vo-

203 3049 267 3109 [3]
304 3059 409 3104 Τοῖς
444 3056 642 3115 ἱερεῦσιν
681 3049 794 3097 aida}
837 3054 914 3096 καὶ
942 3053 1078 3112 τιμὴν
1108 3056 1156 3097 αἱ
1185 3051 1339 3103 πόλεις
1366 3055 1608 3111 νέμουσιν,
1641 3051 1709 3098 ὅτι
1739 3053 1857 3114 ἀγα-

23 3111 25 3138 :
84 3109 150 3154 3&
188 3113 315 3170 κοινῇ
346 3115 485 3157 πᾶσιν
514 3114 742 3157 αἰτοῦνται
769 3116 862 3162 τοῖς
888 3113 1093 3162 πολίταις
1126 3113 1243 3157 Plut.
1276 3127 1329 3154 an
1358 3112 1511 3168 philos.
1543 3127 1579 3155 c.
1611 3114 1752 3168 princ„
1776 3115 1858 3156 III.

85 3185 128 3226 p.
159 3169 228 3212 87.
258 3170 315 3212 Τ.
347 3171 413 3212 12.
450 3172 604 3215 Paullo
643 3170 896 3214 insolentius
925 3171 1223 3214 Artemidorus
1250 3171 1335 3213 III.
1371 3169 1438 3213 13.
1467 3170 1568 3213 268.
1608 3170 1753 3231 ἱερεὺς
1783 3175 1859 3215 καὶ

85 3225 246 3286 μάντις
273 3254 330 3261 —
357 3231 432 3283 τῆς
458 3229 591 3285 αὐτῆς·
618 3234 712 3279 τοῖς
738 3234 864 3279 θεοῖς
890 3227 1164 3288 τυγχάνουσι
1193 3231 1336 3288 τιμῆς.
1397 3229 1485 3271 Sed
1526 3229 1670 3273 bullae
1700 3245 1858 3274 aureae

86 3286 218 3342 digna
248 3287 324 3329 illa
354 3286 424 3329 dei
450 3287 679 3344 Didymaei
708 3287 953 3343 apophasis,
986 3303 1072 3346 qua
1095 3289 1198 3344 jura
1229 3287 1366 3331 stolae
1396 3287 1668 3333 sanciuntur:

330 3356 488 3429 ‘'0⁰⁰⁰'ss
515 3361 560 3410 ἐς
587 3359 809 3437 ἀςηιῆρας
837 3357 1135 3422 ἀτασθαλίῃσι
1164 3358 1287 3405 νόοιο

340 3415 580 3461 (warmunt
608 3417 774 3478 Qe‘Covo'
807 3416 1048 3476 ἀποφώλια
1080 3422 1156 3463 καὶ
1185 3416 1426 3479 γεράεσσιν

1368 3494 1525 3552 17*
