2158 3848
760 208 1333 272 ssLEUSINlA.
1823 196 1936 256 181

159 345 384 402 initiati
427 342 583 400 scire
626 339 954 400 deberent?
1017 338 1273 399 Hiscine
1299 337 1632 418 adstupere
1676 359 1940 421 aequum

162 443 291 503 est?
379 438 668 500 Ceterum
723 438 803 498 de
844 439 1177 500 Eleusiniis
1232 438 1386 498 nihil
1440 439 1747 516 ejusmodi
1799 459 1942 519 pro-

159 542 358 599 ditum
400 541 689 617 legimus,
732 537 898 599 unde
941 539 1240 620 suspicari
1283 538 1495 611 liceat,
1552 535 1941 617 Hierophan-

157 649 249 699 tas
307 649 448 698 ante
503 640 605 700 vel
659 649 806 719 post
857 649 1107 720 peracta
1157 639 1460 700 solemnia
1518 655 1657 697 cum
1712 637 1941 697 adeun-

156 739 319 799 tibus
364 738 442 798 de
484 738 668 800 rebus
720 741 911 800 sacris
967 741 1407 801 sermocinatos
1470 755 1633 811 esse,
1698 749 1943 819 praeter

158 839 324 919 quod
367 840 700 900 Pausanias
760 840 838 899 de
884 840 1118 922 Orphei
1173 850 1236 900 et
1278 839 1542 920 Pamphi
1598 838 1848 915 hymnis
1905 855 1943 895 a

153 940 457 1000 Daducho
483 939 752 1020 quodam
797 941 1105 1020 accepisse
1148 959 1216 999 se
1253 940 1404 999 dicit
1444 937 1554 997 IX.
1581 940 1682 998 27.
1768 937 1942 1018 Ipso-

154 1058 291 1098 rum
347 1059 498 1100 vero
553 1042 938 1100 initiatorum
997 1040 1384 1117 conjecturae
1444 1046 1506 1096 et
1570 1038 1943 1096 sermunculi

154 1139 233 1198 de
286 1141 518 1199 rituum
570 1159 882 1200 sacrorum
948 1130 1495 1218 significationibus
1559 1137 1693 1196 sine
1751 1135 1942 1196 dubio

149 1229 449 1319 perquam
518 1239 752 1302 diversi
817 1240 992 1300 fuere
1046 1257 1164 1320 pro
1231 1239 1524 1317 cujusque
1578 1237 1825 1314 ingenio
1883 1247 1944 1295 et

153 1339 515 1399 eruditione.
605 1340 936 1421 Specinien
964 1339 1223 1421 praebet
1244 1339 1665 1419 PorphyriuS,
1705 1338 1811 1418 qui
1843 1356 1941 1416 ap.

149 1438 375 1499 Euseb.
420 1439 515 1498 Pr.
559 1440 677 1502 Ev.
716 1442 821 1501 HI.
871 1432 1011 1501 117.
1054 1439 1445 1501 sacerdotum
1480 1438 1942 1497 Eleusiniorum

149 1540 430 1600 habitum
475 1549 538 1599 et
579 1541 845 1618 insignia
887 1544 977 1604 sic
1015 1550 1294 1615 enarrat,
1337 1549 1408 1598 ut
1449 1538 1608 1597 nihil
1646 1530 1943 1598 excelsius

152 1642 407 1719 cogitari
431 1642 659 1720 possit;
703 1640 1202 1720 Hierophantam
1246 1641 1421 1699 enim·
1438 1638 1746 1715 demiurgi
1789 1639 1943 1696 ima-

149 1744 352 1819 ginem
395 1750 857 1819 repraesentare
902 1743 1020 1814 ait,
1065 1740 1438 1800 Daduchum
1483 1734 1663 1811 solis,
1706 1723 1944 1817 Epibo-

147 1843 345 1901 mium
388 1842 601 1912 lunae,
644 1839 1124 1917 Hierocerycem
1164 1833 1490 1911 Mercurii,
1546 1847 1781 1896 ceteros
1826 1840 1945 1896 mi-

148 1944 376 2001 nistros
417 1940 738 1999 stellarum
792 1940 1107 1999 minorum
1164 1941 1302 2000 vice
1360 1957 1510 1998 esse.
1597 1937 1792 2017 quue
1837 1937 1943 1996 de-

147 2050 429 2102 cantatur
462 2042 602 2120 Jam
644 2038 882 2101 dudum
937 2039 1015 2099 ab
1071 2030 1388 2100 omnibus
1417 2039 1594 2119 quasi
1639 2037 1942 2117 quaedam

148 2143 500 2202 authentica
534 2142 980 2220 interpretatio.
1067 2141 1200 2215 An,
1244 2142 1391 2221 quia
1416 2128 1637 2198 testem
1671 2139 1942 2198 luculen-

148 2253 282 2302 tum
323 2239 554 2301 habet?
620 2231 708 2299 At
750 2249 844 2300 est
868 2241 1240 2301 levissimus.
1325 2240 1454 2312 An,
1494 2237 1666 2321 ¹quod
1692 2237 1941 2297 aliunde

150 2351 423 2414 constat,
469 2337 709 2400 Cereris
752 2349 815 2398 et
856 2340 1117 2399 Liberae
1161 2359 1336 2400 sacra
1379 2338 1462 2398 ad
1506 2337 1781 2400 siderum
1819 2339 1940 2398 cul-

148 2455 282 2503 tum
311 2439 726 2523 pertinuissect
812 2439 899 2499 At
940 2458 1125 2499 nemo
1171 2441 1298 2500 tale
1341 2438 1678 2518 quidquam
1713 2440 1816 2500 vel
1850 2449 1939 2498 ta-

149 2546 270 2603 cita
310 2542 754 2620 significatione
794 2539 1089 2620 prodidit.
1175 2540 1278 2600 An
1323 2538 1575 2598 demum
1591 2583 1609 2613 ,
1655 2541 1800 2618 quia
1841 2559 1939 2599 res

145 2647 286 2724 ipsa
328 2643 462 2703 veri
505 2641 724 2703 similis
768 2640 1056 2702 videtur'!
1146 2639 1312 2714 Quid
1375 2658 1526 2702 vero
1571 2649 1699 2699 tam
1755 2651 1938 2700 extra

145 2743 331 2803 fidem
398 2751 522 2816 est,
587 2760 771 2822 quam
832 2742 898 2800 in
962 2742 1402 2822 antiquissimis
1464 2733 1936 2801 Atheniensium

147 2843 523 2905 solemnibus
568 2843 924 2920 Demiurgi,
970 2841 1072 2902 dei
1115 2842 1447 2914 Platonici,
1510 2843 1684 2919 cujus
1727 2844 1934 2919 imago

150 2944 317 3004 nulla
358 2945 711 3003 imitatione
754 2929 1031 3023 exprimi
1060 2932 1311 3023 potest,
1354 2959 1480 3000 non
1515 2942 1720 3000 solum
1765 2960 1934 3000 men-

152 3045 378 3104 tionem
421 3044 681 3114 factam‚
736 3042 847 3103 sed
883 3044 1075 3103 etiam
1119 3062 1450 3123 personam
1493 3044 1558 3101 in
1605 3051 1933 3121 conspectu

153 3145 423 3203 omnium
480 3135 768 3224 positam
810 3144 984 3204 esses.l
1073 3141 1502 3203 Confitendum
1570 3153 1663 3203 est
1726 3144 1931 3221 igitur,

152 3246 307 3302 hanc
351 3230 492 3303 'esse
546 3244 983 3321 conjecturam⁴
1012 3246 1278 3304 hominis
1333 3245 1749 3325 spectaculum
1794 3261 1930 3317 my-

150 3345 367 3404 sticum
412 3361 496 3404 ex
538 3363 652 3405 suo
696 3361 879 3404 sensu
921 3346 1383 3427 interpretantis
1400 3389 1417 3420 ,
1483 3343 1646 3405 unde
1701 3351 1931 3419 myste-
