2158 3848
813 177 1266 275 oaruicA.
1805 225 1933 286 627

146 366 279 424 nita
329 373 584 423 naturae
638 360 984 422 mobilitate
1040 369 1103 418 et
1158 363 1460 422 novitatis
1509 365 1717 423 studio
1775 370 1930 431 alias

145 465 419 542 aliasque
476 462 858 541 appetivisse
913 460 1270 537 religiones3
1344 480 1541 542 eoque
1596 468 1928 527 transferre

146 563 352 621 licebit
406 578 562 640 quae
618 560 697 619 dc
748 560 1043 619 Romanis
1098 563 1345 641 scripsit
1398 562 1617 623 Livius
1632 606 1659 636 ,χ
1703 565 1929 625 iisdem

140 681 340 741 prope
393 661 632 723 verbis:
689 658 850 733 Quo
906 661 1225 738 longius
1273 662 1739 726 trahebatur
1783 665 1933 724 bel-

140 761 291 820 lum
347 771 422 820 et
481 762 901 823 variabant
957 761 1343 822 secundae
1388 763 1938 845 adversaeque

138 863 605 923 resanimos
649 863 1074 934 hominum,
1132 873 1352 922 tanta
1395 865 1684 942 religio
1731 875 1803 924 et
1848 885 1932 925 ea

138 979 410 1039 magna
455 982 541 1021 ex
583 971 812 1043 parte
858 972 1179 1020 externa
1225 963 1634 1023 civitatem
1679 967 1931 1025 inces-

137 1063 247 1119 sit
287 1099 374 1107 —-
428 1082 565 1122 nec
599 1064 761 1140 jam
803 1064 884 1120 in
926 1071 1232 1120 secreto
1278 1057 1505 1120 modo
1552 1073 1783 1142 atque
1826 1068 1930 1125 in-

139 1171 256 1220 ter
306 1165 680 1241 ‚parietes
750 1161 1278 1220 abolebantur
1335 1161 1667 1234 Roma-ni
1721 1166 1926 1224 ritus

136 1261 267 1320 sed
325 1264 403 1320 in
459 1262 783 1342 publico
840 1261 1083 1318 etiam
1127 1278 1214 1318 ac
1257 1259 1432 1319 foro
1478 1299 1562 1308 --
1596 1246 1931 1324 *Sacrifi-

137 1362 293 1420 culi
349 1380 432 1437 ac
487 1372 711 1423 vates
759 1370 1131 1441 ceperant
1172 1361 1566 1422 hominum
1612 1372 1927 1438 menteS‚

136 1480 460 1540 quorum
515 1481 919 1521 numerum
976 1463 1199 1522 auxit
1255 1462 1478 1542 plebs
1535 1465 1615 1522 in
1663 1464 1927 1523 urbem

133 1564 533 1643 compulsa
588 1563 657 1622 L.
702 1562 900 1622 XXV.
953 1563 1004 1621 l.
1062 1560 1235 1635 Quae
1281 1565 1493 1622 omnia
1539 1572 1925 1644 quantopere

46 1692 47 1695 ¹
131 1663 197 1720 in
266 1662 676 1723 Athenienses
733 1664 1135 1735 conveniant,
1201 1665 1480 1742 ipsorum
1542 1665 1927 1725 confessione

130 1766 409 1841 patescit.
452 1764 611 1825 Nam
658 1783 844 1843 quum
885 1762 1225 1842 aliquando
1260 1764 1710 1823 consuluissent
1730 1765 1926 1844 Apol-

128 1863 319 1923 linem
363 1865 689 1941 Pythium‚
745 1882 896 1943 quas
940 1865 1338 1942 potissimum
1384 1864 1710 1940 religiones
1758 1868 1926 1925 tene-

129 1973 286 2038 rent,
333 1966 834 2044 accepissentque
871 1982 1037 2036 eaS‚
1082 1982 1275 2042 quae
1311 1972 1573 2023 essent
1604 1966 1681 2023 in
1718 1985 1925 2026 more

128 2068 551 2144 majorum,
605 2073 908 2142 negarunt
963 2083 1030 2122 se
1084 2063 1419 2143 quidquam
1464 2064 1593 2122 hoc
1623 2078 1922 2146 responso

123 2169 366 2247 juvari,
411 2185 585 2225 nam
630 2183 914 2224 morem
959 2163 1342 2241 majorum
1391 2182 1632 2241 saepe
1674 2175 1923 2224 muta-

129 2279 283 2328 tum
330 2285 498 2326 esse
544 2263 668 2325 Cic.
693 2265 873 2342 Legg.
898 2265 973 2322 ΙΙ.
1013 2265 1108 2322 16.
1152 2263 1698 2342 quue-declarant
1733 2268 1921 2337 etiam

131 2367 524 2428 Comicorum
583 2366 1038 2437 cavillationes,
1096 2365 1314 2443 quibus
1375 2364 1523 2423 deos
1570 2369 1923 2444 peregrinos

129 2487 464 2547 eorumque
506 2467 769 2526 cultores
813 2465 1021 2523 fatuos
1046 2466 1374 2522 incessunta
1419 2465 1921 2544 Apollophanem

128 2572 194 2630 in
251 2567 534 2630 Cretibus
558 2568 649 2644 [⁰⁰]
705 2583 992 2642 magnam
1052 2563 1298 2623 turbam
1354 2566 1705 2642 ignotorum
1771 2566 1920 2625 deo..

128 2688 266 2729 rum
322 2685 717 2745 congregasse
772 2665 962 2724 refert
1005 2664 1354 2740 Hesychius
1400 2683 1447 2723 s.
1493 2667 1631 2727 Θεοῑ
1674 2667 1916 2737 ξενικοί.

129 2789 250 2849 quo
294 2771 362 2828 in
404 2757 673 2826 numero
704 2767 955 2826 fuerunt
995 2767 1127 2825 sine
1151 2764 1342 2823 dubio
1368 2765 1690 2837 SabaziuS‚
1735 2783 1920 2843 quem

130 2868 614 2950 Aristophanes
642 2868 1094 2947 peregrinitatis
1162 2864 1485 2927 damnavit
1525 2862 1639 2945 [⁶]‚
1716 2863 1917 2939 Attes,
2007 2930 2013 2933 μ

251 3037 335 3093 [⁶⁴²]
366 3037 575 3081 Fortasse
615 3051 699 3079 non
740 3037 962 3080 fortuitum
992 3039 1061 3079 est
1091 3035 1203 3092 quod
1236 3036 1343 3078 haec
1372 3034 1522 3076 fabula
1552 3047 1645 3076 cum
1674 3033 1916 3091 Euripidea

130 3097 257 3140 titulo
288 3096 498 3151 congruit.

250 3152 316 3214 [d]
351 3154 503 3198 Cicero
542 3154 683 3210 Legg.
727 3152 787 3195 ΙΙ.
819 3151 887 3195 13.
929 3166 1049 3208 quem
1091 3151 1229 3194 locum
1271 3165 1326 3192 ex
1365 3150 1499 3193 Horis
1530 3154 1710 3194 sumtum
1741 3156 1909 3207 putant,

131 3212 245 3255 unde
286 3213 356 3254 hic
395 3218 462 3254 est
501 3226 677 3255 versus:
718 3209 799 3255 τὸν
841 3209 1028 3269 Φρύγα,
1072 3208 1154 3253 τὸν
1196 3208 1443 3265 αὐλητῆρα,
1474 3205 1554 3252 τὸν
1582 3206 1806 3263 Σαβάζιον
1837 3210 1912 3252 Fr.

132 3273 209 3314 VI.
252 3286 336 3327 quo
377 3271 543 3313 nomine
581 3270 763 3314 sabazii
803 3268 945 3312 cultor
983 3268 1224 3326 significari
1253 3267 1451 3320 videtur,
1491 3272 1542 3311 ut
1570 3269 1686 3324 apud
1716 3268 1840 3324 Orig.
1872 3283 1910 3311 c.

134 3331 249 3373 Cels.
292 3330 328 3371 1.
371 3343 411 3385 p.
454 3329 494 3371 8.
535 3329 739 3387 ἐξομοιοῖ
776 3326 879 3376 τοὺς
918 3323 1093 3384 ἀλόγως
1132 3322 1426 3375 πιστεύοντας
1461 3324 1795 3429 ᾕητραγύρταις
1835 3330 1912 3370 καὶ

132 3384 478 3447 τερατοσκόποις
515 3390 721 3446 Μίθραις
770 3400 817 3431 τε
867 3387 1172 3446 (Ιηιθριακοῖς
1223 3383 1421 3430 emendat
1509 3385 1813 3431 emsterhusius
1855 3383 1909 3427 ad

1408 3458 1575 3517 40*
