2176 3886
246 241 331 304 42
831 246 1068 294 mann
1110 248 1421 294 vlumus,

247 378 574 459 Ejusmodi
636 388 839 441 autem
906 384 1394 461 comparationes
1462 380 1855 440 manifestum
1923 388 2018 439 est

244 499 373 540 non
413 479 652 543 exiliter
695 479 776 540 ad
817 481 1077 541 calculos
1120 479 1429 542 vocandas
1482 478 1594 538 sed
1637 499 1712 539 ex
1753 479 2018 539 scriben-

245 582 401 647 tium
442 579 699 645 consilio
743 579 1154 641 aestimandas
1198 599 1346 639 esse.
1441 578 1604 640 Num
1647 580 1781 658 quis
1825 599 1902 638 ex
1943 598 2018 638 eo

244 678 413 760 quod
447 678 896 759 Aristophanes
947 688 1195 761 poetam
1250 679 1639 757 gubernatori
1705 687 2021 759 comparat

244 788 308 839 et
346 780 508 843 hunc
550 778 700 842 dicit
1967 807 1971 811 -

386 890 559 960 ἐρέτην
587 896 776 961 χρῆναι
804 895 985 961 πρῶτα
1007 890 1247 960 γενέσθαι
1277 892 1396 961 πρὶν
1414 891 1684 959 πηδαλίοις
1706 890 1982 959 ἐπιχειρεῖν,

383 968 490 1049 κᾷτ’
519 975 753 1032 ἐντεῦθεν
772 981 1131 1046 πρωρατεῦσαι
1160 977 1243 1029 καὶ
1267 974 1387 1037 τοὺς
1407 974 1622 1042 ἀνέμους
1648 976 1952 1046 διαθρῆσαι,

384 1053 515 1134 κᾷτα
539 1065 789 1134 κυβερνᾷν
811 1059 967 1114 αὐτὸν
988 1059 1153 1134 ἑαυτῷ
1188 1092 1258 1100 —

243 1185 668 1253 argumentum
721 1173 905 1235 ducat
958 1177 1223 1236 Graecos
1280 1183 1404 1234 tres
1449 1175 1834 1234 constituisse
1876 1190 2024 1253 poe·
2134 1235 2139 1237 a

243 1276 402 1334 ticae
443 1273 902 1355 consequendae
943 1274 1206 1354 gradus?
1248 1272 1624 1352 Hujusmodi
1663 1285 1808 1333 sunt
1837 1274 2025 1351 igitur

241 1375 352 1436 illa
394 1376 766 1448 testimonia,
809 1394 965 1455 quae
1007 1394 1122 1455 pro
1159 1375 1613 1434 Eleusiniorum
1648 1375 1847 1435 ,variis
1889 1391 2021 1450 gra-

243 1472 426 1535 dibus
470 1484 532 1534 et
574 1473 894 1535 ordinibus
935 1474 1288 1547 afferuntur,
1333 1474 1537 1538 ἑλικτὰ
1571 1472 1796 1538 κοῦὃὲν
1835 1471 2022 1558 ὑγιὲς,

245 1573 405 1636 ἀλλὰ
443 1581 574 1637 πᾶν
605 1575 794 1656 πέριξ.

410 1670 498 1732 At
538 1672 800 1732 fortasse
842 1689 941 1731 res
982 1673 1072 1731 ita
1116 1681 1470 1750 comparata
1512 1681 1625 1745 est,
1668 1681 1739 1730 ut
1779 1671 2024 1730 etiamsi

241 1771 413 1831 nullo
454 1769 682 1831 idoneo
727 1780 976 1835 auctore
1019 1771 1365 1831 confirmari
1405 1772 1622 1850 possit,
1665 1779 1871 1832 tamen
1913 1789 2026 1850 per

242 1889 310 1931 se
351 1869 579 1930 habeat
621 1869 889 1949 aliquam
931 1869 1472 1949 probabilitatem?
1526 1871 1800 1931 Primum
1842 1871 2025 1929 mise-

240 1989 380 2030 rum
422 1967 688 2041 videtur,
731 1970 798 2027 in
841 1978 1013 2028 tanta
1037 1969 1496 2030 Eleusiniorum
1542 1970 1892 2031 celebritate
1932 1971 2025 2029 rei

243 2078 376 2130 tam
430 2068 756 2146 singularis
798 2067 1108 2128 indicium
1163 2080 1371 2130 extare
1423 2070 1678 2130 nullum.
1779 2067 2024 2129 Deinde

243 2187 492 2228 omnem
546 2167 734 2235 fidem
790 2167 1038 2227 excedit
1051 2211 1069 2242 ‚
1124 2168 1530 2230 Athenienses
1573 2170 1786 2251 paucis
1828 2187 2024 2229 sacer-

242 2267 491 2334 dotibus
546 2275 788 2337 tantum
828 2270 1154 2347 potestatis
1197 2270 1444 2344 fecisse,
1498 2279 1569 2330 ut
1610 2269 1868 2329 deorum
1908 2269 2026 2328 im·

241 2369 600 2428 mortalium
645 2368 1077 2446 augustissima
1117 2388 1375 2429 munera
1428 2371 1496 2430 in
1538 2387 1862 2430 commune
1902 2377 2025 2428 tra-

243 2466 377 2528 dita
418 2467 717 2535 arbitratu
756 2484 872 2528 suo
916 2468 1327 2547 impertirent,
1364 2469 1589 2549 >quibus
1617 2469 1869 2542 vellent,
1909 2468 2023 2528 ho's

243 2567 326 2629 ad
379 2569 676 2628 interiora
728 2584 901 2626 sacra
942 2578 1264 2642 vocarent,
1317 2568 1565 2648 plebem
1605 2567 2024 2643 excluderent3

243 2666 410 2748 quod
449 2668 657 2727 nescio
700 2684 782 2726 an
823 2683 1123 2746 nusquam
1142 2711 1161 2741 ‚
1205 2677 1366 2728 certe
1406 2670 1480 2727 in-
1513 2668 1624 2727 illa
1666 2669 2025 2747 suspicacis-

244 2770 404 2836 sima
458 2777 521 2830 et
573 2766 940 2846 aequissima
994 2769 1243 2828 civitate
1293 2769 1464 2828 nullo
1506 2765 1695 2827 modo
1739 2768 1872 2829 fieri
1912 2783 2026 2847 po}

245 2876 421 2937 terat.
531 2867 616 2926 Et
683 2868 937 2947 quinam
1002 2866 1252 2928 tandem
1304 2867 1400 2927 illi
1454 2876 1628 2927 erant
1679 2868 1863 2945 hujus
1921 2865 2024 2926 de-

243 2968 437 3027 lectus
481 2967 737 3029 arbitri?
780 2966 1008 3028 Callias
1051 2967 1271 3048 aliquis
1315 2977 1422 3027 aut
1461 2967 1718 3039 Archias
1761 2978 1869 3027 aut
1900 2967 2023 3026 Eu-

243 3066 549 3144 rymedon
602 3078 711 3129 aut
763 3067 1153 3142 Theodorus,
1213 3086 1475 3148 quorum
1523 3067 1821 3129 nonnulla
1863 3067 2024 3128 facta

248 3165 576 3235 crudeliter
617 3179 680 3229 et
721 3169 1022 3248 flagitiose
1062 3170 1373 3242 novimus,
1415 3169 1780 3249 sapientiam
1817 3178 2022 3228 autem

248 3286 431 3328 nemo
478 3287 747 3348 unquam
789 3268 1188 3351 praedicavit.
1291 3268 1610 3330 Postremo
1625 3312 1642 3342 ‚
1686 3268 1851 3348 quod
1892 3268 2022 3348 qui-

252 3367 396 3442 dam
456 3369 668 3432 dictmt
726 3390 949 3450 magna
990 3379 1054 3430 et
1095 3389 1288 3450 parva
1332 3370 1631 3447 mysteria
1670 3387 1797 3431 non
1839 3368 2022 3428 aliam
