2158 3848
190 231 315 294 388
709 239 947 284 LIBER
990 232 1416 280 SECUNDUS.

194 374 264 433 E.
327 370 567 458 λέγουσί
607 394 765 438 τινες
810 368 892 436 ὥς
935 363 1142 428 πάντα
1185 362 1313 425 ἐστὶ
1352 361 1432 423 τὰ
1474 357 1813 445 πράγματα
1856 381 1952 442 γι-

193 472 464 559 γνόμενα
506 470 611 532 καὶ
650 464 953 553 γενόμενα
994 462 1098 524 καὶ
1140 459 1541 546 γενησόμενα,
1585 458 1663 521 τὰ
1689 456 1804 540 μὲν
1832 453 1955 538 φύ-

196 594 316 644 σει,
370 571 450 633 τὰ
491 567 559 631 δὲ
602 568 810 646 τέχνῃ,
866 563 946 624 τὰ
990 559 1058 622 δὲ
1111 559 1283 641 τύχῃ.
1371 557 1734 621 Aristoteles
1777 555 1954 614 Polit.

193 671 324 730 VH.
349 669 425 728 ι6.
479 666 622 726 297.
684 650 921 748 ἄγοιθοί
966 685 1035 745 γε
1091 660 1196 721 καὶ
1252 659 1578 722 σπουδαῖοι
1611 656 1956 742 Ιγίγνονται

196 771 301 834 διὰ
356 773 574 849 τριῶν·
634 763 712 824 τὰ
755 760 898 843 τρία
951 758 1022 821 δὲ
1076 757 1274 821 ταῦτά
1332 762 1458 820 ἐστι
1503 755 1721 840 φύσις,
1789 758 1956 826 ἔθος,

195 866 390 952 λόγος.
477 862 651 922 Philo
696 860 774 919 de
816 858 1043 919 Abrah.
1087 877 1146 937 p.
1191 854 1333 916 357.
1378 853 1443 915 C.
1486 854 1671 938 φύσις
1683 902 1704 936 2
1748 853 1961 936 μάθη-

202 974 325 1039 σις,
395 967 677 1042 ἄσκησις,
744 961 818 1030 ἃς
872 960 1061 1048 ἑτέρῳ
1110 955 1373 1039 ὀνόματι
1428 952 1710 1036 Χάριτας
1763 953 1962 1035 ἰσαρί-

195 1071 404 1148 θμους
471 1065 802 1144 ἄνθρωποι
852 1065 1125 1122 καλοῦσι.
1196 1054 1362 1136 quod
1428 1053 1707 1133 pluribus
1756 1051 1963 1127 modis

196 1165 473 1226 variatur
487 1162 576 1242 [Ἴ.
662 1159 1026 1218 Damascius
1085 1154 1331 1229 Quaest.
1391 1174 1438 1212 c.
1482 1152 1776 1216 XXXIX.
1828 1152 1964 1212 107.

198 1263 342 1347 τρία
383 1260 500 1327 οὖν
540 1261 620 1323 τὰ
663 1256 869 1323 πάντα
913 1259 1037 1320 ἀλλ’
1096 1257 1209 1335 οὐχ
1266 1257 1365 1327 ἕν,
1423 1255 1712 1336 ὕπαρξις,
1769 1250 1964 1335 δύνα-

198 1389 301 1445 μις
356 1362 454 1424 καὶ
507 1361 806 1444 ἐνέργεια,
869 1358 1040 1434 cujus
1094 1354 1311 1415 triadis
1367 1355 1576 1412 omnia
1631 1370 1789 1432 quae
1843 1352 1968 1409 sint

200 1461 526 1542 participia
569 1477 729 1532 esse,
774 1455 951 1516 docet
990 1455 1282 1514 Proculus
1325 1455 1392 1512 in
1417 1453 1573 1512 Tim.
1601 1453 1707 1512 ΠΙ.
1742 1451 1963 1529 181.[⁸]

199 1559 300 1620 Ad
354 1559 671 1635 Triagmos
727 1564 932 1615 autem
987 1562 1058 1612 ut
1110 1560 1415 1624 revertar,
1481 1571 1558 1611 ex
1610 1552 1706 1610 his
1765 1561 1970 1610 sumta

198 1667 378 1739 putat
419 1656 736 1732 Menagius
780 1652 861 1713 ad
902 1654 1082 1731 Diog.
1126 1652 1286 1712 vlll.
1330 1652 1388 1711 8.
1432 1650 1575 1712 351.
1619 1669 1775 1731 quae
1816 1649 1970 1709 Tze-

200 1767 331 1817 tzes
376 1753 530 1815 Chil.
554 1755 659 1814 III.
703 1751 797 1813 15.
845 1756 931 1830 (et
973 1753 1201 1813 Pollux
1224 1753 1300 1811 II.
1338 1749 1463 1830 95.)
1508 1754 1720 1811 Ionem
1748 1747 1968 1810 Chium

202 1854 279 1914 de
320 1854 604 1914 Herculis
648 1852 934 1911 dentibus
977 1851 1339 1935 τριστοίχοις
1381 1851 1708 1912 tradidisse
1759 1848 1969 1921 refert3

199 1973 398 2034 neque
448 1951 517 2011 id
571 1954 706 2014 veri
760 1951 1037 2011 absimile
1091 1950 1354 2012 videtur.
1456 1951 1581 2010 Sed
1636 1957 1707 2008 ut
1759 1948 1968 2027 plures

203 2053 344 2111 libri
383 2053 520 2111 Ioni
561 2051 655 2109 illi
696 2051 853 2109 falso
890 2049 1182 2129 adscripti
1224 2060 1393 2124 sunt,
1436 2052 1527 2110 ita
1552 2051 1737 2109 etiam
1760 2047 1971 2124 Triag-

203 2170 339 2211 mos
382 2168 508 2209 non
548 2151 742 2229 ipsius
784 2149 894 2209 sed
936 2149 1227 2230 Epigenis
1270 2149 1586 2228 cujusdam
1640 2166 1772 2207 esse
1807 2143 1973 2223 judi-

206 2251 369 2311 cavit
414 2247 837 2309 Callimachus.
923 2249 1268 2309 Mirabilior
1312 2258 1519 2308 autem
1564 2246 1791 2308 Suidae
1829 2263 1974 2310 nar-

203 2353 393 2422 ratio,
463 2349 888 2427 Triagmorum
941 2358 1252 2410 auctorem
1306 2367 1439 2409 esse
1494 2347 1810 2428 Orpheum
1864 2342 1975 2404 sed

206 2447 328 2508 dici
367 2448 610 2507 Ionem:
659 2449 922 2532 Ὀρφεὺς
968 2452 1198 2534 ἔγραψε
1249 2448 1632 2534 Τριαγμούς,
1694 2447 1971 2531 λέγονται

206 2547 274 2610 δὲ
319 2548 475 2611 εἶναι
502 2550 727 2617 Ἴωνος.
817 2546 968 2620 Quis
1025 2550 1186 2607 enim
1232 2547 1440 2650 creuat
1494 2547 1718 2606 librum
1773 2545 1975 2605 soluta

327 2700 388 2758 [r]
430 2716 474 2745 v.
514 2701 628 2757 Lyd.
660 2700 715 2744 de
745 2700 886 2744 Mens.
915 2716 959 2758 p.
993 2699 1062 2744 19.
1092 2701 1236 2758 Epist.
1267 2701 1506 2757 Pythagor.
1537 2701 1614 2743 IV.
1645 2715 1688 2757 p.
1720 2698 1791 2742 60.
1835 2699 1971 2742 Orell.

208 2763 254 2802 et
295 2773 405 2815 quae
434 2759 584 2802 Astius
613 2758 742 2802 affert
768 2759 814 2801 in
842 2760 946 2802 Vita
975 2759 1169 2802 Platonis
1197 2775 1242 2816 p.
1271 2759 1372 2803 400.
1412 2760 1555 2802 Tria
1584 2760 1715 2800 sunt
1744 2771 1888 2814 quae
1915 2757 1973 2799 in

208 2817 423 2860 homine
462 2817 706 2861 artifice
735 2821 1110 2875 spectantur,
1140 2824 1373 2871 natura,
1398 2818 1695 2870 doctrina,
1727 2830 1852 2858 usus
1882 2815 1971 2858 Au-

208 2875 367 2932 gustin.
401 2875 498 2919 Civ.
528 2874 607 2919 XI.
638 2874 710 2920 25.

324 2948 386 3004 [8]
421 2946 655 2991 Oraculum
684 2946 963 2992 Chaldaicum
993 2946 1107 3004 apud
1136 2946 1336 2991 Damaso.
1367 2947 1533 2991 XLIII.
1563 2962 1608 3005 p.
1642 2946 1740 2991 116.

254 3061 265 3072 ο
377 3008 515 3049 παντὶ
541 3004 630 3065 γὰρ
659 3004 711 3049 ἐν
738 3002 891 3062 κόσμῳ
919 3001 1090 3066 λάμπει
1115 3004 1252 3065 τριὰς,
1281 2998 1333 3062 ἧς
1359 3004 1503 3065 μονὰς
1532 3000 1672 3066 ἄρχει.

210 3061 326 3104 ahud
357 3078 427 3120 ap.
458 3064 600 3107 Procl.
630 3063 676 3106 in
706 3063 844 3107 Alcib.
874 3064 912 3107 Ι.
942 3079 985 3121 p.
1014 3063 1086 3107 52.
1119 3063 1272 3107 Creuz.

379 3117 528 3165 πάντα
557 3119 646 3181 γὰρ
675 3121 726 3166 ἐν
754 3123 872 3182 τρισὶ
899 3122 1050 3167 τοῖσδε
1080 3123 1350 3183 κυβερνᾶταί
1375 3136 1422 3165 τε
1451 3122 1528 3165 καὶ
1558 3122 1652 3166 ἔστι

209 3177 322 3232 quod
362 3178 416 3221 de
458 3180 598 3223 tribus
627 3180 768 3222 causis
797 3181 1074 3237 anagogicis,
1104 3184 1270 3237 πίστις,
1303 3176 1515 3236 ἀλήθεια,
1547 3180 1682 3240 ἔρως,
1713 3180 1971 3237 interpreta-

208 3238 280 3276 tur
307 3234 524 3303 Plotinum
553 3251 733 3294 sequens
761 3239 807 3281 in
837 3239 991 3282 Theol.
1022 3239 1099 3282 IV.
1134 3239 1202 3283 10.
1236 3237 1334 3282 194.
1365 3239 1524 3283 Notior
1542 3243 1608 3281 eet
1634 3239 1744 3281 trias
1767 3239 1971 3284 virtutum

207 3291 546 3349 theologicarum
586 3296 785 3340 Paullina
813 3301 982 3352 πίστις,
1021 3297 1172 3354 ἐλπίς,
1204 3294 1372 3355 ἀγάπη.
1434 3297 1769 3353 quaternarium
1798 3295 1970 3339 conficit

208 3350 473 3409 Porphyrius
509 3354 594 3412 Ep.
638 3355 695 3398 ad
723 3353 917 3399 Marcell.
948 3352 1019 3399 24.
1049 3370 1092 3412 p.
1123 3351 1194 3399 42.
1225 3360 1384 3410 πίστις,
1417 3351 1632 3411 ἀλήθεια,
1663 3356 1796 3414 ἔρως,
1827 3350 1966 3401 ἐλπίς.
