2158 3848
234 203 359 266 366
768 214 1005 259 menn
1049 214 1479 260 SECUNDUS.

233 367 374 410 men
417 344 600 420 illud,
646 345 809 426 quod
855 354 924 405 ut
950 343 1334 425 Apologetae
1370 353 1610 406 veteres
1655 347 2009 423 significant,

231 451 406 531 quasi
450 446 808 509 mortalium
854 463 1109 525 operum
1160 457 1541 524 postremum
1583 445 1840 506 Musaeo
1897 463 2009 504 suo

230 548 589 610 hereditatis
618 547 755 605 loco
791 545 1135 622 relinquere
1161 547 1508 619 constituit,
1554 545 1882 626 Διαθήκας,
1919 547 2010 604 in·-

229 650 496 729 scripsit.
593 645 697 704 Sic
762 644 1119 720 Peregrinus
1187 643 1525 705 Lucianeus
1589 647 1802 727 paullo
1870 654 2011 705 ante

231 767 413 829 quam
458 763 675 823 rogum
723 742 1096 814 ascenderet,
1140 743 1451 825 διαθήκας
1493 747 1669 818 τινὰς
1711 746 1817 809 καὶ
1858 769 2013 827 παρ-

229 850 486 915 αινέσεις
543 843 630 904 ad
682 845 966 904 civitates
1021 842 1480 923 familiaresque
1534 847 1893 926 perscripsit
1937 843 2014 903 de

227 948 408 1007 Mort.
454 945 658 1022 Pereg.
703 943 863 1005 XLI.
911 942 1054 1002 302.
1111 942 1277 1022 quod
1330 943 1494 1003 idem
1558 944 1635 1003 de
1677 944 2011 1024 Apollonio

228 1058 486 1109 testatur
528 1045 936 1105 Philostratus
982 1041 1113 1101 VII.
1159 1040 1260 1102 35.
1306 1043 1449 1103 314.
1518 1044 1827 1124 Lampetii
1869 1045 2014 1105 hae·-

227 1150 403 1209 retici
458 1146 718 1217 librum,
786 1141 1146 1222 Διαθήκην,
1208 1144 1274 1202 in
1330 1145 1805 1205 commentarios
1868 1163 2012 1204 suos

225 1230 481 1329 regessit
523 1246 778 1306 Photius
822 1243 979 1302 Bibl.
1005 1244 1162 1303 LIII.
1215 1245 1309 1303 19.
1395 1243 1514 1304 His
1561 1253 1769 1305 autem
1817 1247 2013 1305 omni-

226 1351 341 1410 hus
388 1358 451 1408 et
483 1355 802 1427 praeterea
829 1343 1069 1404 festivis
1094 1343 1377 1423 Menippi
1420 1342 1754 1423 διαθήκαις
1797 1346 2013 1406 aDio-

226 1467 377 1530 gene
420 1445 778 1508 memoratis
821 1444 1066 1523 ipsique
1104 1443 1366 1502 Grunnii
1411 1440 1776 1504 Corocottae
1821 1454 2013 1505 testa-

226 1559 436 1611 mento
490 1545 727 1605 ludicro
787 1543 1140 1622 exemplum
1197 1542 1442 1602 dedisse
1497 1542 1788 1604 videntur
1841 1554 2012 1606 vete-

224 1670 361 1711 rum
405 1645 950 1729 philosophorum,
994 1642 1378 1716 Aristotelis,
1435 1642 1703 1728 Lyconis
1749 1652 1812 1702 et
1858 1654 2012 1704 cete-

224 1769 433 1811 rorum
478 1746 726 1807 tabulae
782 1762 1139 1825 supremae,
1206 1741 1286 1802 ad
1343 1744 1728 1822 posteritatis
1779 1762 2012 1804 memo-

224 1853 382 1911 riam
427 1849 664 1909 curiose
708 1854 1099 1926 propagatae.
1187 1844 1287 1903 De
1322 1853 1683 1921 argumento
1710 1843 1855 1904 libri
1897 1863 2009 1904 suo
2079 1892 2081 1897 .
2157 1819 2158 1883 ἶ

226 1948 555 2011 dicendum
601 1947 719 2006 erit
760 1946 915 2004 loco.

397 2049 505 2110 IX.
594 2047 884 2109 Δίκτυον.
934 2064 990 2105 v.
1034 2041 1108 2104 N.
1152 2041 1442 2104 XXVIII.
1512 2043 1675 2124 Περὶ
1718 2044 1866 2113 Διὸς
1908 2046 2012 2106 καὶ

225 2153 422 2234 Ἥρας
475 2148 712 2208 nullum
769 2145 889 2207 fuit
943 2144 1249 2221 singulare
1311 2142 1544 2222 Orphei
1602 2161 1847 2203 carmen
1901 2143 2012 2204 sed

225 2269 368 2331 pars
395 2249 806 2327 Theogoniae.
850 2265 915 2318 v.
957 2244 1020 2303 P.
1063 2244 1140 2303 II.
1186 2264 1233 2303 c.
1279 2241 1336 2303 5.

394 2351 474 2411 X.
562 2353 790 2431 Διφυῆ.
834 2365 895 2408 v.
940 2345 1005 2404 P.
1048 2345 1124 2404 II.
1170 2365 1217 2403 e.
1269 2343 1364 2403 16.

393 2451 502 2511 XI.
560 2445 1128 2529 Δωδεκαετηρίὸες,
1204 2447 1396 2530 Ἔργα
1459 2444 1565 2506 καὶ
1629 2444 1893 2527 Ἡμέρας
1947 2452 2010 2502 et

218 2549 643 2635 Ἐφημερίὸες,
677 2610 681 2613 Α
715 2547 794 2606 de
837 2545 1078 2626 quibus>
1105 2552 1347 2605 veteres
1390 2543 1656 2603 Hesi-odi
1710 2544 2008 2623 interpre-

224 2662 318 2712 tes
360 2649 654 2710 indicium
698 2647 927 2719 fecere,
975 2642 1257 2705 Clemens
1301 2651 1510 2702 autem
1553 2653 1615 2702 et
1651 2642 1875 2702 Suidas
1917 2652 2008 2702 ta-

226 2759 383 2825 cent,
425 2750 607 2810 unius
630 2748 834 2829 operis
861 2753 1070 2827 partes
1096 2743 1307 2816 fuisse,
1353 2742 1476 2802 alio
1501 2751 1780 2823 tempore
1804 2751 2006 2802 osten-

226 2850 371 2911 dere
415 2847 698 2910 conabor.

396 2948 536 3009 XII.
613 2943 1101 3033 Επιγράμματα.
1166 2941 1292 3002 Dio
1359 2939 1833 3018 chrysostomus
1902 2941 2004 3002 Or.

226 3049 545 3129 XXXVII.
599 3067 660 3129 p.
710 3046 850 3106 107.
915 3052 1128 3105 auctor
1190 3051 1311 3116 est,
1379 3041 1656 3102 Heroum
1721 3052 2003 3104 veterum

225 3150 643 3211 nobilissimos
699 3167 733 3206 e
791 3143 1083 3206 Colchide
1140 3161 1422 3205 reversos
1478 3139 1756 3202 Corinthi
1823 3140 2037 3202 ludos

229 3251 432 3311 omnis
476 3267 656 3327 gener
756 3246 1120 3319 celebrasse3
1177 3243 1285 3303 ubi
1339 3243 1530 3303 alium
1586 3243 1711 3302 alia
1752 3244 1819 3302 in
1869 3250 2003 3301 arte

231 3351 614 3423 excelluisse,
657 3266 991 3427 B(slrpheum
1035 3342 1295 3418 cithara,
1352 3342 1680 3404 Herculem
1725 3358 2002 3422 pamma--
