2158 3848
292 270 417 331 756
821 279 1056 326 LIBER
1101 281 1535 326 SECUNDUS.

295 415 602 500 σωμάτων
656 415 806 496 πρὸς
861 413 1022 492 ζωὴν
1081 407 1533 489 ἐπιτηδειότητα
1578 409 1899 488 ἀναπνοὴν
1943 432 2053 470 κα-

296 521 451 590 λεῖν,
493 509 604 584 τὰς
647 512 716 575 δὲ
761 513 968 580 ὅλικὰς
1011 509 1321 587 κινητικὰς
1366 509 1562 581 αἰτίας
1609 510 1906 594 ἀνέμους,
1964 504 2056 571 ὧν

294 615 406 679 οῦκ
448 615 531 678 ἄν
572 636 716 674 ποτε
753 610 944 693 χωρὶς
978 613 1043 671 αἱ
1074 609 1319 691 μερικαὶ
1352 608 1709 690 ψυχιόσειαν
1742 610 1819 672 τὰ
1855 605 2058 687 ἐπιτή-

290 713 426 776 δεια
470 709 744 794 σώματα.
832 706 1205 768 Jamblichus
1259 725 1408 769 vero
1451 711 1515 768 in
1557 709 1744 769 Libro
1789 707 1867 766 de
1909 705 2058 765 Ani-

291 831 395 872 ma
449 829 547 891 ap.
605 808 777 870 Stob.
832 807 959 867 ΕοΙ.
1017 807 1121 867 Ph.
1178 808 1224 866 Ι.
1288 828 1333 867 c.
1392 807 1490 868 52.
1550 807 1603 888 ξ.
1659 809 1757 869 34.
1811 807 1956 868 898.
2000 807 2058 867 οἱ

287 910 403 993 μὲν
470 909 624 991 μίαν
692 908 914 973 οὐσίαν
979 916 1085 987 τῆς
1151 914 1355 990 ψυχῆς
1412 910 1668 990 ἀριθμῷ
1722 906 2058 986 τιθέμενοι,

289 1007 673 1092 πληθύοντες
728 1008 798 1072 δὲ
857 1008 1054 1088 αὐτὴν
1097 1007 1194 1089 (ἢ,
1242 1007 1325 1077 ὥς
1361 1009 1624 1089 Ἀμέλιος
1667 1011 1878 1078 οἴεται,
1924 1004 2055 1083 σχέ-

291 1131 421 1173 σεσι
454 1108 560 1172 καὶ
600 1106 1003 1179 κατατάξεσιν
1016 1154 1037 1182 ,
1080 1106 1120 1187 ἢ
1134 1152 1154 1181 ,
1200 1108 1283 1178 ὥς
1327 1110 1385 1170 οἱ
1421 1107 1714 1192 Ὀρφικοὶ
1723 1153 1744 1180 ,
1789 1102 2061 1168 ἐπιπνοί-

291 1234 386 1279 αις
445 1207 566 1270 ἀπὸ
621 1215 728 1288 τῆς
783 1206 950 1288 ὅλης)
1007 1209 1208 1270 ἔπειτα
1265 1209 1667 1288 ἀνασχέοντες
1723 1206 1860 1288 (leg.
1905 1205 2058 1267 ἀνα-

290 1305 754 1387 στοιχειοῦντες)
798 1307 919 1369 ἀπὸ
963 1315 1075 1369 τοῦ
1130 1305 1410 1387 πλήθους
1451 1315 1559 1387 τῆς
1603 1307 1743 1386 ὅλης
1796 1305 1894 1368 ἐπὶ
1945 1302 2057 1382 τὴν

285 1407 441 1490 μίαν
496 1406 706 1488 ψυχὴν
761 1407 1150 1487 ἀποθεμένης
1202 1407 1315 1475 τὰς
1375 1408 1601 1486 σχέσεις
1649 1407 1753 1468 καὶ
1806 1405 1919 1473 τὰς
1975 1406 2058 1470 εἰς

287 1509 494 1590 ἕτερον
553 1502 909 1576 κατατάξεις
969 1505 1074 1567 καὶ
1120 1502 1493 1575 ἀναλύοντες
1537 1505 1659 1567 ἀπὸ
1703 1511 1810 1583 τῆς
1852 1507 1935 1570 εἰς
1976 1500 2054 1562 τὰ

284 1603 721 1689 μεταλαβόντα
763 1604 1115 1688 διαιρέσεως
1132 1602 1206 1686 [k]
1230 1642 1312 1650 —
1340 1613 1636 1688 τηροῦσιν
1680 1602 1876 1682 αὐτὴν
1909 1601 2059 1679 ὅλην

288 1713 610 1785 πανταχοῦ
654 1704 767 1784 τὴν
813 1704 1030 1784 αὐτὴν,
1072 1706 1227 1787 μίαν
1271 1732 1335 1769 τε
1380 1705 1603 1769 οὐσίαν
1647 1705 1803 1784 αὐτῇ
1846 1698 2054 1765 διδόα-

287 1827 348 1869 σι
411 1806 557 1869 καθ’
627 1804 694 1868 ἓν
749 1807 1230 1888 πεπερασμένην.
1335 1805 1460 1866 Sed
1515 1803 1682 1864 idem
1738 1802 1924 1862 etiam
1981 1797 2059 1858 de

282 1905 550 1964 carmine
593 1902 890 1982 Orphico‚
931 1906 998 1963 in
1039 1923 1160 1985 quo
1204 1905 1353 1965 haec
1394 1905 1699 1965 sententia
1741 1901 2062 1982 proposita

286 2014 410 2077 est,
466 2004 755 2063 certiores
797 2020 911 2061 nos
951 2002 1100 2064 facit
1143 2023 1242 2085 ap.
1289 2004 1459 2065 Stob.
1504 2005 1631 2064 Ecl.
1675 2004 1722 2062 Ι.
1767 2000 1865 2062 52.
1909 2000 2052 2061 868.

283 2101 441 2172 τινὲς
486 2102 601 2180 τὴν
645 2102 856 2183 ψυχὴν
899 2103 1020 2165 ὑπὸ
1068 2104 1245 2185 (ἀπὸ)
1288 2113 1402 2168 τοῦ
1447 2102 1889 2187 ἀναψύχεσθαι
1930 2100 2051 2165 ὑπὸ

283 2209 396 2265 τοῦ
478 2208 729 2284 ψυχροῦ
809 2200 1186 2283 ὠνομάσθαι
1253 2204 1709 2287 ἀποφαίνονται
1773 2203 1880 2265 καὶ
1943 2202 2054 2265 τὸν

286 2297 752 2382 ἀναπνεόμενον
829 2301 983 2383 ἀέρα
1063 2303 1274 2385 ψυχὴν
1369 2304 1761 2386 νομίζουσιν,
1858 2303 2053 2385 ὥςπερ

279 2401 685 2482 Ἀριστοτέλης
754 2401 926 2483 παρὰ
992 2403 1274 2485 Ὀρφέως
1343 2407 1410 2466 ἐν
1475 2408 1604 2473 τοῖς
1675 2406 2053 2488 Φυσικοῖς

288 2500 499 2561 ἔπεσι
543 2501 831 2583 λέγεσθαι
872 2500 987 2580 τὴν
1030 2503 1240 2585 ψυχὴν
1274 2503 1357 2573 ὥς
1390 2504 1629 2573 εἶςιέναι
1662 2506 1729 2566 ἐκ
1760 2510 1873 2566 τοῦ
1907 2503 2051 2565 ὅλου

288 2593 730 2660 ἀναπνεόντων
782 2598 962 2678 ἡμῶν
994 2598 1093 2680 [kk]
1150 2604 1497 2685 φερομένην
1543 2603 1668 2666 ὑπὸ
1725 2610 1854 2665 τῶν
1911 2602 2051 2664 ἀνέ-

284 2719 442 2778 μων.
475 2697 673 2758 ’Έοικέ
690 2721 759 2781 γε
800 2698 928 2779 μὴν
970 2699 1003 2760 ὅ
1042 2700 1316 2782 Ὀρφεὺς
1353 2703 1544 2783 χωρὶς
1584 2697 2051 2782 ὑπολαμβάνειν

284 2796 442 2859 εἶναι
506 2795 861 2878 διαιρέσεις,
927 2799 1154 2869 πολλὰς
1213 2799 1282 2861 δὲ
1334 2801 1440 2862 καὶ
1495 2791 1686 2881 μέσας
1738 2799 2051 2869 ἐπιπνοίας

285 2893 586 2974 καθήκειν
642 2896 741 2958 ἐπὶ
793 2896 905 2967 τὰς
957 2899 1250 2981 μεριστὰς
1303 2899 1511 2981 ψυχὰς
1567 2897 1688 2961 ἀπὸ
1746 2906 1852 2978 τῆς
1909 2899 2049 2977 ὅλης

283 3002 502 3075 ψυχῆς.
589 2995 835 3076 Itaque,
890 2995 1055 3077 quod
1096 2997 1463 3075 Pythagorei
1505 2996 1755 3076 docent,
1811 2999 2049 3058 animos

284 3094 526 3153 nostros
583 3115 657 3154 ex
711 3096 1003 3158 universa
1041 3096 1256 3156 mundi
1297 3098 1505 3158 anima
1546 3097 1795 3156 haustos
1839 3106 1902 3156 et
1944 3095 2048 3156 de-

399 3232 466 3291 [k]
498 3235 595 3278 Hoc
624 3241 690 3279 est
717 3235 824 3280 illud
853 3235 1215 3296 ἀναστοιχειοῦν,
1245 3239 1290 3282 in
1321 3239 1531 3282 elementa
1559 3253 1637 3281 sua
1666 3238 1896 3282 resolvere.

401 3292 495 3349 [kk]
527 3294 765 3338 Pronomen
803 3295 884 3339 hoc
924 3297 1190 3340 samblichus
1230 3297 1420 3350 addidit,
1463 3311 1548 3355 quo
1589 3311 1660 3339 res
1698 3296 1868 3355 planior
1894 3296 2046 3348 fieret3

283 3347 481 3452 ‹ggdgote
510 3352 686 3402 εἰςιέναι
725 3367 1115 3412 supervacaneum3
1158 3356 1242 3401 duo
1283 3357 1417 3401 verba
1446 3353 1570 3414 παρὰ
1596 3355 1794 3416 Ὀρφέως
1822 3354 1975 3399 desunt
2001 3353 2046 3395 in
