2158 3848
225 179 351 243 590
760 194 1002 240 mena
1043 193 1476 242 SECUNDUS.

221 342 402 401 num,
447 341 605 407 quae
639 324 782 386 'tum
825 327 1095 385 maxime
1119 318 1353 407 Orphei
1373 327 1647 399 nomine
1690 325 2009 399 clarerent,

220 423 580 506 argumenta
646 424 1036 506 capitulatim
1108 425 1451 487 describere
1519 427 1823 500 voluisse,
1900 426 2014 487 sed

220 537 426 588 utrum
469 527 650 608 plura
691 526 927 586 diversi
971 527 1208 602 generis
1252 507 1542 607 poemata
1586 545 1663 588 an
1701 524 1858 586 illud
1884 527 2012 608 pri-

219 630 486 688 marium
532 642 690 705 opus
734 623 813 683 de
855 643 1063 685 rerum
1106 635 1246 685 ortu
1290 628 1656 708 inscriptum
1683 626 1763 686 ob
1795 627 2011 686 oeulos

218 728 533 799 habuerit,
593 724 921 803 dijudicari
974 725 1085 786 vix
1138 727 1409 806 poterit·
1495 725 1806 800 Quoniam
1861 743 2013 788 vero

220 846 376 907 quae
431 824 802 886 antecedunt
852 825 1194 886 ⁴maximam
1248 822 1480 886 habent
1535 845 1675 886 cum
1731 827 2014 906 Theogo-

218 930 360 988 niae
403 936 764 1005 argumento
808 925 1310 1001 similitudinem,
1366 934 1569 999 cetera
1612 945 1853 1015 quoque
1895 927 2015 987 huc

216 1028 434 1088 referri
476 1027 715 1100 licebit,
801 1028 898 1087 sin
942 1028 1146 1087 minus
1192 1027 1433 1100 omnia,
1520 1036 1683 1086 certe
1723 1021 2016 1108 pleraque

220 1139 283 1188 et
349 1128 618 1187 maxime
685 1127 829 1187 illos
877 1127 1202 1211 χρησμοὺς
1256 1127 1517 1197 Νυκτὸς,
1556 1127 1698 1210 περὶ
1754 1125 2013 1208 Βάκχου

221 1231 528 1302 ἄνακτος,
572 1227 690 1287 hoc
734 1238 828 1287 est
871 1225 950 1286 de
994 1238 1179 1287 sexto
1223 1246 1365 1305 rege
1408 1225 1631 1288 Jovem
1676 1227 2016 1308 subsequu-

218 1339 360 1389 turo
406 1333 493 1411 (v.
539 1326 592 1408 ξ.
638 1328 766 1405 38.)
815 1337 876 1386 et
921 1347 1078 1408 quae
1124 1327 1202 1387 de
1246 1328 1571 1386 hominum
1618 1337 1759 1388 ortu
1802 1328 2016 1389 dicun-

215 1439 319 1489 tur
353 1431 438 1510 (v.
475 1425 529 1508 ξ.
563 1424 694 1507 35.)
740 1416 957 1487 Βτίηιο
989 1427 1239 1508 quidem
1271 1427 1442 1485 Rhea
1481 1445 1616 1486 esse
1639 1427 1894 1490 videtur
1911 1431 2014 1510 [*].

217 1530 586 1607 Terrigenae
641 1527 969 1605 GiganteS,
1043 1529 1148 1606 qui
1210 1545 1286 1585 ex
1344 1525 1536 1586 Urani
1593 1531 1821 1588 exsecti
1876 1548 2015 1590 san-

217 1632 400 1709 guine
441 1629 752 1710 procreati
796 1637 970 1702 sunt,
1027 1629 1129 1690 ἀπ’
1182 1629 1477 1711 Οὐρανοῦ
1522 1626 1858 1704 ἐστοξξαντο
1904 1639 2013 1694 λυ-

216 1731 376 1817 γρὸν
421 1731 664 1812 σπέρμα
707 1736 894 1815 γονῆς
936 1730 978 1787 i.
1023 1748 1075 1788 e.
1122 1727 1515 1788 destillarunt
1557 1747 1595 1787 a
1641 1725 1869 1804 Coele,
1915 1739 2018 1789 te-

217 1840 418 1890 trum
489 1829 576 1888 ab
640 1829 958 1906 inguine
1008 1830 1243 1890 virus.
1342 1829 1442 1888 De
1498 1830 1778 1908 sequenti
1830 1849 2015 1891 versu

219 1941 284 1990 et
342 1931 641 1991 servitute
696 1927 873 1989 Jovis
934 1929 1259 1988 consilium
1318 1948 1442 1988 non
1486 1931 1791 2010 suppetit3
1834 1928 2013 1992 Jovis

218 2029 530 2112 quoddam
622 2029 995 2110 supplicium
1063 2027 1325 2111 indicari
1394 2024 1645 2090 videtur
1713 2030 2015 2090 incestum

216 2132 435 2213 matris
490 2130 846 2192 voluntario
902 2119 1158 2191 servitio
1217 2128 1555 2211 expiantis,
1629 2148 1751 2210 quo
1809 2142 2012 2190 sumto

222 2231 472 2315 λατρεία
541 2228 806 2314 Μητρός
884 2230 1033 2314 (nisi
1097 2229 1259 2289 forte
1328 2229 1602 2313 ἄλιτρεία
1671 2230 2011 2291 violatio

218 2331 636 2413 scribendum)
706 2333 824 2391 erit
890 2331 1157 2391 servitus
1213 2329 1382 2410 apud
1436 2311 1768 2405 Matrem3⁹
1799 2333 1855 2391 si
1908 2332 2014 2391 ille

218 2433 559 2514 μνηστείαν
600 2457 665 2493 τε
702 2430 907 2510 Ζηνὸς
942 2429 1416 2515 ὄρεσσιὸρόμοιό
1450 2433 1512 2492 τ’
1553 2429 1789 2511 dimon]
1822 2434 2012 2512 scrip-

219 2533 437 2605 sisset,
481 2549 667 2590 nemo
712 2531 1007 2590 haereret.
1095 2530 1321 2590 Natam
1369 2550 1444 2589 ex
1486 2533 1721 2590 incestu
1768 2531 1987 2590 Proser

218 2633 432 2714 pinam
492 2630 695 2703 Rhea,
769 2649 926 2710 quae
987 2629 1203 2689 eadem
1266 2641 1359 2690 est
1421 2627 1636 2703 CereS,
1713 2628 2010 2691 adversus

219 2735 418 2813 patris
484 2729 802 2791 libidinosi
866 2728 1124 2789 insidias
1179 2728 1567 2790 vindicatura
1621 2727 2013 2791 abscondidit

223 2834 556 2914 multisque
589 2829 936 2913 praesidiis,
982 2848 1141 2910 quae
1180 2828 1238 2890 N
1242 2849 1439 2889 onnus
1474 2839 1718 2890 enarrat
1753 2831 2005 2890 circum-

221 2935 439 3013 sepsit3
485 2951 606 3013 quo
651 2927 960 3013 pertinere
1003 2930 1269 2990 arbitror
1303 2949 1461 3010 quae
1495 2932 1784 3010 proximo
1824 2950 2005 2991 versu

223 3033 509 3114 dicuntur
554 3034 596 3096 ἅ
638 3034 701 3095 τ’
738 3035 805 3096 ἐν
835 3033 1381 3116 Κυβέλοις.ὄρεσιν
1413 3031 1715 3114 μητίσατο
1750 3030 2031 3115 κούρην»

220 3133 360 3194 Hoc
402 3151 553 3195 vero
599 3135 736 3193 loco
781 3133 1012 3193 nullam
1055 3133 1189 3192 fieri
1225 3132 1304 3192 de
1339 3132 1568 3210 Zagreo
1603 3131 2006 3212 Proserpinae

219 3234 347 3293 filio
391 3236 769 3294 mentionem
807 3234 939 3315 jam
985 3231 1218 3293 dudum
1265 3234 1523 3293 miratus
1557 3249 1783 3292 nomen
1818 3233 2005 3316 Ἡρα-

342 3361 397 3417 [Ἶ
431 3362 616 3404 Terram
647 3359 886 3418 significari
915 3365 1042 3417 putat
1072 3359 1231 3403 Senius
1266 3360 1451 3403 Observ.
1482 3374 1519 3401 c.
1553 3357 1620 3401 18.
1650 3373 1692 3415 p.
1725 3357 1822 3402 181.
