2158 3848
151 183 268 243 104
731 190 969 232 LIBER
1015 188 1322 233 PRIMUS.

148 343 356 386 corum
412 319 667 403 deorum
732 323 978 393 oracula
1022 341 1059 380 a
1100 321 1444 402 Porphyrio
1491 320 1572 380 ad
1618 338 1922 380 commen-

148 421 413 483 dandam
472 421 931 503 philosophiam
1001 420 1452 481 miscellaneam
1507 421 1621 481 vel‘
1673 420 1925 481 collecta

146 523 248 585 vel
293 522 545 583 conficta
588 525 960 603 (quanquam
1004 520 1270 598 abjurat)
1328 538 1586 600 quorum
1627 520 1783 596 nihil
1825 539 1926 580 su-

147 632 381 705 perest,
438 630 683 702 praeter
734 639 919 680 unam
963 628 1237 699 partem,
1282 630 1436 700 quae
1481 619 1736 680 deorum
1782 638 1928 681 evo-

150 723 487 784 candorum
534 721 851 779 scientiam
896 718 1102 777 tradit.
1924 775 1928 778 ,

318 822 532 880 Paucis
577 820 676 878 hic
718 816 1120 899 repetendum
1166 816 1447 904 videtur,
1490 821 1685 899 qualis
1726 822 1794 880 in
1836 821 1932 879 his

151 922 475 998 theurgicis
520 920 780 979 oraculis
818 917 1267 999 praescribatur
1290 919 1669 979 sacrificandi
1691 920 1933 992 modUS‚

150 1041 332 1102 quam
376 1019 663 1098 indignus
707 1019 1124 1099 philosophiS,
1168 1037 1350 1097 quam
1393 1020 1547 1079 nihil
1585 1020 1936 1100 discrepans

152 1120 228 1180 ab
272 1122 406 1179 istis
450 1119 833 1200 plebeJarum
876 1138 1158 1196 sagarum
1213 1121 1576 1199 praestigiis,
1661 1121 1935 1180 Primum

152 1221 366 1297 igitur,
414 1221 518 1298 qui
564 1207 818 1283 deorum
865 1219 1158 1298 adspectu
1204 1230 1266 1278 et
1309 1220 1616 1299 colloquio
1669 1221 1795 1281 frui
1838 1239 1939 1280 cu-

153 1319 438 1400 piebant,
492 1319 1020 1400 purificationibus
1078 1320 1329 1396 magicis
1387 1338 1642 1399 operam
1692 1320 1939 1380 dabant.

155 1419 349 1477 Procl.
404 1420 470 1483 in
523 1420 719 1480 Alcib.
779 1440 840 1499 p.
895 1419 954 1478 9.
1010 1422 1077 1482 ἐν
1117 1425 1254 1488 ταῖς
1294 1427 1560 1490 τελεταῖς
1601 1419 1942 1504 καθάρσεις

154 1521 456 1605 ἡγοῦνται
514 1520 619 1580 καὶ
675 1516 1148 1600 περιῤῥαντήρια
1206 1519 1311 1580 καὶ
1366 1519 1662 1604 ἄγνισμοὶ
1702 1528 1834 1585 τῶν
1875 1525 1943 1584 ἐν

160 1617 524 1699 ἆποῤῥήῖοις
569 1618 913 1699 δρωμένων
956 1618 1062 1679 καὶ
1101 1625 1210 1695 τῆς
1252 1626 1365 1680 τοῦ
1410 1623 1566 1682 θεοῦ
1593 1622 1942 1702 μετουσίας.

161 1717 520 1796 Suffimenta
563 1728 770 1777 autem
814 1715 981 1775 haud
1025 1716 1306 1793 vulgaria
1348 1718 1458 1778 illa
1493 1731 1675 1780 *erant
1717 1721 1827 1781 sed
1858 1722 1947 1782 la-

159 1816 409 1898 pidibus
464 1816 788 1895 herbisque
841 1818 1121 1894 magicis3
1174 1817 1393 1896 hisque
1436 1818 1759 1897 adJunctae
1803 1821 1948 1882 deo*-

162 1936 298 1975 rum
355 1901 717 1997 superorum
773 1927 845 1985 et
887 1917 1225 1975 inferorum
1283 1917 1774 1996 obsecrationes,
1816 1942 1944 2000 gra-

164 2036 392 2095 vesque
437 2018 942 2076 comminationes
986 2019 1199 2075 infima
1227 2016 1619 2095 sublimandi,
1661 2022 1953 2101 sublimia

164 2115 514 2190 infimandi3
586 2126 718 2176 tum
789 2116 1143 2178 divinarum
1208 2128 1586 2196 potestatum
1649 2133 1836 2184 notae
1891 2135 1953 2184 et

168 2218 371 2293 signa,
430 2217 564 2277 sive
622 2235 778 2294 quae
821 2218 914 2275 illi
957 2227 1184 2278 vocant
1228 2219 1606 2301 συνθήματα
1652 2232 1715 2281 et
1748 2250 1953 2308 χαρα-

167 2325 400 2398 κτῆρες,
447 2315 528 2374 ad
571 2318 719 2375 artis
763 2319 1210 2398 praescriptum
1235 2317 1536 2399 disposita
1549 2342 1564 2396 3
1610 2341 1720 2383 nec
1743 2324 1951 2387 rhom-

172 2416 283 2473 bus
340 2414 586 2488 aberat,
641 2427 819 2475 vetus
873 2417 1032 2476 illud
1077 2418 1334 2479 deorum
1379 2421 1818 2486 eliciendorum
1861 2428 1954 2486 in-

172 2523 603 2587 strumentum,
648 2518 926 2591 mysticis
972 2516 1311 2597 disciplinis
1347 2522 1646 2596 initiatUS,
1688 2544 1801 2586 nec
1822 2547 1957 2597 cae-

174 2622 342 2672 terae
394 2613 766 2674 daemonum
826 2616 1164 2676 illecebrae.
1264 2617 1406 2678 Jam
1452 2623 1688 2683 coelum
1732 2628 1959 2703 nigres-

164 2733 342 2787 cere,
398 2724 560 2774 terra
601 2715 975 2776 horrendum
1023 2729 1397 2778 contremere
1416 2721 1530 2803 [¹¹],
1567 2724 1700 2801 jam
1744 2726 1958 2803 igneae

180 2857 298 2898 culas
328 2856 464 2901 edidit
495 2859 693 2914 quodque
723 2859 850 2902 etiam
880 2874 991 2902 nunc
1020 2862 1236 2916 reperitur
1263 2862 1307 2904 in
1337 2863 1537 2908 Damaso.
1571 2866 1754 2917 Quaest.
1786 2884 1828 2927 p.
1854 2869 1955 2915 350.

180 2918 224 2957 οἱ
252 2912 510 2975 τελετάρχαι
540 2919 830 2973 συνείληπται
858 2924 951 2968 τοῖς
980 2923 1233 2976 συνοχεῦσι,
1265 2936 1403 2977 neque
1434 2938 1460 2965 a
1490 2924 1724 2970 Zoroastre
1755 2929 1959 2985 scriptum

181 2978 248 3014 est
277 2979 414 3030 neque
444 2976 500 3017 ab
530 2977 623 3031 ejus
651 2976 901 3034 interprete,
932 2979 1007 3019 sed
1038 2977 1354 3036 συνδιήρηνται
1383 2982 1526 3025 Procl.
1555 2983 1711 3030 Theol.
1735 2987 1812 3031 IV.
1834 2989 1957 3032 c.39.

182 3028 284 3073 240.
316 3040 467 3089 estque
497 3035 580 3077 hoc
608 3037 784 3078 verbum
815 3039 1017 3093 frequens
1046 3026 1295 3080 Platonicis.
1328 3042 1383 3083 cf.
1416 3041 1469 3085 L.
1500 3042 1577 3085 VI.
1610 3041 1709 3088 393.
1742 3045 1842 3090 399.
1873 3052 1957 3090 etc.

302 3104 378 3162 [Π]
412 3106 646 3151 Oraculum
670 3109 956 3167 'Chaldaicum
983 3111 1141 3154 Pselli:

414 3162 639 3215 Πολλάκις
667 3164 722 3222 ἢν
751 3169 875 3224 λέξης
906 3185 1007 3226 aot,
1040 3167 1254 3226 ἀθρήσεις
1282 3169 1408 3215 πάντ’
1443 3170 1681 3245 &gaborum

419 3221 526 3267 οὐδὲ
555 3223 644 3283 γὰρ
674 3209 1070 3288 0139c21r1b9¹2v91b3
1089 3225 1187 3271 τότε
1219 3235 1431 3287 φαίνεται
1460 3228 1608 3290 ὄγκος,

420 3280 600 3340 ἀστέρες
630 3283 683 3326 οὐ
714 3281 958 3343 λάμπουσι,
989 3285 1037 3330 τὸ
1067 3284 1210 3345 μήνης
1242 3291 1341 3346 φῶς
1369 3286 1655 3346 κεκάλυπται,

409 3337 545 3394 χθιὶν
576 3340 658 3397 οὐχ
688 3343 883 3400 ἕστηκεν,
917 3347 1130 3402 φλέγεται
1162 3346 1217 3391 δέ
1241 3361 1288 3390 τε
1319 3344 1465 3391 πάντα
1496 3355 1739 3408 κεραυνοῖς.
