2158 3848
255 195 378 257 138
840 203 1077 247 munst
1119 203 1430 247 PRIMUS.

248 354 509 416 rumque
552 334 808 395 deorum
851 336 985 397 sive
1027 337 1235 415 potius
1263 334 1610 415 principum
1634 329 2019 391 Cretensium

248 439 472 498 itinera
514 444 576 496 et
618 434 910 495 beneficia
941 435 1229 495 Euemeri
1270 433 1555 515 penicillo
1594 430 1854 511 depicta.
1902 428 2023 502 Qui

252 550 441 619 quum
488 534 728 596 vJovem
780 536 986 613 ipsum
1044 536 1110 593 in
1169 535 1402 614 oppido
1449 534 1657 592 Gnoso
1715 530 2022 610 sepultum

250 658 384 701 esse
436 632 759 699 tradiderit
815 633 1073 695 Lactant
1113 633 1160 693 Ι,
1210 633 1304 692 ll.
1346 635 1444 694 46.
1490 633 1645 693 nihil
1686 630 1842 690 mihi
1884 647 2023 709 pro-

251 737 512 800 babilius
568 732 845 805 videtur,
906 749 1093 811 quam
1138 733 1499 792 cerimonias
1544 733 1790 792 tetricas
1833 738 1895 788 et
1937 729 2025 788 fe-

248 838 439 907 rales,
495 833 714 913 quibus
771 832 991 893 Gnosii
1047 829 1231 889 deum
1289 832 1466 892 illum
1508 833 1826 912 placarent
1841 825 1912 910 [b]
1959 830 2025 887 in
2128 870 2129 877 κ

251 953 435 998 causa
499 933 721 1006 fuisse,
790 950 894 992 cur
965 930 1155 1009 aliqui
1209 927 1357 991 Jovi
1415 940 1660 988 mortuo
1715 929 2027 1010 parentari

250 1034 591 1107 crederent;
654 1031 838 1112 idque
904 1031 1037 1091 sine
1104 1029 1293 1090 dubio
1360 1028 1677 1089 Diodorus
1730 1029 2028 1108 respexit,

250 1154 438 1217 quum
481 1153 558 1198 ex
601 1133 974 1195 Gnosiorum
1017 1132 1328 1192 sacrificiis
1370 1129 1632 1210 publicis
1671 1127 1842 1189 idem
1865 1125 2031 1207 quod

247 1236 515 1313 aliorum
567 1233 880 1309 mysteriis
921 1232 1178 1309 intelligi
1223 1230 1480 1303 diceret,
1525 1228 1818 1291 videlicet
1859 1225 2029 1298 deos,

246 1337 353 1416 qui
394 1343 784 1416 putarentur,
827 1333 1108 1393 homines
1151 1332 1359 1391 fuisse.
1443 1328 1635 1409 Atqui
1674 1337 1894 1390 notum
1938 1335 2032 1385 est

243 1437 406 1501 hanc
445 1433 738 1498 Euemeri
780 1432 1146 1493 sententiam
1186 1450 1313 1491 non
1355 1429 1527 1509 vulgi
1569 1429 1770 1489 solum
1792 1426 2030 1506 judicio

247 1534 360 1598 sed
403 1531 829 1597 communibus
889 1531 1019 1592 fere
1061 1530 1362 1609 suffragiis
1403 1530 1772 1590 insolentiae
1815 1536 1878 1587 et
1917 1528 2030 1587 im-

244 1634 496 1717 pietatis
552 1631 910 1695 damnatam
965 1647 1114 1691 esse.
1202 1630 1494 1712 Sequitur
1537 1647 1680 1707 ergo
1694 1672 1712 1703 ,
1758 1647 1832 1688 ea
1875 1645 2032 1706 quae

136 1765 142 1773 x
247 1754 287 1794 a
344 1731 636 1798 Cicerone
687 1733 769 1796 in
822 1732 1228 1807 mysteriis
1272 1731 1476 1792 tradi
1521 1729 1837 1802 dicuntur,
1905 1744 2032 1787 non

246 1832 818 1912 Hierophantarum
861 1849 993 1893 esse
1037 1831 1220 1893 effata
1261 1831 1374 1891 sed
1414 1831 1738 1891 hominum
1761 1828 2032 1889 acutulo-

247 1952 387 1996 rum
430 1934 990 2012 interpretamenta.
1052 1929 1202 2003 Quis
1248 1934 1412 1991 enim
1455 1931 1841 2011 publicarum
1886 1930 2032 1988 ceri-

247 2033 596 2094 moniarum
632 2032 936 2091 antistites
972 2032 1040 2090 in
1067 2040 1373 2093 conventu
1396 2032 1678 2092 maximo
1705 2049 1779 2089 ea
1803 2028 2033 2088 dixisse

247 2140 457 2212 putet,
520 2148 675 2210 quae
731 2149 921 2210 quum
965 2131 1305 2194 Euemerus
1350 2130 1606 2193 dixisset
1647 2132 1926 2210 impurus
1972 2138 2034 2188 et

246 2233 478 2311 impius
539 2232 816 2294 omnium
869 2231 1236 2314 religionum
1294 2230 1492 2291 hostis
1541 2229 1855 2308 judicatus
1900 2227 2032 2289 est‘!

246 2326 390 2393 Huc
431 2330 693 2392 fortasse
737 2333 928 2395 etiam
970 2330 1128 2393 illud
1170 2331 1386 2394 referri
1429 2330 1639 2405 debet,
1698 2328 1865 2410 quod
1907 2329 2034 2389 Au-

249 2432 525 2507 gustinus
583 2432 687 2491 IV.
744 2431 843 2492 31.
900 2451 939 2493 a
979 2431 1254 2493 Varrone
1299 2430 1529 2494 dictum
1572 2431 1788 2491 refert:
1839 2429 2036 2491 multa

252 2548 383 2592 esse
426 2548 610 2609 *quae
674 2548 802 2590 non
870 2529 1060 2593 modo
1115 2531 1304 2607 vulgo
1358 2533 1513 2591 scire
1567 2549 1693 2591 non
1749 2532 1832 2592 sit
1883 2530 2036 2590 utile

252 2627 364 2691 sed
405 2631 610 2704 etiam,
651 2631 901 2690 tametsi
942 2630 1099 2694 falsa
1139 2632 1295 2702 sint,
1338 2629 1517 2689 aliter
1558 2630 1860 2708 populum
1900 2629 2035 2688 exi-

252 2730 503 2791 stimare
547 2728 864 2809 expediat,
922 2739 983 2793 et
1023 2728 1166 2791 ideo
1215 2728 1483 2790 Graecos
1525 2729 1742 2789 teletas
1786 2748 1858 2789 ae
1899 2746 2034 2806 my·

253 2830 443 2888 steria
484 2831 902 2891 taciturnitate
947 2838 1009 2888 et
1049 2827 1387 2908 parietibus
1433 2829 1738 2891 clausisse.
1822 2829 1895 2888 In
1938 2846 2035 2887 sa-

255 2930 390 3002 cris,
433 2928 662 3008 quibus*
687 2930 955 3010 populus
988 2929 1329 3002 interesset,
1374 2930 1656 3010 exposita
1684 2945 1834 3000 esse,
1878 2946 2036 3007 quae

256 3028 442 3104 vulgo
488 3021 811 3093 scire‘lnon
852 3027 1236 3104 conduceret,
1276 3029 1447 3090 nullo
1491 3027 1680 3089 modo
1727 3026 1894 3087 credi
1924 3046 2034 3108 po-

257 3136 405 3201 test3
450 3127 559 3186 sed
603 3138 733 3189 erat
774 3131 922 3189 haec
955 3128 1248 3189 Varronis
1296 3131 1593 3210 opinatio,
1635 3127 1857 3187 ritibus
1901 3146 2032 3203 my—

259 3229 424 3289 sticis
467 3228 573 3291 vel
614 3248 820 3291 rerum
862 3229 1230 3290 naturalium
1274 3227 1730 3292 vicissitudines
1783 3228 1886 3289 vel
1928 3245 2032 3289 ve·

379 3352 439 3412 [b]
473 3356 540 3399 De
570 3334 785 3401 sacrormn
815 3357 1052 3402 lustralium
1083 3362 1129 3402 et
1160 3358 1395 3402 funebrium
1426 3356 1700 3401 similitudine
1730 3356 1833 3400 alibi
1853 3354 2029 3398 dicetur.
