2176 3886
781 233 1356 282 ELEUSINIA.
1874 226 1957 288 43

188 375 269 434 ob
323 389 569 432 causam
607 371 942 431 ‘nominata
995 386 1160 441 esse,
1215 384 1399 447 quam
1430 367 1618 446 ‚quod
1670 369 1832 430 haec
1860 387 1960 439 res

185 474 442 534 minoris
501 472 798 532 momenti
852 479 914 529 et
967 468 1142 548 quasi
1173 468 1386 546 >prima
1427 467 1728 531 elementa
1770 473 1963 532 conti-

184 581 431 645 nerent,
484 573 594 631 illa
646 579 851 630 autem
905 570 972 629 in
1015 567 1444 648 explicatione
1462 587 1680 631 merum
1723 572 1962 646 gravio..

183 691 323 732 rum
376 682 794 745 versarentur,
846 687 975 730 non
1026 669 1380 729 meminisse
1422 666 1729 741 videntur,
1771 670 1963 735 etiam

186 770 601 853 Quinquatrus
632 770 1107 831 minusculas
1142 767 1283 841 dici,
1327 777 1390 830 et
1410 767 1713 841 Daedala,
1748 767 1966 845 Olym-

182 873 308 952 pia,
351 872 780 931 Panathenaea
821 869 1123 950 quaedam
1164 870 1406 928 minora
1448 869 1572 929 alia
1597 877 1804 931 autem
1830 887 1964 937 ma-

175 973 349 1050 jora,
405 981 517 1032 aut
569 973 714 1052 quia
766 972 937 1050 prius
991 971 1276 1031 instituta
1329 979 1531 1033 essent
1583 979 1691 1029 aut
1741 971 1886 1049 quia
1928 987 1966 1029 a

183 1070 463 1152 pluribus
506 1080 570 1132 et
612 1090 750 1132 cum
794 1071 1028 1149 majore
1072 1076 1372 1148 apparatu
1418 1068 1881 1137 celebrarentur.

973 1279 1027 1361 §-
1114 1280 1174 1340 6.

311 1466 570 1528 Sublato
595 1467 926 1528 esotericae
951 1475 1014 1529 et
1040 1466 1393 1526 exotericae
1418 1464 1732 1535 doctrinae
1755 1463 1968 1525 discri-

183 1568 350 1627 mine
407 1570 607 1628 omnis
663 1586 804 1648 spes
860 1566 1126 1631 tuendae
1169 1569 1607 1642 mysteriorum
1652 1565 1967 1644 dignitatis

184 1667 530 1746 abjicienda
571 1677 681 1729 est.
768 1666 892 1740 Qui
934 1670 1099 1727 enim
1140 1668 1273 1726 fieri
1315 1656 1556 1746 potuit,
1599 1675 1670 1725 ut
1712 1675 1966 1746 quotan-

184 1770 282 1827 nis
324 1769 522 1828 multa
553 1768 751 1828 millia
780 1768 1101 1828 hominum
1135 1767 1245 1826 illa
1276 1766 1581 1838 audirent,
1619 1783 1777 1843 quae
1816 1765 1969 1824 San-

184 1869 420 1927 crucius
474 1877 538 1926 et
591 1869 775 1927 ceteri
831 1867 1291 1947 Hierophantas
1346 1864 1676 1926 tradidisse
1728 1873 1968 1944 putant,

184 1969 332 2048 quin
385 1976 495 2026 aut
536 1968 797 2028 veritate
839 1985 1053 2027 eorum
1095 1975 1418 2047 perspecta
1458 1965 1815 2043 vulgaribus
1867 1983 1970 2025 su-

184 2066 649 2148 perstitionibus
681 2069 748 2126 in
778 2077 1150 2148 perpetuum
1182 2066 1610 2126 renunciarent
1641 2075 1826 2146 atque
1845 2085 1971 2130 non

184 2167 434 2226 nomine
500 2165 611 2226 sed
673 2186 741 2225 re
803 2165 1135 2231 Christiani
1187 2168 1432 2239 fierent,
1470 2175 1596 2226 ‚aut
1649 2185 1776 2225 nnn
1830 2186 1968 2246 per-

186 2275 395 2346 specta
448 2265 794 2327 sacerdotes
850 2276 1280 2328 execrarentur
1323 2266 1581 2325 deorum
1626 2265 1970 2344 patriorum

189 2366 418 2426 cultum
464 2376 526 2426 et
568 2366 885 2441 honorem,
927 2367 1370 2446 religionesque
1413 2385 1451 2424 a
1480 2365 1820 2442 majoribus
1848 2375 1971 2424 trau

187 2464 363 2527 ditas.-
406 2465 653 2527 abolere
707 2466 928 2527 ausos?
983 2467 1307 2526 Praeterea
1326 2493 1329 2496 ·
1347 2483 1474 2524 non
1515 2466 1582 2527 in
1623 2463 1833 2525 Attica
1871 2483 1972 2530 so-

185 2565 318 2626 lum
359 2565 471 2625 sed
502 2568 687 2628 etiam
724 2567 988 2649 Spartae
1021 2567 1279 2627 Pausan.
1314 2566 1420 2625 III.
1454 2566 1555 2626 20.
1596 2565 1974 2647 Megalopoli

187 2664 350 2726 VIII.
407 2665 508 2726 31.
564 2667 731 2749 apud
785 2668 1122 2731 Pheneatas
1177 2666 1339 2728 VIII.
1399 2665 1495 2726 14.
1553 2674 1617 2725 et
1669 2666 1994 2742 Phliasios⁸

185 2766 264 2826 II.
301 2764 398 2826 14.
441 2766 758 2833 Eleusinia
800 2767 1279 2843 celebrabantur,
1321 2765 1540 2829 eodem
1586 2784 1707 2846 quo
1750 2765 1863 2825 illa
1889 2766 1971 2824 ri-

188 2876 292 2940 tu,
346 2884 544 2947 neque
589 2868 717 2930 -fuit
769 2870 949 2930 facile
1005 2868 1150 2930 urbs
1205 2869 1417 2950 paullo
1473 2866 1771 2946 amplior,
1817 2883 1972 2946 quae

184 2984 316 3026 non
367 2967 473 3029 vel
526 2965 764 3031 Cereris
818 2989 890 3032 ac
930 2969 1191 3037 Liberae
1244 2970 1348 3031 vel
1403 2969 1667 3030 aliorum
1713 2963 1972 3030 deorum

192 3069 489 3143 mysteria
526 3068 797 3130 haberet.
839 3091 899 3134 v.
941 3070 1188 3152 Dupuis
1232 3070 1296 3130 P.
1342 3070 1388 3129 I.
1433 3067 1502 3127 T.
1530 3066 1634 3126 IV.
1667 3086 1728 3147 p.
1760 3063 1862 3130 35.
1884 3085 1971 3146 sq.

195 3165 460 3229 Meiners
487 3170 567 3230 ‚in
610 3166 848 3233 Comm.
892 3170 1201 3249 Goetting.
1247 3170 1316 3230 T.
1347 3167 1687 3229 XV1.236.
1733 3167 1972 3228 Sainte-

199 3268 367 3327 croix
409 3269 479 3330 Τ.
521 3271 598 3331 Π.
642 3291 703 3352 p.
745 3270 1037 3334 20—50.
1095 3272 1212 3331 Est
1252 3271 1436 3348 igitur
1478 3267 1820 3343 fatendum,
1864 3274 1972 3326 aut

198 3367 347 3428 haec
403 3372 610 3432 omnia
666 3371 956 3435 docendis
1011 3370 1361 3433 hominibus
1423 3380 1484 3431 et
1525 3369 1607 3431 ad
1648 3370 1970 3447 veritatem
