2158 3848
258 147 378 210 176
842 160 1078 207 muna
1120 161 1425 207 PRIMUS.

251 291 492 353 ducus
584 290 896 373 effigies
983 296 1064 356 in
1144 312 1428 376 pompa
1519 296 2014 374 antiquorum

249 394 459 453 inter
526 403 828 454 ceteras
897 394 1374 455 ridiculosas
1430 393 2020 455 formidolosas-

249 511 391 573 que
451 495 566 552 ire
616 493 875 552 solita.
973 493 1066 553 Ac
1118 495 1229 554 tali
1283 494 1551 575 quodam
1607 493 1795 554 modo
1852 502 2022 555 vete-

246 613 347 654 res
414 613 655 674 quoque
722 590 1081 665 Christiani,
1178 594 1272 654 illi
1341 594 1676 655 admodum
1747 594 2020 672 antiqui,

249 692 660 755 Calendarum
735 691 1113 750 solemnibus
1181 711 1376 772 paene
1439 712 1631 774 usque
1701 692 1783 752 ad
1861 694 2023 751 insa-

243 795 413 853 niam
463 792 747 852 lascivire
801 790 1110 869 solebant,
1164 793 1427 865 vitulos,
1483 794 1762 856 cervulos
1805 792 2025 851 hinnu—

241 893 456 972 losque
523 891 814 951 facientes
882 909 1020 951 cum
1074 909 1316 951 summa
1370 892 1574 969 legum
1627 903 1902 954 veterum
1921 893 2021 973 [¹¹¹¹]

244 1002 307 1053 et
373 1010 678 1055 novarum
737 991 979 1068 injuria.
1095 990 1369 1050 Libellus
1423 989 1683 1050 Abbatis
1725 993 2027 1053 Firmiani

246 1093 325 1154 de
370 1093 533 1172 Sing.
577 1092 712 1152 libr.
756 1109 969 1151 canon.
1012 1110 1074 1171 p.
1119 1090 1261 1150 281.
1308 1091 1377 1151 T.
1421 1090 1589 1151 XIII.
1643 1091 1803 1151 Gall.
1863 1092 2028 1152 Ser-

252 1194 480 1256 vulos
553 1202 687 1252 aut
773 1191 1191 1253 vehiculas
1271 1192 1348 1267 in
1439 1190 2030 1270 quadragesima

255 1295 386 1358 vel
455 1292 671 1353 aliud
740 1302 1041 1372 tempus
1101 1292 1351 1351 nolite
1406 1290 1816 1366 ambulare.
1915 1290 2030 1350 Vi-

253 1397 322 1457 ri
374 1403 642 1457 vestes
697 1392 1115 1465 femineas,
1187 1392 1524 1452 feminae
1591 1402 1858 1454 vestes
1923 1393 2029 1452 vi-

255 1494 444 1556 riles
498 1494 575 1552 in
630 1494 832 1572 ipsis
891 1489 1261 1552 Calendis
1316 1492 1441 1553 vel
1496 1494 1574 1551 in
1640 1493 1798 1553 alia
1862 1491 2033 1551 lusa
2086 1505 2089 1507 ’

255 1612 477 1676 quam
546 1593 888 1674 plurima
954 1592 1205 1650 nolite
1276 1593 1590 1651 vestire.
1700 1592 2031 1666 Faustinus

254 1695 464 1776 Episc.
521 1692 624 1753 Or.
679 1711 778 1772 ap.
831 1690 1112 1752 Bolland.
1169 1690 1237 1750 T.
1295 1692 1342 1750 I.
1397 1711 1459 1772 p.
1504 1692 1562 1753 3.
1618 1693 1787 1773 quis
1832 1691 2030 1752 enim

256 1793 582 1856 credere
661 1793 989 1872 poterit,
1066 1792 1418 1855 inveniri
1495 1793 1836 1873 aliquos,
1903 1791 2033 1871 qui

206 1952 217 1965 ,
258 1893 653 1957 cervulum
708 1891 1098 1951 facientes·
1147 1894 1226 1951 in
1278 1892 1616 1952 ferarum
1659 1910 1736 1953 se
1778 1891 2032 1953 velint

255 1993 572 2056 habitus
614 1990 940 2074 mutari?
982 1990 1150 2051 Alii
1193 1996 1645 2053 vestiuntur
1685 1991 2032 2072 pellibus

255 2092 660 2177 pecudum,
740 2090 884 2150 alii
949 2101 1349 2150 assumunt
1418 2094 1682 2173 capita
1748 2092 2034 2163 bestia-

250 2191 701 2255 rum—viri
744 2191 1030 2250 tunicis
1065 2190 1581 2252 muliebribus
1618 2191 2030 2273 utuntur-[⁰]

250 2314 406 2376 quae
459 2292 670 2353 omnia
725 2309 764 2351 a
818 2289 1199 2351 solemnibus
1240 2291 1552 2372 paganicis
1570 2293 1642 2370 [Ρ]
1687 2291 1795 2372 pia
1837 2300 2034 2352 mater

371 2463 464 2520 [1111]
496 2461 659 2518 Legem
687 2460 934 2504 vestiariam
963 2460 1141 2502 Denter.
1170 2459 1266 2503 XX.
1297 2458 1340 2503 5.
1367 2461 1634 2504 illustrandis
1667 2462 1933 2504 Graecorum
1962 2461 2030 2504 in-

251 2520 440 2626 §lt'ifuxtfilst
454 2519 869 2635 agglibestqiaomeier.
907 2519 962 2561 de
989 2518 1182 2562 Lustrat.
1223 2517 1387 2561 Gentil.
1417 2534 1454 2562 c.
1485 2518 1556 2562 34.
1586 2519 1685 2563 436.
1716 2521 1772 2563 cf.
1800 2521 2030 2577 Bingham.

370 2655 434 2711 [⁰]
466 2655 522 2697 cf.
562 2651 725 2695 Asterii
764 2649 922 2694 Homil.
960 2649 1006 2692 in
1043 2648 1167 2692 Test.
1209 2648 1302 2691 Cal.
1343 2663 1384 2706 p.
1425 2647 1522 2691 591.
1567 2649 1622 2692 E.
1665 2651 1722 2693 T.
1759 2650 1881 2692 XHI.
1911 2649 2026 2693 Bibl.

250 2713 380 2770 Bign.
410 2712 604 2769 aliosque
630 2711 750 2753 locos
779 2723 849 2766 ap.
879 2707 950 2750 Du
980 2708 1118 2764 Cang.
1151 2707 1295 2750 Gloss.
1324 2707 1424 2750 Lat.
1454 2723 1497 2765 p.
1526 2706 1626 2751 940.
1682 2708 1907 2764 Bingham.
1938 2711 2030 2751 An-

250 2771 359 2828 tiqq.
390 2771 449 2815 T.
477 2770 556 2814 IX.
584 2769 626 2812 7.
657 2771 703 2811 et
731 2782 837 2824 quos
868 2767 998 2809 affert
1029 2766 1318 2809 Middletonus
1359 2766 1753 2810 Conformites
1795 2767 1889 2809 des
1933 2767 2028 2810 06-

251 2830 389 2873 rimo
402 2845 444 2873 n.
483 2845 527 2887 p.
558 2825 655 2871 124.
696 2826 895 2869 Caesarii
935 2826 1070 2868 verba
1110 2826 1164 2867 de
1207 2825 1409 2868 Calendis
1451 2825 1507 2870 ad
1537 2825 1773 2868 Mithriaca
1800 2840 2028 2882 perperam

252 2890 461 2932 transfert
502 2886 702 2930 Foucher
730 2885 796 2928 De
825 2884 868 2927 la
896 2884 1079 2940 religion
1117 2884 1192 2926 des
1233 2884 1388 2927 Perses
1422 2878 1556 2927 Mem.
1593 2884 1733 2927 Paris.
1777 2885 1833 2927 T.
1864 2884 2026 2939 XXIX.
2087 2895 2092 2900 ’
2138 2924 2141 2941 ‚

285 2979 296 2988 .
330 2947 424 2991 126.
456 2946 649 3003 Philippi
686 2959 713 2988 a
751 2944 894 2987 Turre
925 2943 1116 2986 Monum.
1147 2943 1247 2985 Ant.
1277 2944 1328 2986 P.
1358 2943 1416 2985 II.
1445 2943 1547 2986 207.
1578 2957 1764 2985 errorem
1804 2940 2024 3000 sequutus.

292 3006 461 3048 ervulos
496 3006 642 3048 facere
682 3004 773 3047 sine
814 3002 945 3047 dubio
968 3003 1053 3044 ‘est
1095 3001 1317 3059 capreolos
1355 3001 1514 3045 imitari
1566 3002 1698 3058 (faire
1740 3000 2024 3054 decabrioles)

249 3063 428 3107 vitulari
455 3068 500 3107 et
530 3064 732 3107 arietare.

365 3137 429 3193 [Ρ]
461 3137 511 3180 In
542 3137 783 3180 saltationis
812 3134 994 3193 quodam
1022 3147 1182 3189 genere
1213 3128 1534 3191 (μορφασμός)
1573 3127 1768 3177 λεόντων
1796 3135 1873 3177 καὶ
1899 3137 2024 3190 βοῶν

248 3191 464 3254 πρόςωπα
503 3196 659 3238 assumi
701 3195 829 3238 docet
864 3193 1021 3237 Pollux
1059 3193 1136 3234 IV.
1178 3190 1245 3234 14.
1290 3193 1344 3234 cf.
1387 3191 1570 3247 Grysar.
1611 3191 1665 3234 de
1696 3191 1898 3236 Comoed.
1927 3192 2021 3234 Do-

248 3254 377 3297 riens.
416 3268 446 3311 p
477 3253 547 3298 65.
587 3253 745 3297 Notius
786 3256 854 3297 est
896 3251 1009 3309 quod
1047 3249 1314 3307 Porphyrius
1343 3253 1493 3293 narrat
1521 3249 1576 3291 de
1606 3249 1878 3293 Mithriacis:
1909 3247 1933 3294 ὃ
1964 3249 2019 3294 τὰ

248 3310 487 3376 11⁶0me
500 3308 870 3374 παραλαμβάνων
898 3312 1174 3370 περιτίθεται
1202 3306 1496 3359 παντοδαπὰς
1525 3304 1649 3359 ζώων
1675 3304 1871 3368 μορφάς.
