2158 3848
842 232 1292 279 ORPHICA.
1835 218 1961 280 347

182 384 354 445 sunt,
424 377 637 429 omnes
693 363 929 427 nullum
986 360 1220 440 Orphei
1291 367 1537 419 carmen
1594 347 1963 423 nominatim

183 474 468 548 allegare..
489 469 600 528 sed
655 462 1020 543 simpliciter.
1063 460 1429 542 Orpheum,
1479 470 1551 519 ut
1605 464 1966 542 saepissime

180 570 504 642 Proculus,
575 576 638 627 et
692 581 1128 642 nonnunquam
1173 562 1254 625 τὰ
1307 562 1592 644 Ὀρφέως
1635 570 1706 619 ut
1747 560 1965 622 Mai-in.

178 669 250 729 V.
298 669 489 730 Procl.
532 687 580 727 c.
626 665 728 727 26.
773 674 836 723 et
879 664 981 723 27.

911 934 1083 995 CAP.
1175 935 1244 991 V.
1710 789 1916 953 (s
1932 991 1933 995 Ἰ

182 1084 294 1143 De
362 1081 797 1141 carminum
874 1074 1421 1159 Orplm'e‘orum'¹
1469 1060 1970 1155 antiqu'itate

385 1181 577 1263 quid
626 1188 940 1262 veteres
997 1174 1298 1236 critici
1347 1174 1771 1234 senserint.

353 1365 493 1439 Quo
535 1359 952 1428 venerabilius
1010 1359 1180 1444 apud
1221 1361 1546 1440 imperitos
1591 1359 1824 1442 Orphei
1866 1379 1975 1420 no-

178 1486 323 1528 men
366 1467 519 1540 fuit,
565 1486 642 1528 eo
685 1466 926 1544 majore
967 1480 1266 1525 consensu
1309 1461 1720 1540 intelligentes
1750 1463 1973 1523 harum

179 1587 387 1629 rerum
431 1567 647 1628 arbitri
689 1566 1083 1627 falsariorum
1127 1561 1449 1623 fraudibus
1487 1561 1740 1624 obviam
1782 1565 1974 1638 ivere‚

184 1669 582 1746 carminaque
625 1667 923 1726 ementita
967 1665 1091 1725 alia
1133 1661 1218 1724 ad
1259 1663 1451 1723 alium
1477 1664 1826 1742 relegarunt
1856 1684 1970 1749 Xau-

185 1779 431 1828 ctorem·
479 1767 880 1851 Brontinum‚
941 1762 1307 1844 Cercopem,
1375 1765 1723 1844 Zopyrum,
1779 1756 1977 1825 Persi-

181 1888 365 1941 num‚
426 1867 923 1939 Onomacritum‚
993 1865 1215 1944 quibus
1276 1865 1343 1923 in
1385 1867 1842 1944 possessionem
1884 1886 1978 1925 re-

181 1970 414 2029 stitutis
461 1967 711 2049 Orpheo
755 1985 834 2027 ne
878 1983 1037 2024 unus
1080 1963 1329 2044 quidem
1372 1965 1742 2045 relinquitur
1785 1969 1977 2026 versi-

175 2070 370 2130 culus.
438 2069 748 2147 Princeps
791 2075 855 2127 et
898 2065 1152 2145 signifer
1196 2065 1380 2143 hujus
1408 2065 1696 2127 factionis
1729 2076 1824 2127 est
1847 2067 1976 2128 He-

181 2168 475 2244 rodotuS,
517 2169 625 2248 qui
667 2169 735 2229 in
775 2166 846 2228 L.
874 2168 951 2229 Π.
998 2164 1098 2227 53.
1144 2163 1406 2225 deorum
1453 2177 1676 2240 ortum,
1721 2167 1975 2243 formas,

181 2280 405 2347 genera
458 2287 587 2332 non
639 2269 731 2329 ita
785 2266 1033 2348 pridem
1097 2266 1176 2327 ab
1232 2266 1513 2355 Homero
1581 2277 1643 2326 et
1694 2267 1977 2329 Hesiodo

188 2366 524 2430 constituta
566 2386 702 2429 esse
743 2367 1052 2449 disputat,
1097 2364 1271 2431 οὗτοι
1314 2366 1418 2441 (lle,
1463 2369 1697 2448 inquit,
1758 2371 1878 2434 εἰσὶ
1920 2373 1979 2434 οἱ

185 2468 554 2550 ποιήσαντες
595 2469 936 2555 θεογονίην
962 2470 1205 2548 Ἕλλησι
1216 2515 1236 2542 ,
1280 2469 1388 2531 καὶ
1427 2475 1590 2532 τοῖσι
1619 2474 1827 2535 θεοῖσι
1866 2472 1977 2544 τὰς

183 2570 540 2654 ἐπωνυμίας
583 2567 800 2639 δόντες
842 2569 950 2631 καὶ
989 2567 1176 2652 τιμάς
1216 2593 1282 2632 τε
1325 2570 1432 2632 καὶ
1478 2571 1697 2651 τέχνας
1740 2571 1976 2638 διελόν-

181 2696 281 2741 τες
323 2671 430 2733 καὶ
483 2670 649 2734 εἴδεα
703 2668 1104 2752 σημήναντες.
1200 2672 1281 2736 Οἱ
1331 2670 1400 2734 δὲ
1458 2670 1763 2756 πρότερον
1806 2671 1976 2761 λεγό-

183 2796 360 2854 μενοι
402 2770 654 2851 ποιηταὶ
692 2768 940 2836 τούτων
981 2779 1114 2836 τῶν
1158 2772 1419 2856 ἀνδρῶν
1456 2775 1755 2859 γενέσθαι
1797 2775 1975 2838 ὕστε-

188 2896 302 2952 ρον
341 2872 577 2936 δοκέειν
621 2872 903 2956 ἐγένοντο
947 2870 1221 2937 τούτων·
1281 2871 1448 2953 quod
1504 2891 1632 2931 non
1687 2891 1760 2932 eo
1818 2873 1976 2933 dixit

188 2973 364 3049 quasi
377 2973 677 3045 ..Graecos
723 2981 866 3032 ante
917 2973 1062 3034 illos
1117 2974 1271 3034 nihil
1316 2974 1394 3033 de
1437 2973 1694 3034 deorum
1755 2983 1976 3035 natura

189 3069 501 3135 fabulatos
544 3082 792 3153 putaret
850 3074 998 3154 (quo
1043 3074 1198 3134 nihil
1241 3076 1512 3154 ineptius
1554 3076 1702 3153 fingi
1743 3075 1974 3157 potest)

188 3170 303 3231 sed
358 3175 566 3251 potius
620 3173 738 3234 hoc
804 3175 1146 3248 contendit,
1233 3176 1473 3235 fabulas
1541 3175 1682 3237 illas
1737 3179 1973 3258 passim

190 3271 362 3329 nullo
406 3271 710 3354 locuplete
753 3284 999 3335 auctore
1057 3278 1341 3355 vulgatas
1396 3295 1594 3357 neque
1653 3278 1972 3356 literarum

190 3373 587 3434 monimentis
626 3373 951 3436 mandatas
994 3386 1154 3442 tum,
1176 3377 1426 3437 demum
1469 3377 1732 3438 radicari
1779 3386 1842 3438 et
1883 3380 1971 3437 in-
