2158 3848
216 192 343 251 270
617 211 620 217 ,
742 199 980 245 LIBER
1023 197 1451 243 SECUNDUS.

167 367 194 390 ‹.
215 334 432 395 stionis
463 328 838 413 progrediar,
881 325 988 386 ubi
1015 327 1207 406 priUS,
1252 325 1400 405 quid
1426 327 1542 386 hac
1569 326 1989 408 disputatione

215 435 494 493 effectum
551 433 663 504 sit,
733 428 1003 489 breviter
1069 434 1130 485 et
1185 424 1567 507 capitulatim
1623 445 1989 508 exposuero,

216 534 286 594 Si
327 535 511 612 igitur
554 551 630 590 ex
674 527 958 588 omnibus
1013 525 1137 584 illis
1193 526 1646 601 sacerdotibuS‚
1700 527 1990 601 fatidicis,

214 643 593 695 ostentorum
639 640 700 688 et
743 627 1127 686 somniorum
1172 627 1650 705 conjectoribuS‚
1711 645 1791 685 ne
1833 645 1990 687 unus

213 734 460 814 quidem
505 738 614 788 aut
655 724 946 786 medendi
1002 733 1108 783 aut
1150 725 1456 804 psallendi
1513 735 1714 787 artem
1755 727 1992 806 profes-

213 852 316 892 sus
363 840 484 903 est,
551 827 944 904 vicissimque
1001 826 1068 882 in
1123 834 1440 884 cantorum
1495 835 1558 884 et
1610 826 1992 887 medicorum

211 948 466 990 numero
509 928 715 987 nullus
757 926 1062 1004 reperitur
1106 935 1214 984 aut
1255 924 1635 985 sacrificandi
1677 932 1786 985 aut
1827 928 1986 988 vati-

212 1029 459 1091 cinandi
514 1030 750 1109 peritus
769 1027 842 1106 [1¹]
903 1027 1247 1084 necessario
1303 1023 1622 1084 fatendum
1684 1035 1805 1098 est,
1868 1044 1994 1084 non

211 1129 400 1190 modo
444 1147 669 1187 nomen
697 1127 930 1206 Orphei
973 1124 1049 1184 ab
1077 1124 1431 1185 Homericis
1476 1125 1846 1185 carminibus
1887 1124 1992 1183 ab·

212 1250 345 1291 esse
383 1228 492 1290 sed
530 1231 661 1290 vim
701 1235 764 1286 et
796 1228 1112 1285 notionem
1149 1245 1358 1286 earum
1394 1245 1630 1300 rerum,
1673 1244 1828 1306 quae
1852 1225 1993 1284 huic

168 1318 171 1321 ¹
209 1332 447 1392 nomini
491 1329 800 1407 subjectae
845 1336 1004 1386 sunt.

382 1712 452 1773 Si
495 1730 644 1774 vero
697 1727 868 1770 sacra
920 1711 1060 1788 ipsa
1114 1710 1456 1782 intuemur,
1514 1707 1734 1788 quibus
1777 1707 1993 1767 heroes

211 1814 443 1877 Achaei
488 1811 745 1870 deorum
789 1812 1045 1870 numina
1087 1810 1362 1890 placant,
1405 1809 1589 1888 nihil,
1647 1806 1815 1888 quod
1858 1826 1994 1884 my-

126 1970 131 1973 s
207 1916 390 1974 sticas
415 1912 768 1991 disciplinas
796 1910 1102 1983 redoleat,
1148 1908 1525 1988 deprehendi
1547 1918 1769 1988 potest.
1853 1907 1992 1984 My-

210 2017 363 2074 stica
408 2022 614 2072 autem
660 2029 870 2084 sacra,
915 2021 986 2069 ut
1029 2028 1212 2090 quam
1255 2010 1554 2069 latissime
1599 2009 1993 2087 complectar,

209 2134 284 2174 ea
328 2113 621 2184 dicimuS,
667 2130 822 2190 quae
865 2130 992 2170 non
1033 2112 1101 2169 in
1145 2110 1336 2168 oculis
1383 2111 1661 2168 omnium
1705 2107 1992 2170 mediave

205 2216 272 2274 in
315 2214 451 2272 luce
496 2220 559 2270 et
600 2210 769 2290 apud
811 2211 1093 2291 publicas
1129 2228 1268 2268 aras
1301 2209 1517 2268 fierent
1553 2208 1666 2269 sed
1703 2210 1803 2271 vel
1839 2219 1992 2268 tem-

207 2334 360 2394 pore
403 2322 704 2372 nocturno
744 2312 849 2373 vel
884 2313 1049 2372 intra
1084 2309 1415 2387 adytorum
1441 2319 1736 2390 consepta
1763 2309 1868 2371 vel
1897 2329 1991 2379 re-

310 2484 389 2538 ·[P]
426 2481 555 2533 Quod
583 2481 800 2523 Hesiodus
831 2481 1000 2536 Theog.
1031 2479 1102 2523 32.
1134 2479 1188 2521 de
1219 2479 1360 2522 Musis
1391 2480 1480 2522 suis
1506 2479 1743 2537 praedicat,
1773 2479 1988 2523 ἐνέπνευ-

208 2555 298 2587 σαν
334 2541 388 2586 δέ
425 2556 508 2598 μοι
548 2536 692 2593 αὐδήν
730 2543 885 2594 θείην,
931 2537 991 2587 ὠς
1020 2540 1215 2594 κλείοιμι
1244 2535 1301 2580 τά
1330 2537 1363 2580 τ’
1397 2534 1622 2596 ἐσσόμενα
1652 2535 1742 2598 πρό
1772 2537 1805 2580 τ’
1839 2533 1985 2593 ἐόντα,

207 2601 368 2658 injuria
406 2597 714 2656 perstringitur
755 2612 781 2639 a
821 2597 1016 2639 Luciano
1058 2596 1103 2638 in
1131 2595 1254 2652 Disp.
1287 2611 1322 2637 c.
1353 2596 1459 2637 Hes.
1491 2597 1548 2639 Τ.
1580 2597 1704 2640 VIII.
1737 2595 1835 2638 147.
1867 2597 1987 2652 quasi

210 2663 340 2717 poeta
381 2657 463 2711 τὴν
501 2659 592 2699 τῶν
632 2652 891 2711 μελλόντων
925 2657 1099 2713 γνῶσιν
1128 2658 1173 2696 et
1219 2650 1555 2713 προαγόρευσιν
1593 2656 1812 2711 professus
1841 2653 1987 2696 fuerit.

208 2719 370 2762 Strabo
410 2717 463 2759 L.
504 2715 605 2757 VII.
642 2713 742 2757 330.
783 2729 911 2770 quum
953 2713 1189 2756 affirmaret
1229 2710 1296 2755 ὅτι
1324 2711 1373 2756 τὸ
1403 2710 1600 2756 παλαιὸν
1631 2715 1675 2756 οἱ
1701 2709 1884 2772 μάντεις
1911 2714 1988 2755 καὶ

208 2773 434 2836 μουσικὴν
464 2770 734 2834 εἶργάζοντο,
767 2772 1069 2815 commenticiis
1101 2771 1267 2828 Orphei
1307 2777 1351 2813 et
1380 2771 1578 2813 similium
1607 2771 1812 2827 exemplis
1841 2771 1886 2813 in
1916 2784 1986 2813 er-

209 2850 349 2879 rorem
378 2834 581 2877 inductus
610 2837 696 2885 est,
728 2833 883 2888 quibus
915 2830 1174 2882 Quintiliani
1204 2843 1374 2886 quoque
1403 2830 1555 2872 nititur
1584 2829 1846 2873 asseveratio
1878 2830 1985 2872 Inst.

209 2895 244 2937 Ι.
278 2895 345 2936 10.
376 2894 418 2936 9.
461 2893 593 2949 quis
631 2892 864 2946 ignorat
905 2890 1156 2932 musicen
1196 2894 1415 2931 tantum
1455 2889 1862 2932 venerationis
1892 2889 1985 2931 ha-

208 2954 431 3008 buisse5
475 2956 535 2994 ut
574 2949 744 2992 iidem
784 2949 986 2992 musici
1028 2953 1084 2990 et
1122 2952 1294 2990 vates
1338 2952 1394 2990 et
1435 2949 1727 3006 sapientes
1762 2946 1984 3003 judica-

209 3017 436 3064 rentur,
467 3011 686 3054 mittam
717 3008 894 3061 alios,
936 3007 1201 3063 Orpheus
1231 3012 1286 3050 et
1312 3006 1498 3049 Linus.
1558 3007 1797 3062 Utrumque
1835 3006 1983 3049 irreti-

209 3072 275 3114 vit
312 3070 493 3125 vulgata
534 3068 633 3112 olim
675 3067 840 3124 opinio,
882 3066 1064 3109 omnium
1102 3066 1146 3106 in
1187 3065 1327 3107 literis
1368 3065 1602 3108 studiorum
1644 3065 1983 3122 antiquissimam

211 3143 306 3171 esse
335 3128 483 3184 poesin
514 3141 686 3183 eosque,
718 3141 743 3169 a
771 3126 926 3183 quibus
954 3126 1048 3168 vita
1077 3124 1287 3166 hominum
1316 3125 1524 3167 instructa
1553 3125 1610 3167 sit
1639 3124 1801 3181 primis,
1831 3130 1982 3181 poetas

209 3188 366 3239 fuisse3
410 3200 520 3242 quae
563 3185 753 3241 opinatio
796 3183 971 3242 perinde
1000 3197 1114 3225 vana
1144 3188 1210 3225 est
1240 3197 1291 3224 ac
1323 3188 1494 3225 ceterae
1524 3184 1577 3225 de
1608 3184 1780 3239 generis
1811 3181 1981 3224 humani

209 3245 452 3302 primordiis
493 3245 779 3300 conjecturae.
852 3242 981 3294 Quod
1025 3248 1167 3284 autem
1207 3241 1462 3284 Eustathius
1501 3248 1626 3299 putat
1665 3256 1707 3298 p.
1755 3240 1880 3284 1930.
1909 3239 1977 3281 60.

208 3301 485 3362 πολύφημον
515 3298 673 3373 ᾀοιδόν
703 3302 787 3344 dici
817 3300 896 3345 τὸν
922 3298 1142 3359 μαντικὰς
1172 3297 1328 3358 φήμας
1357 3297 1530 3356 εἰδότα,
1572 3300 1617 3343 id
1646 3299 1806 3343 refellit
1833 3293 1976 3342 ἁτολύ-

137 3409 140 3411 Α
211 3378 363 3420 φημος
392 3363 559 3420 ἀγορη,
591 3362 713 3416 cujus
741 3361 835 3417 ipse
864 3360 1051 3403 meminit
1080 3374 1120 3416 p.
1156 3358 1280 3407 1432.
1309 3359 1379 3400 22.

2155 868 2158 963 ε

2150 972 2158 1070 ἶ

2150 1078 2158 1340 l

2114 1342 2158 1530 l

2146 2820 2158 2913 1

2144 2918 2158 3117 ἒ
