2158 3848
847 231 1302 276 ORPHICA.
1842 194 2046 279 373ι

183 369 221 427 (1
237 388 275 428 a
289 378 313 426 t
327 387 365 426 a
405 387 450 445 p
463 386 496 428 r
511 383 548 423 o
563 365 710 423 fite
723 370 856 428 n2tu
872 380 920 418 r.
978 376 1316 438 paremque
1359 360 1491 420 vim
1535 360 1614 418 ad
1651 361 1966 438 juvandas

181 481 517 547 puerperas
563 461 875 524 Pontificii.
913 444 1103 518 zonas
1160 455 1513 531 benedictas
1573 459 1800 519 habere
1843 483 1967 522 cre-

181 567 349 624 dunt.
437 562 720 623 Indidem
774 560 1091 640 profectae
1146 559 1361 619 variae
1407 557 1812 629 Orientalium
1869 581 1970 621 su-

177 665 569 747 perstitiones
614 681 674 723 v.
703 661 905 721 Ikenii
930 660 1190 733 Dissert.
1216 657 1434 717 Philol.
1461 658 1672 720 Theol.
1715 680 1774 739 p.
1807 660 1966 732 184„

179 775 241 824 et
290 764 446 822 liber
510 765 784 841 magicus
845 758 1035 838 Cing
1052 759 1259 819 ulum
1323 758 1366 818 S
1383 759 1766 819 alomonis
1830 776 1907 816 se
1924 775 1967 815 u

177 866 581 926 vinculum
685 862 1108 942 spirituum
1211 861 1579 939 inscriptus·
1655 878 1717 919 v.
1809 857 1966 916 Ge·-

175 959 530 1025 schichte
617 961 752 1024 der
817 959 1499 1022 Talismanischen
1563 960 1824 1018 Kunst.
1909 976 1962 1017 a.

183 1067 365 1126 1792.
410 1086 470 1146 p.
488 1124 490 1128 ,
515 1064 617 1123 72.
1292 1060 1294 1062 ’

346 1165 517 1225 ΧΙΧ.
574 1161 941 1244 Κα-τάβασις
984 1164 1044 1230 ἐς
1087 1159 1246 1241 ᾅδου
1264 1178 1277 1189 ·
1324 1158 1587 1219 Prodico
1631 1157 1963 1240 adscripta,

176 1268 283 1345 qui
338 1267 392 1323 si
447 1274 540 1323 est
593 1263 700 1321 ille
743 1281 926 1341 quem
970 1261 1386 1339 suspicamur,
1457 1278 1652 1341 eoque
1696 1261 1965 1319 carmine

173 1385 298 1424 non
339 1356 565 1424 Bacchi
610 1371 721 1422 aut
761 1361 1049 1421 Herculis
1096 1359 1456 1420 descensum
1500 1362 1812 1423 enarravit
1851 1358 1965 1432 'sed

176 1466 410 1545 Orphei
469 1466 696 1544 ἱρείης,
763 1482 986 1543 quum
1051 1481 1094 1541 p
1112 1461 1363 1521 allida
1419 1480 1650 1540 regna
1704 1461 1963 1521 Bisto-

174 1569 367 1625 nius>
394 1574 617 1626 vates
662 1563 1164 1641 flammisque
1209 1561 1652 1621 Acheronta
1695 1580 1962 1621 sonan-

177 1679 204 1726 t
217 1688 251 1726 e
265 1687 329 1725 m
386 1665 463 1746 pl
480 1684 517 1723 a
529 1685 561 1723 c
575 1684 614 1723 a
626 1665 707 1725 vi
723 1674 754 1722 t.
804 1663 1023 1744 (Silius
1080 1661 1188 1721 XI.
1245 1662 1417 1743 473.)
1477 1663 1755 1742 sequitur
1805 1662 1962 1720 hanc

175 1767 448 1840 fabulam
464 1810 481 1838 ‚
544 1783 728 1844 quam
774 1760 1119 1824 Clavierius
1177 1762 1260 1822 ad
1302 1762 1594 1843 Apollod.
1652 1762 1722 1822 T.
1765 1763 1841 1820 II.
1901 1782 1966 1842 p.

177 1869 275 1928 32.
321 1867 400 1927 ab
427 1866 936 1925 Hermesianacte
976 1865 1294 1924 inventam
1339 1871 1520 1942 putat
1531 1907 1547 1936 ‚
1591 1881 1717 1921 non
1761 1862 1964 1943 solum

173 1970 356 2047 hujus
402 1975 669 2027 aetatem
713 1962 1015 2025 excedere
1059 1962 1171 2022 sed
1214 1965 1403 2024 etiam
1446 1964 1703 2023 Platone
1748 1962 1963 2043 Symp.

173 2091 234 2151 p.
267 2071 345 2128 17
347 2070 405 2129 9.
449 2069 529 2128 D.
575 2076 636 2126 et
663 2064 966 2146 Euripide
1004 2065 1137 2133 Alc.
1165 2062 1308 2125 557.
1354 2066 1765 2146 antiquiorem
1811 2082 1966 2135 esse,

175 2179 319 2231 ante
364 2187 518 2248 quos
549 2168 751 2245 Zoega
792 2167 1078 2227 Bassirel.
1121 2187 1183 2247 p.
1217 2165 1356 2225 198.
1399 2157 1638 2224 nullum
1684 2165 1816 2242 ejus
1860 2181 1966 2223 ve-

177 2272 426 2348 stigium
468 2269 729 2348 reperiri
771 2266 1073 2326 censebat.
1162 2265 1417 2327 Servius
1465 2264 1547 2324 ad
1592 2265 1813 2343 Georg.
1855 2261 1963 2326 lv.

179 2371 324 2431 317.
370 2368 724 2448 Orpheus
777 2384 1158 2446 quaerens
1214 2369 1493 2428 uxoris
1527 2364 1986 2441 Eurydices
2046 2400 2050 2401 ν

177 2479 502 2531 mortem
571 2467 665 2527 ad
726 2467 1028 2537 inferos
1097 2465 1605 2535 descendisse
1679 2467 1850 2524 exis
1868 2465 1965 2523 ti-

176 2590 242 2630 m
256 2589 293 2629 a
306 2580 331 2628 t
343 2588 382 2628 u
395 2589 426 2627 r
442 2612 460 2641 ‚
547 2577 610 2628 et
687 2567 770 2627 ad
834 2587 895 2628 v.
949 2566 1094 2627 493.
1165 2567 1343 2626 affert
1403 2552 1644 2626 ‘Lucani
1713 2584 1965 2628 versum

178 2690 260 2731 ex
320 2672 452 2748 ejus
512 2668 792 2749 Orpheo:
858 2665 1220 2741 Gaudent
1291 2687 1330 2726 a
1373 2667 1543 2726 luce
1600 2666 1961 2745 relictam

176 2770 622 2849 Eurydicen
665 2771 950 2830 iterum
996 2787 1083 2849 sp
1101 2777 1409 2828 erantes
1455 2766 1508 2826 O
1526 2769 1770 2850 rphea
1818 2767 1963 2827 Ma-

182 2892 267 2932 ne
281 2892 310 2932 s
327 2875 420 2952 [GJ.
516 2871 615 2930 Ex
658 2871 926 2930 carmine
967 2871 1110 2950 ipso
1154 2868 1312 2928 nihil
1354 2878 1547 2928 restat
1561 2912 1578 2941 ‚
1633 2870 1756 2927 nisi
1799 2863 1960 2926 forte

183 2972 338 3032 illud
419 2970 586 3052 quod
671 2971 1038 3049 Plutarchus.
1123 2972 1192 3029 in
1280 2969 1507 3029 celebri
1595 2968 1960 3049 Epimythio

304 3099 365 3157 [ε]
393 3100 481 3143 Pro
521 3099 789 3156 Agriope‚
830 3092 1054 3156 quomodo*
1081 3099 1396 3142 Hermesianax
1422 3097 1578 3140 Athen.
1620 3097 1743 3140 XIII.
1774 3095 1875 3140 597..
1910 3095 1962 3139 B.

187 3165 339 3210 vocat,
369 3158 519 3215 Zoega
546 3159 575 3201 l.
607 3174 643 3201 c.
675 3158 928 3215 Argiope
956 3164 1006 3202 ut
1042 3158 1186 3201 mitius
1218 3172 1368 3200 nomen
1399 3156 1603 3199 substitui
1632 3156 1834 3199 malebat.
1881 3156 1966 3197 Ar—
2008 3202 2010 3205 ,

185 3216 316 3317 {wifel
339 3215 639 3320 Phillaxlsimzriis
658 3230 811 3318 413(οὲ
815 3215 974 3319 diluitur
1002 3217 1281 3318 ΑΞΟΙΙοὲίοτο,
1313 3215 1496 3258 Arsinoe
1526 3214 1647 3299 Suid.
1678 3231 1711 3257 s.
1747 3210 1964 3285 Θάμυρις,

186 3290 307 3377 νὲήὲ
321 3307 331 3317 ’
346 3289 568 3389 οἰκήιά...
604 3290 842 3378 iamiam?
873 3290 1016 3377 iissnss‘.
1057 3277 1110 3391 3.
1141 3275 1787 3390 sffffluennssiieffissiffiessssffli?
1807 3287 1967 3376 {3335

185 3407 230 3450 p.
258 3390 357 3436 248.
387 3398 433 3436 et
460 3393 637 3438 Vossius
666 3393 723 3438 ad
752 3395 809 3438 H.
842 3394 886 3437 in
917 3393 1017 3437 Cer.
1047 3408 1092 3451 p.
1125 3392 1225 3437 130.
1506 3395 1527 3411 ⁶
