2158 3848
759 209 1333 256 ELEUSINIA.
1704 176 1705 179 ¹
1818 198 1937 260 105

159 351 391 431 species
431 348 857 427 praesentium¹
891 343 1101 403 oculos
1127 343 1593 422 praestringere,
1638 345 1796 405 aliae
1821 353 1941 406 tre-

160 450 331 508 mulo
376 447 609 507 lumine
651 448 948 507 micantes
994 444 1156 503 aliae
1199 440 1666 506 similitudinem
1708 444 1947 505 bellua«

158 565 295 606 rum
354 557 629 624 gerentes
673 556 736 607 et
774 548 936 606 inter
977 545 1129 606 haec
1172 542 1431 603 deorum
1474 561 1659 606 voces
1700 544 1945 604 intona-

156 666 226 705 re
238 690 256 720 ,
313 648 562 707 occulta⁴
599 648 1010 729 aperientium
1026 687 1044 718 ,
1097 645 1219 703 nisi
1272 645 1328 704 si
1371 643 1702 721 archimagi
1746 644 1944 722 cujus-

159 746 307 806 dam
348 749 448 808 vis
490 748 614 826 maj
621 767 692 807 or
737 739 1009 808 obstaret
1021 747 1112 828 [⁸].
1166 743 1546 823 Augustinus
1594 736 1728 808 civ.
1771 743 1851 804 X.
1885 745 1944 805 9.

158 847 644 928 Porphyrius
690 848 1085 929 querelam
1130 845 1221 907 de
1264 846 1403 906 hac
1443 865 1524 905 re
1569 841 1948 915 Chaldaei

158 949 425 1007 nescio
507 949 729 1026 cujus
810 964 1301 1028 expromens3
1386 940 1947 1023 Conqueritur,

158 1048 446 1127 inquit,
489 1049 612 1110 vir
652 1050 732 1107 in
780 1044 1171 1109 Chaldaea
1214 1044 1460 1108 bonus
1485 1043 1579 1124 [⁸⁸]
1623 1062 1950 1125 purgan—

162 1145 302 1207 dae
359 1149 658 1208 animae
714 1137 986 1226 magno
1044 1148 1122 1206 in
1176 1145 1598 1208 molimine,
1624 1145 1951 1207 frustra-

160 1256 279 1306 tos
333 1247 492 1308 sibi
546 1266 716 1308 esse
771 1263 1209 1321 successus,
1267 1263 1490 1327 quum
1535 1247 1662 1307 vir
1705 1246 1797 1307 ad
1843 1267 1952 1309 ea-

162 1345 330 1407 dem
388 1358 668 1430 potens
722 1357 981 1410 tactus
1023 1345 1338 1416 invidia
1382 1345 1799 1436 adjuratas
1843 1367 1958 1434 sa-v

162 1449 316 1508 cris
358 1449 721 1529 precibus
763 1450 1166 1532 potentias
1211 1447 1654 1525 alligasset,
1697 1467 1788 1509 ne
1830 1468 1955 1530 po-

163 1547 460 1610 stulata
502 1537 1039 1612 concederent.
1084 1547 1244 1611 Nam
1289 1555 1362 1608 ut
1405 1548 1690 1610 omnibus
1734 1552 1956 1627 mysti-

108 1647 117 1655 “
164 1650 251 1708 cis
306 1652 654 1711 cerimoniis
709 1653 808 1713 vis
866 1649 1168 1733 quaedam
1227 1647 1501 1710 divinior
1553 1649 1958 1726 tribuebatur,

166 1746 475 1811 Bacchicis
530 1749 815 1812 solvendi
839 1777 842 1780 ⁴
870 1761 933 1812 et
971 1748 1359 1833 purificandi,
1400 1749 1745 1809 Mithriacis
1789 1771 1958 1830 rege-

163 1849 420 1909 nerandi
431 1895 450 1925 ,
517 1850 786 1930 Theurgi
854 1851 1073 1913 eadem
1144 1847 1355 1911 omnia
1404 1841 1794 1931 professione
1847 1870 1961 1911 sua

169 1951 476 2030 complexi
539 1960 832 2033 tanquam
890 1953 1302 2034 colophonem
1360 1949 1735 2012 addiderunt
1785 1951 1960 2013 illam

164 2048 520 2111 hieraticam
563 2051 898 2132 Anagogen
957 2054 1094 2115 sive
1135 2054 1553 2117 universalem
1599 2054 1843 2114 animae
1886 2054 1962 2113 li-

167 2148 474 2211 berandae
513 2155 706 2227 viam,
751 2173 875 2235 qua
918 2172 1047 2228 eoS,
1091 2155 1197 2234 qui
1239 2174 1416 2215 sacra
1459 2174 1576 2214 sua
1616 2156 1736 2214 rite
1777 2173 1961 2235 prae-

167 2253 371 2330 parati
412 2254 530 2312 rite
574 2253 873 2314 obiissent
884 2298 902 2328 ,
962 2255 1191 2314 sensim
1236 2254 1314 2314 ab
1360 2256 1531 2314 omni
1575 2255 1964 2313 concretione

169 2351 423 2410 mortali
474 2363 821 2431 segregatos
873 2353 1224 2414 induendae
1280 2354 1530 2417 divinae
1583 2352 1964 2414 substantiae

173 2469 426 2532 capaces
478 2454 612 2513 fieri
664 2462 727 2513 et
779 2462 1101 2533 postremo
1145 2471 1459 2512 summum
1501 2454 1568 2511 in
1610 2455 1963 2516 universam

172 2561 455 2613 naturam
497 2554 828 2636 imperium
873 2551 1137 2633 adipisci
1181 2550 1554 2612 affirmarent
1565 2553 1667 2635 [Ἴ.

175 2708 306 2764 vulgo
335 2709 535 2752 mendose
564 2709 810 2752 scribuntur
839 2705 1054 2770 ἀθρήσεις
1080 2705 1231 2755 πάντα
1259 2711 1419 2756 λέοντα
1449 2714 1494 2753 et.
1522 2711 1732 2766 βλέπεται
1762 2710 1814 2756 δὲ
1843 2708 1964 2755 πάν-

179 2783 248 2811 τα.
308 2768 426 2811 Illud
462 2769 609 2826 inepte
646 2769 960 2826 interpretatur
1000 2769 1170 2813 Psellus
1212 2767 1348 2814 οὐδὲν
1375 2769 1531 2831 ἕτερον
1565 2769 1681 2819 ἴδοις
1712 2767 1771 2813 ἄν
1801 2771 1852 2815 ἐν
1882 2769 1964 2814 οὗ-

176 2829 300 2885 ρανῷ
337 2823 364 2881 ἢ
405 2823 570 2887 φάσμα
612 2824 853 2872 λεόντειον.
921 2828 1019 2871 Nec
1048 2830 1195 2872 sanior
1225 2829 1465 2885 scriptura,
1499 2843 1626 2885 quam
1655 2828 1809 2871 Pletho
1840 2843 1986 2886 repe-y

177 2885 284 2928 risse
312 2886 511 2929 videtur:
542 2883 760 2937 πολλάκις
790 2883 847 2942 ἢν
876 2888 1002 2948 λέξῃς
1029 2903 1104 2947 με,
1133 2886 1184 2932 τὸ
1208 2888 1367 2933 λεκτὸν
1390 2885 1536 2948 πάντῃ
1559 2883 1785 2946 ἀθρήσεις.
1815 2888 1966 2931 Verba

180 2951 277 2987 sunt
305 2944 376 2988 dei
406 2945 626 3002 cujusdam
655 2945 880 2989 formulam
909 2947 1120 3002 magicam
1149 2949 1406 2992 enarrantis.

299 3019 360 3075 [⁸]
391 3009 566 3062 Heliod.
597 3019 726 3063 Aeth.
756 3019 837 3063 lv.
868 3020 911 3063 7.
947 3018 1044 3065 174.
1076 3018 1189 3065 ἀλλά
1217 3038 1299 3081 μοι
1329 3016 1534 3068 ἀντίθεός
1561 3035 1627 3068 τις
1646 3019 1793 3063 ἔοικεν
1815 3019 1964 3079 ἐμπο-

184 3073 321 3125 δίζειν
348 3075 429 3132 τὴν
456 3080 623 3137 πρᾶξιν
652 3080 731 3122 καὶ
759 3076 1069 3138 διαμάχεσθαι
1097 3079 1213 3139 πρὸς
1241 3078 1344 3129 τοὺς
1364 3076 1502 3139 ἐμοὺς
1524 3075 1760 3138 ὑπηρέτας.
1789 3078 1963 3137 Eunap.

185 3134 240 3176 V.
284 3135 436 3180 Aedes.
479 3152 524 3194 p.
560 3134 639 3180 -39,
687 3137 829 3181 Boias.
871 3135 1089 3199 Μάξιμος
1117 3141 1168 3185 δὲ
1198 3141 1391 3185 ἐνέκειτο
1423 3139 1500 3181 καὶ
1529 3135 1814 3196 καταμαθὼν
1844 3130 1966 3196 ᾧτινι

186 3196 392 3250 ”glonna
419 3196 729 3252 (Philometor)
760 3195 981 3256 δαιμονίῳ
1012 3200 1118 3255 (hoc
1148 3198 1357 3254 addend.)
1386 3198 1620 3257 βιαιοτέρῳ
1652 3198 1731 3240 καὶ
1758 3196 1964 3242 δυνατω-

187 3255 302 3310 τέρῳ
333 3255 542 3299 κατέλυσε
571 3253 620 3300 τὸ
651 3255 850 3300 ἔλαττον.

306 3322 381 3380 [⁸⁸]
414 3325 641 3372 Julianum*
654 3326 852 3371 denotari
881 3335 1008 3387 putat
1033 3331 1286 3376 Holstenius
1317 3329 1372 3372 de
1400 3330 1452 3372 V.
1484 3329 1643 3387 Porph.
1674 3328 1753 3371 XI.
1783 3327 1854 3371 57.

308 3397 360 3454 [']
394 3398 534 3444 Procl.
563 3401 606 3445 in
636 3401 752 3446 Tim.
782 3403 833 3444 V.
865 3400 964 3446 391.
990 3402 1018 3458 ἡ
1049 3407 1153 3461 περὶ
1184 3403 1262 3457 τὴν
1292 3401 1442 3461 πυρὰν
1472 3402 1713 3458 (Patrocli)
1744 3417 1962 3461 πραγμα-
