2158 3848
193 193 311 254 198
775 204 1012 252 Lmen
1057 203 1368 248 PRIMUS.

191 337 538 415 disputatio:
587 333 763 396 Jovis
830 338 1128 396 incestum
1200 334 1531 395 Eleusiniis
1587 333 1965 414 exprobran-

192 438 381 508 tium,
447 453 672 515 nempe
716 438 861 515 quia
887 437 1190 516 ‹Orpheus
1234 447 1478 514 turpem
1523 432 1602 492 de
1646 432 1865 493 Cerere
1908 442 1970 492 et

193 536 557 615 Proserpina
614 534 890 595 fabulam
949 538 1258 610 narravit3
1321 536 1481 594 hunc
1541 535 1706 593 enim
1767 535 1971 593 solum

194 646 412 696 testem
476 634 785 695 adhibent.
873 633 1154 694 Clemens
1216 645 1420 694 autem
1485 636 1698 694 ceteris
1762 635 1972 712 copio-

195 739 321 796 sior
365 736 638 794 omnium
683 733 811 791 fere
856 733 1111 792 deorum
1169 753 1344 793 sacra
1386 755 1497 814 per
1556 745 1828 794 saturam
1873 752 1976 792 ex-

194 838 400 916 ponit,
464 852 589 892 non
635 842 852 892 exacte
901 833 989 893 ad
1044 836 1528 913 antiquariorum
1574 835 1976 894 subtilitatem

197 933 306 993 sed
350 942 419 991 ut
461 934 659 992 multa
694 933 928 1015 ubique
971 934 1270 1012 flagitiose
1315 944 1375 992 et
1427 933 1550 993 dici
1594 944 1656 993 et
1697 936 1830 993 fieri
1873 933 1978 993 de-

196 1043 523 1108 monstret3
588 1035 858 1114 primum
902 1034 1338 1094 Bacchantium
1394 1033 1840 1112 Omophagias,
1902 1033 1979 1091 de

199 1134 417 1215 quibus
461 1134 658 1194 multa
702 1134 870 1215 apud
906 1145 1125 1216 poetas
1167 1136 1430 1212 legerat,
1477 1132 1698 1192 deinde
1735 1133 1981 1192 Proser-

199 1236 385 1314 pinae
440 1242 687 1313 raptum
734 1233 1092 1316 Cererisque
1144 1236 1415 1307 luctum,
1478 1252 1739 1312 quorum
1794 1234 1983 1292 simu-

203 1335 366 1393 lacra
409 1338 595 1394 sacris
639 1336 970 1395 Eleusiniis
1013 1337 1252 1395 inclusa
1309 1354 1471 1407 esse,
1536 1335 1720 1393 tertio
1763 1333 1985 1394 Matris

206 1433 464 1494 deorum
505 1437 832 1511 mysteria,
898 1446 1114 1516 quarto
1158 1435 1443 1508 VeneriS‚
1503 1434 1620 1493 hoc
1663 1443 1757 1492 est
1791 1451 1979 1492 mere-

207 1535 462 1593 triculae
507 1532 774 1614 Cypriae
817 1536 1118 1595 solemnia
1161 1555 1198 1594 a
1243 1532 1470 1610 Cinyra
1531 1533 1722 1615 (quod
1766 1551 1804 1592 a
1845 1551 1987 1612 pra-

208 1636 473 1712 gmatico
515 1644 813 1713 nugatore
857 1636 1115 1715 accepit)
1150 1635 1474 1707 instituta,
1519 1634 1737 1713 hisque
1774 1631 1990 1711 adjun-

211 1736 298 1811 git
342 1735 631 1813 cujusque
673 1738 833 1795 sacri
890 1735 1146 1816 propria
1199 1733 1510 1812 symbola3
1569 1751 1834 1812 namque
1879 1729 1992 1792 Ce—

211 1833 478 1892 realibus
504 1833 682 1896 Jovis
728 1854 865 1895 cum
893 1833 1112 1895 Cerere
1157 1845 1219 1894 et
1260 1835 1389 1893 filia
1433 1833 1855 1907 concubitum,
1899 1852 1994 1892 re-

214 1935 624 2012 praesentari,
692 1934 1196 2015 Thesmophoriis
1258 1943 1319 1993 et
1379 1933 1791 2013 Scirophoriis
1845 1933 1994 1992 Pro-

216 2035 498 2112 serpinae
540 2044 805 2114 raptum,
849 2033 1330 2094 Bacchanalibus
1356 2033 1570 2110 Zagrei
1609 2051 1841 2106 necem,
1879 2029 1994 2092 Ca-

216 2133 461 2192 biriacis
517 2132 752 2193 facinus
824 2133 1305 2207 fratricidarum3
1391 2151 1590 2212 neque
1641 2133 1996 2192 honestiora

221 2250 352 2291 esse
407 2250 563 2311 quae
617 2233 1021 2292 Athenienses
1077 2232 1155 2292 de
1200 2231 1421 2292 Cerere
1474 2232 1858 2305 fabulentur,
1928 2241 1999 2291 ut

224 2331 566 2390 errabunda
621 2333 702 2391 ad
745 2333 1206 2393 Autochthones
1252 2333 1600 2393 Eleusinios
1663 2332 1998 2404 devenerit,

222 2441 293 2488 ut
333 2430 581 2490 Baubus
616 2433 762 2508 joco
805 2435 1033 2492 rustico
1078 2433 1418 2492 exhilarata
1459 2434 1647 2493 fuerit
1689 2470 1772 2479 --
1825 2434 1996 2494 ταῦτ’
2081 2461 2096 2474 ·

227 2533 353 2592 ἔστι
406 2531 486 2592 τὰ
540 2530 775 2613 κρύφια
816 2540 961 2594 ’τῶν
1006 2532 1360 2611 Ἀθηναίων
1409 2531 1718 2615 μυστήρια
1782 2551 1842 2611 Ρ.
1903 2532 1998 2590 17.

227 2649 382 2708 quae
445 2629 677 2709 Orphei
746 2630 1026 2690 versibus
1099 2632 1449 2703 confirmat,
1536 2633 1709 2710 quasi
1771 2632 2000 2703 omnia,

228 2748 385 2808 quae
426 2730 950 2809 fortepoetarum
995 2731 1214 2810 aliquis
1260 2730 1336 2789 de
1393 2729 1493 2788 dei
1548 2727 1865 2807 cujusdam
1907 2749 2001 2788 re—

231 2829 345 2888 bus
389 2831 573 2907 gestis
615 2831 864 2904 luserit,
926 2821 1075 2889 haec
1117 2832 1247 2908 ejus
1303 2829 1402 2888 dei
1459 2831 1644 2889 sacris
1686 2830 2003 2908 populari-

232 2929 348 2988 bus
388 2937 847 3009 repraesentata
887 2930 1128 2989 fuerint.
1212 2929 1330 2991 His
1375 2931 1670 3010 expositis
1715 2932 2002 2990 cistarum

235 3024 633 3105 mysticarum
678 3039 908 3090 secreta
961 3029 1230 3103 evolvit,
1290 3049 1634 3110 papavera,
1688 3032 1898 3110 apium
1942 3040 2003 3089 et

240 3139 468 3187 ceteras
511 3131 887 3209 quisquiliaS,
930 3128 1148 3209 quibus
1183 3128 1461 3208 adjungit
1487 3129 1800 3189 Themidis
1837 3148 2000 3206 sym·
2025 3155 2038 3157 ·

242 3221 430 3302 bola,
469 3230 532 3287 in
576 3230 795 3307 quibus
839 3231 1023 3289 etiam
1068 3231 1228 3307 eugii
1282 3229 1539 3309 effigiem
1581 3230 1726 3289 ferri
1741 3227 1846 3311 [b],
1888 3248 1999 3310 po-

361 3351 423 3409 [b]
456 3356 547 3397 Καὶ
588 3355 762 3413 προςέῑι
804 3358 877 3409 τῆς
919 3355 1110 3413 Θέμιδος
1141 3349 1203 3399 ζτὰ
1247 3353 1473 3417 ἀπόῤῥητα
1515 3352 1741 3413 σύμβολα,
1772 3354 1997 3412 ὀρίγανον,
