2158 3848
821 206 865 249 o
895 205 935 248 a
966 201 1076 247 ru
1104 203 1127 246 1
1158 204 1278 248 ω.
1816 192 1942 251 673

161 342 287 400 cris
321 344 460 400 orta
501 336 913 416 primo,“post
945 348 1020 390 eo
1042 342 1366 411 progressa
1392 340 1505 404 est,
1548 344 1617 392 ut
1639 339 1941 402 infinitam

158 457 428 509 morum,
480 436 826 506 affectuum,
870 449 1241 510 casuumque
1284 417 1696 507 humanorum
1745 443 1942 499 varie-

160 550 352 599 tatem
382 531 686 595 imitando
711 539 1219 610 consequeretur,
1245 531 1339 590 ita
1356 547 1472 610 pro
1497 531 1621 591 illis
1633 535 1855 611 'Jubilis
1882 550 1944 598 et

155 633 530 698 discursibus
575 639 640 691 et
682 629 1199 690 exsultationibus
1213 673 1231 704 ,
1291 629 1512 711 quibus
1555 646 1823 711 agrestes
1862 645 1945 694 et

155 736 411 797 incomti
455 734 854 793 comisatores
896 729 1229 804 indulsere,
1270 732 1501 791 sensim
1527 746 1946 794 successerunt

152 836 369 896 fidium
405 843 514 894 aut
546 833 837 892 tibiarum
870 830 1326 904 modulamina,
1369 841 1587 893 cantus
1626 851 1945 910 argumen-

154 938 279 998 tosi
302 945 365 995 et
392 932 560 1016 quod
573 932 653 992 de
675 951 800 992 uno
828 950 1049 1010 genere
1076 930 1309 991 dictum
1333 932 1502 1001 valet
1528 931 1606 992 de
1631 934 1945 994 omnibus:

298 1079 395 1129 Hic
427 1081 658 1142 Juvenum
694 1074 896 1134 chorus,
933 1075 1018 1121 ille
1054 1090 1247 1134 senum,
1286 1076 1367 1136 qui
1402 1076 1612 1121 carmine
1649 1077 1812 1123 laudes

297 1165 566 1213 Herculeas
605 1170 653 1209 et
687 1162 819 1208 facta
853 1160 1047 1218 ferunt,
1084 1166 1139 1205 ut
1173 1159 1325 1220 prima
1360 1174 1598 1207 novercae

294 1257 513 1297 monstra
545 1241 694 1294 manu*
726 1245 1040 1310 geminosque
1077 1245 1262 1290 eliserit
1297 1258 1508 1308 angues3

300 1361 361 1371 -
513 1360 572 1369 —
725 1357 785 1366 —
860 1338 917 1377 ut
955 1330 1102 1378 duros
1124 1331 1272 1378 ‘mille
1308 1329 1499 1378 labores

296 1420 573 1482 pertulerit3

153 1549 267 1591 nec
327 1530 586 1590 aberant
641 1529 895 1589 consoni
940 1536 1147 1588 motus
1191 1536 1520 1609 gestusque
1562 1548 1798 1604 eorum,
1843 1534 1947 1611 qui

156 1632 396 1690 cantica
463 1628 842 1690 desultantes
903 1629 1261 1691 universam
1313 1649 1445 1689 rem
1499 1631 1588 1690 ita
1644 1633 1949 1711 exprime-

155 1731 337 1804 bant,
405 1739 479 1790 ut
545 1732 652 1811 qui
703 1730 854 1788 haec
907 1731 1259 1807 spectacula
1315 1741 1734 1810 capesserent,
1797 1730 1948 1791 deos

155 1832 327 1911 ipsos
399 1850 538 1891 cum
608 1830 876 1889 inimicis
943 1830 1072 1888 suis
1142 1829 1558 1890 conflictantes
1627 1841 1688 1889 et
1756 1830 1947 1890 modo

156 1933 470 1992 vincentes
529 1928 719 1990 modo
773 1930 968 1990 victos
1029 1937 1092 1986 et
1145 1928 1388 2006 fugatos
1433 1930 1551 1989 sibi
1596 1929 1811 1992 videre
1854 1932 1951 1993 vi-

155 2030 460 2091 derentur.
573 2029 700 2090 Sed
767 2028 851 2089 ad
914 2028 1073 2088 hanc
1140 2031 1290 2089 artis
1353 2034 1950 2091 consummationem

153 2131 462 2211 gradatim
499 2139 870 2211 perventum
918 2147 1053 2188 esse
1096 2138 1158 2188 et
1200 2132 1360 2189 ratio
1405 2132 1601 2191 vincit
1635 2139 1699 2190 et
1733 2132 1952 2190 literae

158 2231 412 2306 docent3
479 2250 625 2291 nam
691 2240 854 2291 certe
910 2228 1201 2288 homines
1261 2230 1474 2289 multis
1530 2239 1673 2290 ante
1729 2231 1972 2290 seculis,

158 2351 374 2392 canere
418 2340 482 2389 et
523 2331 752 2391 saltare
797 2338 1163 2406 coeperunt,
1226 2348 1411 2408 quam
1457 2340 1817 2408 argumenta
1859 2348 1954 2389 se-

156 2452 293 2492 rere
359 2448 556 2510 eaque
623 2426 968 2486 describere
1022 2428 1264 2488 actibus
1323 2439 1385 2488 et
1439 2449 1596 2491 voce
1652 2448 1724 2488 ac
1777 2439 1953 2506 gestu

157 2539 642 2613 repraesentare
692 2525 1071 2587 didicissent.
1188 2529 1272 2587 Et
1353 2548 1542 2608 quum
1616 2529 1738 2589 huc
1813 2549 1957 2609 pro-

155 2633 348 2711 gressi
405 2637 640 2700 essent,
717 2645 846 2686 non
900 2637 995 2687 est
1050 2626 1346 2701 dubium,
1416 2630 1567 2709 quin
1626 2629 1799 2708 prius
1855 2630 1954 2689 vi-

159 2741 261 2792 tae
317 2728 715 2812 quotidianae
769 2736 1016 2790 eventa.
1050 2746 1379 2808 moresque
1424 2739 1486 2788 et
1528 2729 1692 2788 facta
1737 2746 1954 2789 eorum

162 2829 522 2910 quibuscum
565 2836 846 2907 agerent,
901 2846 1086 2909 quam
1132 2829 1388 2890 deorum
1433 2830 1813 2909 heroumque
1855 2848 1955 2889 res

163 2939 364 3008 gestas
418 2931 648 2991 imitati
701 2928 948 2988 fuerint.
1045 2930 1429 2993 Revocemus
1483 2929 1665 2989 nobis
1696 2930 1785 2989 in
1827 2949 1954 2990 me-

163 3030 429 3090 moriam
495 3029 802 3111 pueritiae
845 3039 1104 3090 'nostrae
1162 3030 1612 3090 oblectamenta
1640 3025 1714 3111 [¹³]
1731 3074 1748 3104 ,
1812 3049 1955 3110 pro-

283 3191 350 3249 [b]
382 3191 553 3243 Παῖδες
590 3193 775 3243 ἔπαιζον
817 3190 946 3236 αὐτοὶ
987 3192 1088 3236 καθ’
1123 3191 1310 3242 ἑαυτοὺς
1340 3218 1391 3226 -
1426 3191 1476 3237 τὸ
1510 3192 1560 3239 δὲ
1591 3191 1871 3253 παιζόμενον
1900 3187 1957 3249 ἦν

168 3252 293 3295 δίκαι
333 3252 411 3294 καὶ
449 3266 557 3306 narn
591 3254 712 3311 ορίαι
757 3252 834 3294 καὶ
873 3249 1118 3309 ἀπαγωγαὶ
1160 3254 1252 3295 τῶν
1293 3249 1606 3310 ἁλισκομένων
1645 3254 1869 3298 Plutarch.
1900 3255 1954 3296 V.

168 3311 267 3353 Cat.
308 3310 418 3353 Min.
462 3324 498 3352 c.
539 3310 560 3352 I
587 3341 597 3351 .
638 3309 684 3353 id
725 3309 884 3352 dicitur
913 3308 1099 3353 ludum
1145 3310 1480 3366 adjudices
1510 3326 1801 3355 exercere.
1831 3327 1871 3356 v.
1903 3313 1954 3355 P.

169 3368 316 3412 Faber
344 3369 548 3411 Semestr.
577 3367 629 3410 L.
660 3368 697 3414 1.
727 3382 770 3426 p.
799 3367 870 3410 29.
901 3367 1092 3426 nullique
1122 3368 1404 3426 periculosius
1434 3369 1519 3414 fuit
1547 3385 1674 3428 quam
1705 3371 1838 3428 Cyro.

1535 3445 1618 3503 43
