2158 3848
792 238 1241 284 oRPfl1cA.
1779 221 1905 284 425

135 372 378 438 τούτων
417 370 767 456 διαφοράν,
812 367 1043 431 οὑτωσὶ
1087 367 1282 452 λέγων
1325 368 1393 428 ἐν
1436 369 1572 434 ταῖς
1618 366 1907 430 Δωδεκα-

136 473 365 556 ετηρίσι
1339 539 1342 541 Α

260 583 442 636 ''Em-at
477 581 532 634 δ’
572 574 715 643 αὖτις
750 579 879 652 ἀνὴρ
915 579 947 649 ἢ
983 581 1219 650 κοίρανος
1253 572 1674 649 ἠὲτῦραννοςΡ]

272 667 306 737 ἢ
339 666 580 735 βασιλεὺς
614 664 673 728 ὃς
707 672 870 736 τῆμος
905 667 958 728 ἔς
991 664 1210 736 οὗρανὸν
1240 665 1402 727 ἵξεται
1438 659 1607 719 αῗπύν.

135 788 395 851 quorum
438 770 741 829 sententia
783 787 822 829 a
859 767 1166 847 Scaligero
1210 784 1534 848 perperam
1576 763 1820 826 reddita
1834 760 1910 846 [b]

132 871 501 951 perspicitur
556 887 642 928 ex
692 870 771 929 iis
785 911 803 942 ,
876 887 1032 950 quae
1083 867 1507 928 Mathematici
1572 864 1652 924 de
1706 864 1913 943 genesi

133 971 532 1050 imperatoria
575 970 977 1051 praecipiunt.
1033 967 1326 1028 Manetho
1370 966 1440 1026 L.
1483 967 1529 1025 I.
1574 966 1718 1025 277.

268 1079 456 1135 εΗνίκα
492 1081 544 1135 δ’
584 1079 885 1152 εὗκερόεσσα
918 1081 1077 1147 μέσον
1112 1076 1270 1132 πόλον
1307 1077 1651 1149 ἀμφιβεβῶσα

274 1165 442 1237 ἠέλιός
474 1167 515 1219 τ’
556 1167 840 1236 ἐπίκεντρος
875 1166 928 1218 ἓν
964 1164 1268 1235 ἀρσενικοΐσι
1303 1159 1522 1228 τόποισι,

272 1257 510 1322 γεννῶσιν
543 1255 797 1320 βασιλῆα,
835 1249 963 1310 θεὸν
997 1246 1190 1320 βροτόν
1225 1245 1595 1319 ἀνθρώποισιν.

136 1352 299 1434 quod
354 1352 570 1418 eodem
620 1351 817 1433 modo
861 1351 1249 1411 Ptolemaeus
1305 1349 1497 1411 tradit
1541 1347 1785 1409 Tetrab.
1847 1347 1916 1408 L.

134 1453 236 1514 IV.
280 1451 382 1514 45.
425 1454 499 1515 A.
556 1457 633 1518 ἓν
691 1456 1037 1537 ἅρσενικοῖς
1081 1451 1327 1535 ζῳδίοις
1382 1453 1596 1519 ὄντων,
1645 1449 1918 1533 ἀμφοτέ-

136 1580 266 1638 ρων
319 1562 451 1618 τῶν
493 1551 725 1637 φώτων
779 1554 886 1617 καὶ
938 1553 1311 1635 ἐπικέντρων
1355 1589 1441 1598 --
1494 1552 1553 1613 οἱ
1606 1545 1919 1636 γεννώμε-

136 1682 235 1721 νοι
278 1659 552 1740 βασιλεῖς
595 1656 858 1718 ἔσονται.
927 1663 990 1712 et
1033 1671 1189 1732 quae
1234 1651 1315 1712 ad
1360 1651 1590 1732 Orphei
1635 1649 1920 1709 similitu-

137 1759 345 1819 dinem
389 1755 672 1836 proxime
716 1753 1044 1828 accedunt,
1100 1752 1343 1813 Manilii
1387 1751 1579 1831 verba
1638 1748 1716 1809 de
1753 1745 1938 1828 judi-v

137 1860 223 1919 eis
266 1859 640 1936 horoscopo:
1646 1855 1652 1861 ·

281 1974 422 2022 Illum
457 1973 598 2020 urbes
637 1980 686 2019 et
722 1987 874 2037 regna
909 1978 1118 2019 trement
1152 1977 1366 2034 nutuque
1401 1976 1632 2035 regentur

276 2061 420 2108 unius
453 2067 502 2106 et
539 2059 665 2106 coeli
700 2065 811 2121 post
844 2064 1000 2105 terras
1037 2073 1190 2123 regna
1224 2056 1500 2107 manebunt.

138 2160 208 2220 L.
250 2157 355 2218 IV.
414 2154 557 2216 552.
614 2156 686 2215 cf.
731 2156 784 2215 F
787 2158 981 2215 irmic.
1025 2155 1185 2215 VIII.
1248 2154 1344 2215 19.
1402 2151 1545 2214 225.
1609 2163 1671 2214 et
1714 2153 1923 2214 Tzetz.

142 2257 298 2319 Chil.
339 2259 388 2317 I.
430 2256 576 2317 474.
637 2256 1100 2339 Δωδεκαετηρὶς
1154 2263 1268 2319 τοῦ
1314 2254 1461 2324 Διὸς
1518 2273 1557 2314 a
1599 2254 1926 2315 Zoroastre

141 2367 346 2420 sumta
390 2365 559 2417 extat
600 2357 667 2415 in
712 2355 1033 2437 Geoponn.
1077 2356 1148 2416 L.
1191 2357 1234 2416 I.
1283 2375 1331 2414 c.
1382 2354 1478 2414 12.
1525 2353 1597 2414 cf.
1640 2351 1792 2415 Adr.
1818 2350 1926 2412 Ju-

138 2461 315 2519 nium
359 2457 436 2517 de
477 2456 636 2518 Ann.
682 2466 744 2516 et
784 2457 977 2517 Mens.
1024 2478 1071 2517 c.
1115 2457 1192 2517 Π.
1250 2455 1624 2534 Scaligerum
1670 2453 1752 2513 ad
1793 2452 1925 2513 Ma-

139 2559 245 2619 nil.
289 2559 358 2618 L.
402 2559 478 2618 H.
520 2578 582 2638 p.
628 2555 771 2618 256.
816 2557 960 2619 291.
1006 2557 1382 2618 salmasium
1419 2548 1507 2614 'de
1548 2553 1710 2615 Ann.
1743 2550 1922 2614 Clim.

139 2680 202 2742 p.
245 2659 389 2720 238.
457 2658 735 2739 aliosque
789 2657 867 2718 ab
913 2658 1143 2718 Eberto
1202 2658 1499 2736 allegatos
1552 2657 1620 2716 in
1661 2655 1924 2715 Dissert.

143 2759 326 2825 Sicul.
372 2759 441 2819 T.
485 2760 532 2818 Ι.
574 2778 636 2840 p.
680 2758 740 2819 4.
828 2758 1211 2820 Onomacriti
1252 2777 1480 2819 nomen
1535 2775 1572 2816 a
1617 2756 1925 2835 Scaligero

144 2862 236 2943 (in
275 2860 519 2939 Fragm.
565 2856 814 2941 Chron.)
857 2862 924 2920 in
979 2862 1094 2921 hac
1147 2878 1332 2921 causa
1385 2866 1750 2938 usurpatum
1794 2856 1920 2915 nol-

146 2960 295 3034 lem3
338 2979 482 3021 nam
526 2961 677 3021 haec
719 2961 1085 3039 astrologica
1128 2962 1429 3033 carmina,
1472 2959 1655 3031 Dies,
1702 2956 1926 3039 Opera,

148 3069 209 3119 et
250 3060 346 3120 his
385 3061 717 3121 intertexta
757 3060 1228 3136 DodecaeteriS‚
1294 3063 1429 3123 sive
1474 3078 1550 3119 ex
1593 3067 1796 3119 aetate
1838 3067 1927 3118 te-

268 3244 333 3300 [2]
367 3242 549 3300 Legitur
577 3244 802 3302 disjunctis
833 3245 1014 3302 syllabis
1045 3248 1164 3293 ἔσται
1199 3245 1238 3290 ‹5’
1274 3238 1334 3289 αὖ
1363 3261 1439 3294 τις.

267 3331 329 3387 [b]
363 3330 407 3372 Is
445 3331 551 3376 dicit
589 3335 851 3391 apotelesma
893 3334 1112 3392 eujusdam
1144 3333 1418 3378 Genethliaci
1460 3346 1555 3375 esse
1585 3331 1765 3375 consulti
1797 3344 1925 3388 super

152 3391 297 3444 genesi
332 3389 526 3444 alicujus.
