2158 3848
236 204 362 264 640
763 216 1000 262 LIBER
1043 214 1472 261 SECUNDUS.

237 351 393 429 αὐτῇ
449 348 593 418 τούς
651 373 710 409 τε
767 350 990 430 νομέας
1046 346 1284 416 πάντας
1339 347 1442 408 καὶ
1496 347 1641 416 τοὺς
1701 370 2014 431 γεωργους

235 447 389 532 ὑπὲρ
435 455 691 530 καρπῶν
735 449 839 509 καὶ
880 444 1300 529 βοσκημάτων
1342 447 1632 531 γενέσεως
1674 445 1779 506 καὶ
1813 466 2012 523 σωτη-

236 550 371 633 ρίας
416 549 583 607 Orat.
629 548 673 605 Ι.
720 567 778 624 p.
821 546 922 604 61.
968 546 1139 622 eujus
1183 546 1484 622 gregalem
1543 543 1831 624 producit
1873 543 2013 602 Phi-

236 651 525 708 lostratus
570 645 641 702 V.
687 643 892 723 Apoll.
936 644 1040 702 111.
1083 643 1185 703 43.
1235 642 1373 703 131.
1417 652 1621 729 γραῦν
1665 638 2012 728 ἅγύρτριαν

232 747 697 827 μαντευομένην
743 742 894 825 ὑπὲρ
940 741 1280 825 προβάτων
1319 743 1424 804 καὶ
1456 752 1585 805 τῶν
1618 740 1923 805 τοιούτων
1939 743 2012 819 [²]

233 855 584 925 sequentem
641 845 706 902 in
762 842 877 900 hoc
932 842 1319 923 praeclarum
1375 840 1530 900 deae
1583 839 1886 922 praesidis
1944 859 2014 898 ac

232 955 533 1025 patronae
591 942 949 1021 exemplum
1008 941 1085 1000 ab
1142 942 1257 1000 hac
1299 941 1567 1007 salutari,
1601 959 1749 1001 eura⁴
1786 958 2014 1000 nomen

231 1045 564 1104 Montanae
606 1041 825 1100 Matris
870 1040 1133 1120 adeptae
1152 1037 1245 1121 [b].
1305 1038 1430 1100 Sed
1472 1039 1668 1100 multo
1713 1040 2016 1118 gravioris

232 1145 533 1204 momenti
577 1151 670 1201 est
712 1139 878 1221 quod
923 1139 1199 1219 ejusdem
1242 1139 1450 1199 Rheae
1495 1139 1816 1199 sacrificuli
1851 1155 2016 1198 mor-

232 1246 348 1305 bos
393 1261 632 1315 sacroS,
676 1251 746 1301 ut
790 1240 912 1300 dici
953 1241 1184 1313 solent,
1231 1249 1292 1298 et
1335 1237 1582 1301 divinos
1616 1256 1840 1298 curare
1873 1256 2018 1318 pro-

231 1345 382 1404 fessi
426 1350 602 1414 sunt,
648 1349 847 1399 totum
890 1341 1006 1399 hoc
1049 1358 1235 1417 genus
1280 1337 1649 1410 medicinae,
1691 1337 1860 1418 quod
1904 1355 2016 1396 no-

233 1445 343 1502 stri
387 1440 635 1514 medici,
678 1458 892 1518 graeco
936 1440 1170 1499 scilicet
1200 1437 1526 1510 vocabulo,
1569 1437 2016 1512 Psychiatriam

233 1542 476 1612 dicunt,
534 1539 613 1599 ab
671 1540 766 1599 his
826 1538 1178 1616 vulgaribus
1221 1535 1545 1609 remediiS,
1601 1536 1931 1614 gyrgathis-
1958 1546 2020 1594 et

231 1640 678 1722 phlebotomis,
746 1639 827 1699 ad
879 1640 1028 1698 artis
1084 1638 1392 1715 auguralis
1449 1654 1672 1696 arcana
1725 1653 2018 1713 revocan-

231 1752 340 1802 tes.
426 1739 587 1800 Nam
656 1757 867 1798 omnes
935 1738 1368 1797 insolentiores
1445 1737 1637 1796 animi
1697 1720 2016 1815 perturba-

230 1843 434 1900 tiones
490 1838 614 1911 dii,
674 1857 937 1918 quorum
995 1839 1090 1897 illi
1134 1857 1308 1898 sacra
1351 1833 1896 1909 administrabant,
1955 1844 2018 1893 et

231 1942 503 2000 incutere
536 1948 622 1998 <et
675 1937 892 1997 sedare
949 1937 1164 1998 crediti
1220 1944 1380 1997 sunt.
1470 1934 1573 1996 Sic
1616 1937 1781 1997 enim
1826 1934 2016 1994 Phae-

233 2040 407 2100 dram
451 2039 756 2100 furentem
805 2040 1135 2119 compellat
1177 2038 1426 2098 chorus:

570 2150 646 2202 Σὺ
680 2150 775 2221 γὰρ
812 2150 1017 2215 ἔνθεος,
1058 2144 1099 2203 ὦ
1133 2149 1310 2219 κούρα,

569 2234 661 2287 εἴτ’
703 2237 757 2286 ἐκ
792 2235 975 2297 Πανὸς
1011 2234 1107 2287 εἴθ’
1137 2232 1355 2297 Ἑκάτας

567 2319 599 2388 ἢ
635 2324 831 2387 σεμνῶν
862 2317 1215 2390 Κορυβάντων

569 2404 594 2423 Ἃ

564 2427 596 2472 η
628 2403 827 2476 ματρὸς
859 2404 1059 2476 οὐρείας
1095 2404 1384 2475 φοιταλέου.

353 2536 419 2593 [8]
453 2535 569 2577 Idem
600 2533 675 2575 VI.
708 2533 775 2576 11.
805 2530 905 2576 248.
934 2534 1257 2577 instrumentum
1286 2534 1414 2590 hujus
1445 2535 1552 2577 artis
1581 2535 1772 2582 nominat
1798 2533 2014 2577 cribrum:

233 2596 370 2655 γρᾶες
412 2592 667 2651 ἀνημμέναι
709 2588 897 2634 κόσκινα
937 2596 1158 2649 φοιτῶσιν
1198 2594 1275 2636 ἐπὶ
1304 2597 1524 2650 ποιμένας
1553 2595 1629 2636 καὶ
1657 2588 1904 2647 βουκόλους
1931 2587 2014 2634 ἰώ·-

231 2668 367 2712 μεναι
395 2650 449 2694 τὰ
481 2650 702 2694 νοσοῦντα
730 2651 820 2691 τῶν
847 2646 1152 2708 θρεμμάτων,
1194 2653 1416 2708 μαντικῇ,
1463 2647 1524 2699 ὥς
1553 2663 1711 2706 φασιν.
1779 2649 1832 2692 Id
1863 2648 2013 2704 quanti

234 2726 334 2754 usus
376 2709 509 2762 fuerit
552 2709 597 2750 in
625 2708 754 2750 rebus
783 2707 917 2749 saeris
948 2707 1164 2750 Lucianus
1195 2707 1383 2750 ostendit
1410 2708 1455 2750 in
1483 2706 1716 2750 Alex.-1x.
1750 2706 1817 2749 13.
1848 2707 1902 2749 T.
1933 2706 2010 2749 IX.

232 2770 308 2812 ubi
350 2770 403 2811 ad
446 2765 719 2810 infamandos
758 2764 1076 2821 superstitiosos
1113 2766 1222 2808 satis
1262 2779 1358 2806 esse
1408 2765 1516 2808 dicit
1562 2769 1608 2809 εἴ
1644 2782 1709 2814 τις
1750 2764 1945 2820 αὐλητὴν
1988 2761 2016 2816 ἢ

230 2824 541 2886 τυμπανιστὴν
580 2821 608 2878 ἢ
648 2820 891 2882 κυμβάλοις
930 2826 1173 2881 κροτοῦντα
1224 2819 1532 2880 ἐπαγόμενος,
1576 2829 1798 2879 κοσκίνῳ,
1840 2821 1890 2866 τὸ
1935 2825 2015 2866 τοῦ

231 2883 395 2944 λόγου,
437 2879 790 2943 μαντευόμενον.
834 2881 1001 2924 Aelian.
1045 2882 1103 2924 H.
1134 2883 1215 2924 An.
1247 2880 1369 2923 VIII.
1402 2881 1442 2924 5.
1475 2882 1683 2940 ἀλφίτοις
1708 2878 2017 2940 μαντεύονται

231 2958 347 2993 τινες
375 2946 452 2986 καὶ
482 2945 708 2989 κοσκίνοις
737 2942 813 2983 καὶ
841 2944 1080 2999 τυρίσκοις.
1419 2955 1429 2964 ·

350 3011 412 3068 [b]
444 3010 571 3053 Diod.
603 3011 684 3054 III.
716 3010 786 3052 57.
817 3010 890 3066 qui
920 3023 1027 3061 eam,
1057 3022 1184 3065 quum
1215 3007 1353 3050 adhuc
1383 3012 1634 3050 versaretur
1662 3009 1776 3050 inter
1804 3008 2011 3060 homines,

234 3066 498 3127 καθαρμοὺς
535 3072 628 3112 τῶν
667 3064 813 3111 νόσων
853 3069 943 3111 τῶν
973 3070 1144 3121 κτηνῶν
1173 3080 1220 3108 τε
1250 3067 1327 3109 καὶ
1359 3071 1532 3120 νηπίων
1561 3066 1743 3111 παίδων
1772 3064 2012 3124 εὶςηγήσα-
2044 3117 2046 3120 Υ

232 3133 342 3172 σθαι
384 3126 584 3182 ἐπῳδαῖς
629 3128 908 3184 σωζομένων.
952 3125 1116 3168 Xanthi
1146 3123 1286 3180 Lydi,
1332 3137 1456 3181 quem
1495 3124 1738 3168 Creuzerus
1767 3125 1918 3180 Symb.
1951 3124 2010 3166 II.

230 3185 302 3228 46.
334 3200 360 3228 a
388 3185 581 3227 Diodoro
611 3199 857 3242 expressum
887 3189 1026 3242 putat,
1055 3182 1196 3225 nullus
1225 3182 1336 3239 pilus
1366 3182 1477 3225 inest
1504 3183 1549 3225 in
1576 3183 1658 3225 hac
1687 3183 1842 3240 putida
1863 3182 2010 3238 dispu-

232 3244 397 3287 tatione
436 3245 695 3299 pragmatici
735 3243 954 3298 cujusdam
995 3241 1236 3284 fabularum
1263 3240 1526 3298 interpretis.
1558 3241 1762 3285 Ceterum
1791 3239 2009 3286 veterina-

232 3303 339 3345 riam
381 3307 515 3344 artem
556 3316 640 3344 non
665 3301 881 3358 indiguam
911 3300 1101 3343 habitam
1133 3313 1231 3342 esse
1259 3299 1415 3344 divinis
1444 3298 1631 3355 ingeniis
1657 3299 1814 3344 docent
1843 3295 2008 3340 Chiron

234 3366 278 3403 et
310 3358 549 3417 Melampus
581 3373 732 3416 augur.
764 3375 806 3402 v.
838 3359 1075 3403 Columella
1104 3358 1250 3400 Praef.
1282 3356 1335 3399 L.
1364 3357 1402 3400 1.
1430 3355 1500 3400 32.
1530 3354 1632 3401 427.
