2158 3848
849 222 1305 267 onrnrcA.
1844 212 1970 273 547

183 359 477 437 serpinae‘
512 345 818 414 connubio
850 351 1072 417 Furias
1096 354 1469 429 „progenitas
1514 371 1646 412 esse
1681 351 1970 418 Proculus

182 458 364 517 docet
416 456 482 514 iu
530 453 694 515 Crat.
749 471 812 532 p.
863 451 1002 510 100.
1058 450 1431 534 Περσεφόνη
1475 459 1747 516 καλεῖται
1788 457 1970 538 μάλι-

182 579 301 620 στα
363 555 402 635 ἡ
470 554 642 637 Κόρη
701 560 795 635 τῷ
852 549 1188 615 Πλούτωνι
1246 561 1527 617 συνοῦσα
1582 590 1669 600 --
1721 590 1809 601 ——
1867 559 1972 619 καὶ

181 662 664 740 συναπογεννᾶν
717 653 831 723 τὰς
886 657 954 717 ἓν
997 659 1127 722 τοῖς
1169 653 1576 733 ὑποχθονίοις
1618 655 1972 737 Εὐμενίδας

181 757 446 842 λέγεται·
494 755 717 835 quibus
763 756 881 814 etsi
924 773 1154 813 nomen
1200 753 1434 835 Orphei
1477 773 1604 814 non
1647 754 1974 815 subscribi-

179 866 299 930 tur,
343 866 554 916 tamen
585 855 665 915 ad
693 856 857 915 hunc
884 856 1280 935 potissimum
1310 864 1622 915 auctorem
1650 855 1973 915 referenda

175 956 484 1018 videntur.
574 957 875 1017 Similiter
915 958 981 1015 in
1028 955 1219 1034 Orph.
1263 954 1344 1014 H.
1388 954 1584 1014 LXX.
1628 956 1745 1014 hae
1789 955 1974 1019 divae

176 1059 546 1119 invocantur
587 1059 933 1143 θυγατέρες
972 1054 1263 1141 μεγάλοιο
1302 1054 1449 1124 Διὸς
1475 1055 1768 1133 χθονίοιο
1806 1064 1974 1141 Φερ-
2053 1127 2056 1130 .

179 1155 447 1240 σεφόνης
499 1160 561 1220 τ’
621 1162 856 1241 ἐρατῆς.
918 1154 1224 1236 Apulejus
1272 1153 1349 1212 de
1394 1153 1677 1233 orthogr.
1722 1175 1783 1236 p.
1834 1157 1972 1216 131.

175 1257 467 1316 Furiae
547 1294 634 1302 —
715 1258 951 1317 filiae
1035 1253 1466 1314 secundum
1545 1255 1971 1316 Eudemum

173 1357 656 1418 Acheruntis
701 1366 773 1416 et
816 1355 1087 1417 Noctis
1131 1355 1463 1414 fuerunt
1496 1393 1581 1401 —-
1619 1354 1973 1436 Orpheus

175 1458 541 1518 Plutonis
587 1466 663 1516 et
706 1457 1259 1537 Proserpinae,
1303 1455 1412 1515 ubi
1454 1458 1661 1538 ipsum
1707 1457 1975 1517 Eudemi

173 1578 404 1619 nomen
465 1557 651 1617 fidem
698 1558 849 1617 facit
893 1557 1212 1639 Orpheum
1258 1556 1652 1635 Theogoniae
1687 1557 1975 1617 vcondito-

79 1680 84 1685 *
173 1680 336 1734 rem,
379 1678 508 1719 non
550 1658 712 1719 hunc
754 1660 1063 1721 novitium
1101 1658 1545 1736 hymnologum
1588 1660 1931 1736 significari.

963 1857 998 1938 ξ
1086 1859 1188 1917 27.

341 2033 693 2113 Antequam
738 2051 890 2093 vero
936 2031 1310 2111 Proserpina
1353 2050 1392 2090 a
1425 2018 1686 2092 Plutone
1729 2052 1974 2114 rapere-

172 2146 292 2208 tur,
348 2132 592 2214 Jupiter
646 2135 784 2214 ipse
825 2133 1020 2192 filiam
1064 2133 1420 2205 incestavit3
1466 2150 1653 2210 quam
1700 2133 1974 2194 fabulam

175 2216 460 2315 Orpheus
504 2234 743 2314 primus
790 2231 1002 2292 dedita
1050 2250 1242 2312 opera
1277 2233 1586 2306 tractavit,
1630 2236 1814 2292 ceteri
1840 2245 1974 2294 tan-
2022 2313 2026 2316 Δ

174 2346 307 2395 tum
353 2334 611 2394 strictim
658 2333 1000 2410 attingunt,
1058 2342 1274 2391 natum
1318 2333 1460 2392 hinc
1504 2333 1802 2410 Zagreum
1846 2354 1974 2393 me-

173 2444 521 2507 morantes,
583 2440 647 2491 et
702 2434 1035 2513 praecipue
1094 2431 1261 2491 docti
1304 2431 1740 2506 Alexandrini,
1789 2431 1974 2493 Calli-

173 2535 430 2595 machus
487 2544 550 2593 et
604 2533 943 2613 Euphorio.
999 2532 1351 2609 Hesychius
1410 2541 1474 2592 et
1527 2534 1735 2610 Etym.
1780 2533 1866 2593 M.
1911 2555 1971 2615 p.

176 2636 320 2696 213.
395 2633 679 2721 Ζαγρεύς
760 2633 793 2696 ὅ
864 2630 1175 2702 Διόνυσος
1241 2634 1413 2717 παρὰ
1481 2641 1611 2704 τοῖς
1671 2643 1969 2714 ποιηταῖς·

173 2737 348 2800 δοκεῖ
396 2736 520 2822 γὰρ
574 2735 607 2798 ὃ
665 2733 825 2812 Ζεὺς
878 2741 1138 2819 μιγῆναι
1192 2742 1267 2814 τῇ
1328 2733 1740 2819 Περσεφόνῃ,
1798 2739 1860 2806 ἐξ
1901 2732 1972 2815 ἧς

177 2836 211 2898 ὃ
249 2834 515 2917 χθόνιος
560 2833 898 2905 Διόνυσος·
945 2833 1341 2916 Καλλίμαχος

316 2945 415 3001 Ῡῖα
447 2945 723 3003 Διώνυσον
756 2946 966 3018 Ζαγρέα
997 2947 1279 3023 γειναμένη.

177 3049 546 3110 Primarium
618 3068 771 3111 vero
839 3049 1059 3109 harum
1129 3046 1584 3128 turpitudinum
1657 3056 1971 3109 auctorem

182 3149 483 3210 creditum
540 3169 674 3211 esse
735 3147 1083 3229 Orpheum,
1147 3149 1395 3210 Tatiani
1452 3148 1651 3207 oratio
1699 3149 1971 3209 ostendit

181 3272 229 3310 c.
277 3251 382 3310 Gr.
425 3249 587 3310 VIII.
631 3270 693 3332 p.
736 3250 881 3310 251.
939 3251 1097 3321 Ζεὺς
1140 3248 1421 3335 θυγατρὶ
1465 3249 1822 3336 συγγίνεται
1866 3250 1971 3312 καὶ

182 3352 220 3431 ἡ
264 3347 558 3435 θυγάτηρ
598 3348 709 3413 ἄπ’
757 3351 953 3412 αὐτοῦ
989 3348 1147 3413 κύει·
1194 3345 1577 3432 μαρτυρήσει
1610 3376 1718 3433 μοι
1754 3351 1969 3412 Ἔλευ-

1466 3446 1632 3508 35*
