2158 3848
201 183 328 244 616
732 196 970 243 unua
1011 195 1444 242 SECUNDUS.

202 328 461 387 Dissert.
505 323 584 386 de
625 326 830 386 Morte
872 325 1123 399 Bacchi,
1167 326 1256 386 sic
1299 323 1498 386 adhuc
1541 334 1768 400 statuo,
1808 325 1982 387 lectis

202 428 608 506 expensisque
663 425 950 486 omnibus
968 469 986 499 ‚
1031 443 1187 505 quae
1226 424 1561 485 Muellerus
1602 426 1670 483 in
1711 425 1983 504 Prolegg.

201 526 463 604 Mythol.
518 545 578 605 p.
624 525 765 584 309.
808 528 876 584 in
920 504 1293 583 contrariam
1333 533 1577 606 partem
1620 523 1985 605 disputavit,

201 627 386 687 nullis
429 626 536 684 ille
580 624 717 683 aliis
761 624 914 682 locis
957 641 1126 696 usus,
1173 641 1358 702 quam
1395 644 1549 704 quos
1574 634 1816 703 egomet
1842 644 1984 704 pro-

201 727 484 787 tuleram.
530 724 715 783 Putat
750 725 850 785 vir
879 722 1097 782 doctus
1135 721 1618 799 Onomacritum,
1663 743 1846 805 quem
1875 743 1986 802 ego

201 828 378 886 istius
423 824 626 901 mythi
669 824 1067 884 architectum
1113 821 1412 897 dixeram,
1457 843 1600 883 eum
1641 843 1681 883 a
1722 825 1988 904 Delphis

203 925 511 1006 accepisse
556 922 1010 998 sacerdotibus3
1055 922 1225 1003 quod
1268 942 1423 1001 nego
1459 923 1590 981 ullo
1615 926 1988 984 testimonio

204 1025 599 1105 comprobari
641 1043 843 1104 posse.
887 1023 1249 1083 Plutarchus
1294 1022 1444 1083 dicit
1486 1022 1565 1082 de
1606 1023 1686 1083 Is.
1728 1022 1989 1084 XXXV.

206 1127 439 1210 Δελφοὶ
481 1126 560 1188 τοὶ
593 1133 708 1188 τοῦ
742 1122 1058 1188 Διονύσου
1094 1124 1360 1208 λείψανα
1394 1125 1536 1208 παρ’
1574 1121 1787 1195 αὖὲοῒς
1818 1125 1989 1208 παρὰ

201 1228 272 1290 τὸ
312 1223 697 1309 χρηστήριον
742 1226 1116 1288 ἀποκεῖσθαι
1159 1224 1544 1307 νομίζουσιν.
1603 1223 1991 1304 Delphorum

202 1327 658 1408 sacerdotes
729 1326 807 1385 de
862 1336 1061 1385 morte
1094 1326 1383 1401 ‘Dionysi
1410 1333 1618 1384 mute
1675 1323 1992 1385 Onoma-

206 1428 480 1486 critum
527 1425 862 1506 quidquam
921 1424 1252 1485 tradidisse
1307 1443 1433 1482 non
1478 1423 1642 1485 dicit.
1729 1424 1857 1485 Nec
1901 1425 1989 1485 di-

203 1528 286 1586 cit
351 1526 586 1606 Hosios
643 1535 968 1607 parentare
1023 1526 1308 1602 Dionyso
1328 1524 1401 1605 [²]
1472 1523 1583 1583 sed
1641 1524 1759 1585 hoc
1811 1525 1993 1604 longe

207 1626 555 1690 diversum:
600 1625 876 1691 θύουσιν
919 1628 981 1689 οἱ
1003 1627 1208 1692 ’Όσιοι
1250 1625 1491 1690 θυσίαν
1533 1623 1882 1707 ἄπόῤῥητον
1925 1628 1994 1690 ἐν

206 1737 297 1811 τῷ
334 1731 485 1812 ἱερῷ
529 1737 642 1792 τοῦ
681 1726 1080 1802 Ἀπόλλωνος,
1125 1729 1280 1792 ὅταν
1315 1730 1381 1789 αἱ
1421 1725 1682 1798 Θυιάδες
1715 1725 1996 1812 ἐγείρωσι

204 1829 320 1891 τὸν
374 1828 697 1908 Λικνίτην.
802 1828 900 1888 Ex
923 1838 1222 1909 >tempore
1264 1830 1452 1906 igitur
1494 1827 1774 1888 sacrificii
1816 1836 1878 1886 et
1920 1845 1997 1886 ex

205 1937 441 1988 secreto
513 1930 926 2007 conjecturam
993 1930 1141 1989 facit
1194 1930 1482 2006 Dionyso
1539 1932 1673 1990 fieri
1725 1939 1992 1992 mortuo.

207 2025 613 2107 Conjecturae
666 2031 997 2090 veritatem
1051 2049 1234 2090 nemo
1291 2031 1662 2111 praestabit,
1715 2032 1821 2111 qui
1862 2039 1996 2090 tum

207 2139 487 2190 veterum
532 2131 902 2210 scriptorum
943 2131 1012 2188 in
1056 2130 1471 2209 conjectandis
1515 2148 1829 2191 sacrorum
1857 2149 1993 2190 cau-

204 2232 289 2288 sis
345 2230 692 2304 levitatem,
747 2240 882 2289 tum
926 2239 1128 2290 cetera
1171 2242 1554 2310 argumenta.
1582 2230 1997 2312 perpenderit,

208 2329 428 2409 quibus
487 2331 851 2391 Plutarchus
908 2329 1333 2392 demonstrare
1391 2328 1676 2406 conatur,
1722 2330 1842 2392 diis
1883 2331 1994 2391 ho-

206 2430 596 2509 minibusque
689 2432 1043 2510 interjectos
1121 2451 1255 2491 esse
1339 2431 1671 2493 daemones
1745 2433 1995 2491 mortali

208 2541 431 2588 natura
487 2529 834 2609 praeditos3
921 2530 1088 2610 quod
1133 2534 1279 2610 quia
1321 2552 1360 2593 a
1402 2544 1682 2595 veterum
1733 2532 1993 2591 Graeco-

209 2649 347 2689 rum
412 2648 596 2689 sensu
659 2631 997 2710 plurimum
1066 2629 1386 2704 abhorret,
1472 2650 1599 2690 non
1654 2633 1776 2692 nisi
1831 2650 1994 2691 com—

211 2731 516 2790 menticiis
573 2730 873 2810 exemplis
935 2730 1280 2789 confirmari
1322 2732 1546 2810 potuit.
1632 2730 1994 2790 Perfacilem

213 2849 357 2909 ergo
403 2849 536 2891 esse
581 2839 858 2912 oportet,
947 2829 1052 2909 qui
1093 2830 1398 2899 Muellero
1438 2830 1735 2891 concedat
1777 2830 1994 2891 choros

218 2933 502 3008 tragicos,
547 2930 770 3010 quibus
811 2930 1089 3008 Sicyonii
1130 2932 1210 2995 τὰ
1253 2929 1465 2994 πάθεα
1507 2939 1620 2995 τοῦ
1658 2929 1993 3015 Ἀδρήστου

216 3033 535 3117 ἐγέραιρον
590 3030 866 3092 Herodo.
910 3030 983 3090 V.
1044 3030 1144 3091 67.
1204 3031 1649 3112 antiquioribus
1703 3032 1996 3112 tempori-

212 3131 328 3191 bus
371 3131 641 3208 Dionysi
686 3151 894 3194 casum
937 3133 1136 3206 illum,
1182 3152 1365 3214 quem
1412 3134 1685 3193 carmina
1729 3132 1995 3213 Orphica

335 3300 400 3356 [a]
433 3300 579 3345 Schol.
612 3302 725 3346 Plat.
757 3318 798 3362 p.
828 3301 927 3347 397.
959 3304 1133 3361 λέγεται
1165 3305 1241 3348 καὶ
1266 3303 1315 3349 τὸ
1339 3300 1583 3349 Διονύσιον
1603 3302 1756 3349 ’Όσιον
1784 3302 1888 3347 nihil
1910 3302 1994 3345 huc

219 3359 440 3417 pertinere
470 3359 653 3404 videtur.
1879 3376 1882 3381 ¹
