2158 3848
812 211 1266 257 onrnch.
1777 199 1903 265 303

125 352 392 428 giarum3
432 365 591 407 nam
636 343 843 406 Circes
885 342 1181 404 veneficia
1236 348 1301 400 et
1341 340 1696 419 Agamedae
1737 343 1904 428 φάρ,

123 475 329 532 μακα,
416 456 776 525 cestumque
827 441 1083 502 Veneris
1154 451 1216 501 et
1271 441 1533 501 Vulcani
1589 453 1906 507 automata

125 549 542 628 unusquisque
602 546 791 607 sentit
850 553 1032 602 extra
1076 559 1324 603 causam
1367 543 1605 604 versari
1632 539 1700 620 [¹]
1720 585 1737 614 ,
1806 561 1905 603 ars

122 648 330 708 autem
372 649 687 726 sanguinis
731 654 914 704 cantu
958 642 1217 702 sistendi
1275 663 1387 702 nec
1445 660 1619 702 sacra
1659 661 1773 702 nec
1814 661 1908 702 se-

123 760 288 808 creta
332 757 455 820 est,
524 747 636 808 sed
678 745 1022 806 medicinae
1068 743 1447 804 domesticae
1498 742 1688 803 modo
1734 741 1911 803 adhi-

123 849 301 907 betur
360 868 436 907 ex
489 828 789 928 tempore.
874 844 976 906 Ad
1032 855 1415 918 extremum,
1475 863 1555 903 ne
1610 844 1774 904 ullus
1827 842 1911 904 ad

122 948 653 1027 tergiversandum
707 948 876 1006 locus
931 946 1338 1023 relinquatur,
1405 944 1581 1003 abest
1636 944 1713 1003 ab
1774 943 1911 1005 Ho-

122 1051 280 1109 meri
325 1049 694 1108 carminibus
739 1045 915 1108 Jovis
959 1045 1203 1105 Purifici
1248 1054 1310 1102 et
1347 1043 1710 1120 Prodigialis
1753 1046 1909 1117 sive,

124 1152 354 1228 graecis
409 1147 795 1221 nominibus,
851 1144 1214 1225 Μειλιχίου,
1273 1144 1696 1226 Παλαμναίου
1710 1190 1733 1218 ,
1776 1152 1910 1209 Ka-

123 1250 435 1333 θαρσίου,
494 1247 773 1320 Φυξίου,
828 1245 1004 1305 abest
1045 1245 1547 1328 Averruncorum
1567 1241 1647 1326 [¹¹]
1706 1253 1769 1304 et
1810 1246 1912 1305 ul·-

122 1362 330 1410 torum
375 1349 656 1408 Manium
699 1347 950 1425 religio,
1008 1345 1230 1426 quibus
1274 1345 1693 1427 propitiandis
1737 1364 1913 1407 sacra

123 1451 404 1512 lustralia
469 1459 526 1509 et
600 1449 969 1508 resolutoria
997 1447 1088 1529 [¹¹¹]
1150 1448 1395 1506 institui
1460 1448 1691 1522 solent3
1763 1449 1914 1528 quin

121 1553 228 1611 ille
282 1553 453 1612 vitae
507 1549 846 1630 perfunctis
892 1548 1176 1627 Orcoque
1235 1549 1498 1627 receptis
1554 1567 1633 1607 ne
1676 1566 1916 1608 memo-

122 1655 281 1713 riam
325 1651 576 1731 quidem
633 1653 803 1712 vitae
858 1658 1004 1708 ante
1058 1657 1261 1720 actae,
1325 1647 1556 1707 nedum
1600 1648 1914 1709 vindictae

125 1751 528 1832 cupiditatem
583 1760 647 1810 et
711 1752 778 1810 in
831 1750 1116 1808 inimicos
1183 1747 1504 1825 grassandi
1556 1749 1914 1809 facultatem

122 1853 433 1931 relinquit.

298 1953 631 2031 Postquam
675 1950 793 2009 huc
835 1947 1146 2029 progressi
1201 1964 1445 2021 sumus,
1493 1947 1655 2022 ‚libet
1696 1948 1914 2029 paulu-

125 2054 255 2113 lum
298 2053 633 2114 subsistere
687 2059 751 2110 et
804 2047 973 2129 quod
1026 2049 1172 2110 viae
1224 2057 1392 2108 retro
1448 2059 1543 2109 est
1588 2050 1782 2110 oculis
1822 2070 1917 2109 re·

127 2156 350 2214 metiri.
438 2154 715 2213 Primum
756 2159 1041 2213 veterum
1070 2149 1454 2209 Graecorum
1496 2151 1782 2209 instituta
1819 2169 1919 2210 sa-

32 2291 36 2293 >
128 2274 260 2333 cra,
327 2253 533 2334 quoad
588 2271 665 2312 ex
707 2252 972 2312 Homeri
1028 2248 1401 2308 carminibus
1446 2251 1730 2328 cognosci
1772 2268 1917 2330 pos-

128 2361 304 2427 sunt,
350 2353 830 2424 delineavimus‚
877 2359 1093 2411 vatum
1137 2347 1654 2429 sacerdotumque
1675 2369 1916 2428 genera,

129 2453 359 2528 officia,
424 2463 588 2514 artes
645 2452 1115 2532 descripsimus3
1189 2468 1309 2529 quo
1364 2449 1748 2530 patefactum
1804 2460 1916 2525 est,

126 2556 368 2616 nullum
444 2573 659 2614 eorum
723 2550 957 2633 Orphei
1030 2549 1301 2610 similem
1365 2549 1573 2610 fuisse.
1670 2550 1918 2611 Deinde

126 2659 420 2738 quoniam
464 2656 596 2735 ejus
649 2643 819 2715 fama
861 2653 1258 2734 potissimum
1311 2652 1713 2729 mysticarum
1768 2653 1916 2712 ceri-

129 2759 480 2818 moniarum
523 2756 892 2816 tractatione
936 2755 1282 2814 continetur
1296 2796 1313 2827 ,
1356 2754 1567 2814 varias
1610 2752 1794 2830 hujus
1818 2773 1918 2831 ge-

131 2860 294 2922 neris
337 2857 571 2940 species
617 2867 680 2917 et
723 2874 940 2917 causas
997 2854 1527 2928 enumeravimus,
1583 2853 1918 2934 earumque

253 3030 320 3092 [¹]
349 3049 393 3079 v.
422 3035 635 3094 Epimetr.
665 3033 749 3078 111.

254 3118 318 3178 [Π]
354 3123 460 3168 Θεοὶ
486 3119 712 3183 τρόπαιοι,
743 3116 884 3169 λύσιοι
934 3117 1194 3182 καθάρσιοι,
1226 3119 1419 3180 ἆγνῖται,
1453 3115 1608 3178 φύξιοι
1636 3117 1747 3164 Poll.
1778 3117 1814 3161 1.
1842 3115 1914 3164 24.

136 3179 458 3238 ἀποπομπαῖοι
484 3181 646 3226 Anecd.
675 3180 816 3224 Bekk.
845 3154 945 3223 453.

257 3267 328 3324 [Β]
362 3267 485 3311 Serv.
514 3269 572 3313 ad
599 3270 709 3314 Aen.
738 3268 815 3310 Iv.
859 3266 960 3311 515.
998 3267 1357 3311 resolutoria
1399 3277 1569 3308 sacra
1598 3264 1666 3307 ab
1697 3262 1915 3333 aruspi-

138 3342 163 3369 c
172 3342 188 3369 1
174 3327 227 3369 b
239 3341 267 3369 u
279 3341 299 3367 s
341 3325 380 3369 f
367 3341 383 3368 1
395 3339 424 3369 u
434 3329 505 3369 nt.
547 3327 769 3371 Gesnerus
807 3331 854 3368 et
889 3326 1157 3370 Forcellinus
1197 3327 1278 3370 hoc
1317 3324 1570 3368 vocabulum
1601 3338 1685 3380 quo
1716 3336 1800 3366 uno
1831 3317 1914 3365 λύ-

137 3398 180 3428 σι
186 3401 227 3430 οι
258 3387 432 3429 τελεταί
456 3384 591 3430 latine
616 3386 740 3430 reddi
769 3390 937 3444 potest,
969 3386 1183 3430 omittunt.
