2158 3848
809 176 1322 274 oRPH1cA.'
1714 174 1922 278 J‘269

155 375 271 433 eris
313 366 653 450 praefuisse
703 368 911 421 narrat
964 358 1033 417 L.
1077 358 1183 417 III.
1230 377 1278 418 c.
1321 358 1380 416 7.
1441 375 1635 437 neque
1689 357 1923 438 Hygini

154 474 231 532 de
271 470 443 529 Brise
485 463 702 543 templi
742 457 1027 537 Lyrnesii
1069 456 1386 518 sacerdote
1428 456 1579 515 Fab.
1626 455 1776 518 CVI.
1819 480 1921 520 ne—

150 589 266 650 que
310 565 794 626 Scholiastarum
836 560 905 619 Il.
949 560 996 618 Ι.
1023 559 1122 618 39.
1169 568 1230 618 et
1274 557 1484 617 Tzetz.
1529 557 1713 635 Exeg.
1734 561 1921 637 p-96.

149 669 227 728 de
282 663 529 726 Crinide
587 662 820 721 cultore
879 659 1187 728 Sminthii.
1295 656 1455 717 Nam
1515 658 1568 715 si
1631 657 1923 737 Virgilius

151 767 423 845 Cyelicos
495 771 786 842 sequutus
845 749 972 833 est‚'
1033 759 1275 837 Virgilii
1342 757 1625 838 aequales
1682 758 1922 836 Dictys,

150 884 358 927 omnes
402 863 478 922 ab
522 863 630 921 illo
674 863 877 941 primo
923 860 1304 940 antiquitatis
1358 858 1559 930 fonte,
1624 857 1923 933 Homero,

147 977 210 1026 et
263 965 339 1024 ab
395 965 549 1042 ipsis
593 961 856 1021 Homeri
911 960 1183 1019 fontibus
1240 958 1623 1018 tantumdem
1686 959 1924 1020 absunt.

149 1064 272 1126 Sed
316 1065 606 1143 quoniam
649 1062 841 1120 semel
881 1063 948 1120 in
991 1062 1146 1125 hanc
1190 1076 1437 1117 causam
1477 1056 1925 1133 descendimus,

149 1163 569 1226 sacerdotibus
612 1162 1063 1242 peregrinitatis
1084 1225 1089 1233 ,.
1108 1158 1415 1218 damnatis
1471 1159 1671 1217 socios
1729 1158 1926 1219 adda-

147 1285 282 1326 mus
335 1274 509 1326 vates
565 1272 628 1322 et
690 1262 1042 1339 sortilegos,
1106 1278 1260 1340 quos
1317 1277 1524 1317 rerum
1570 1258 1927 1320 Troicarum

147 1374 525 1425 enarratores
579 1347 725 1443 post
778 1361 1126 1422 Homerum
1178 1362 1246 1419 in
1303 1362 1621 1420 civitatem
1684 1380 1934 1442 recepe-

145 1474 315 1539 runt3
361 1466 633 1544 primum
675 1463 966 1542 Mopsum
994 1460 1259 1521 Hesiodi
1300 1461 1631 1540 praeconio
1677 1461 1926 1535 clarum,

147 1566 291 1625 dein
335 1563 744 1624 Cassandram
789 1565 857 1622 in
900 1561 1144 1642 Cypriis
1189 1570 1594 1620 memoratam
1630 1561 1823 1621 Procl.
1867 1582 1926 1643 p.

149 1667 308 1725 VlII.
372 1685 484 1723 nec
525 1665 1022 1745 praetermissam
1066 1659 1422 1737 Bacchylidi
1477 1680 1538 1722 v.
1581 1661 1825 1740 Fragm.
1872 1682 1926 1722 a.

148 1765 346 1826 Neuio
393 1764 646 1824 collecta
687 1784 748 1844 p.
791 1763 893 1822 49.
941 1764 1114 1840 cujus
1158 1781 1282 1820 non
1323 1779 1550 1819 nomen
1593 1761 1814 1836 solum,
1858 1771 1930 1822 ut

149 1876 387 1927 veteres
433 1863 734 1923 adnotant
779 1862 979 1922 Schol.
1026 1861 1181 1919 Vict.
1225 1861 1294 1919 Il.
1338 1860 1566 1920 XXIV.
1611 1862 1754 1921 699.
1817 1862 1930 1922 sed

148 1969 355 2047 ipsum
415 1983 602 2042 genus
670 1960 1051 2025 vaticinandi
1098 1960 1379 2020 Homero
1445 1963 1722 2038 ignotum
1793 1962 1927 2022 fuit.

147 2067 369 2125 Postea
401 2064 736 2137 Aesacum‚
782 2064 888 2143 qui
931 2062 1008 2122 ab
1053 2080 1175 2123 avo
1220 2071 1501 2121 materno
1546 2064 1929 2123 somniorum

146 2167 714 2246 interpretationem
762 2163 1050 2223 didicisse
1093 2161 1356 2221 traditur
1373 2165 1443 2240 [⁰]
1492 2181 1615 2222 una
1645 2182 1785 2222 eum
1811 2162 1929 2222 Oe-

149 2285 310 2325 none
351 2265 570 2324 Matris
612 2265 818 2323 Rheae
863 2262 1166 2341 discipula
1208 2262 1490 2320 Parthen.
1536 2283 1583 2322 c.
1626 2262 1730 2322 IV.
1794 2261 1929 2322 Cle-

150 2384 324 2425 mens
371 2364 594 2423 Strom.
637 2365 684 2423 I.
729 2363 871 2423 334.
915 2363 984 2421 B.
1071 2362 1243 2438 Pryli
1285 2361 1542 2436 Lesbio,
1588 2365 1693 2443 qui
1739 2364 1928 2423 Grae-

151 2468 269 2539 cis,
325 2462 635 2545 quomodo
680 2463 868 2542 Troja
923 2464 1062 2542 capi
1104 2471 1347 2542 posset,
1404 2465 1775 2526 vaticinatus
1820 2475 1929 2524 est.

152 2566 354 2626 Schol.
397 2565 543 2642 Lyc.
588 2561 731 2624 219.
789 2573 851 2623 et
894 2563 1198 2622 Telmisso
1254 2560 1678 2624 nobilissimae
1733 2567 1929 2643 gentis

148 2675 397 2727 auctore
439 2663 720 2745 Apollini
776 2682 853 2722 ex
892 2661 1226 2725 Antenoris
1285 2662 1413 2722 filia
1469 2665 1674 2742 genito
1719 2665 1928 2743 Etym.

148 2766 233 2826 M.
274 2786 335 2847 p.
362 2763 505 2824 751.
550 2765 830 2824 Eustath.
876 2763 957 2823 ad
998 2764 1184 2823 Dion.
1211 2760 1353 2823 859.
1441 2763 1745 2824 Parumne
1779 2766 1930 2825 haec

153 2864 491 2938 declarant,
537 2883 644 2924 eos
689 2865 794 2944 qui
834 2872 979 2945 post
1013 2863 1358 2924 Homerum
1403 2883 1500 2923 res
1545 2865 1761 2924 Iliacas
1806 2875 1929 2925 tra-

156 2972 420 3039 ctarunt,
479 2965 748 3045 plurima
792 2963 870 3024 de
914 2982 1026 3025 suo
1072 2966 1470 3046 apposuisse,
1518 2983 1674 3044 quae
1717 2973 1927 3024 utrum

157 3062 234 3122 ab
278 3066 523 3145 antiqua
551 3064 719 3124 fama
761 3075 1010 3146 accepta
1054 3085 1133 3124 an
1177 3065 1253 3124 ab
1297 3066 1451 3145 ipsis
1486 3067 1746 3149 conficta
1783 3068 1925 3139 sint,

157 3172 331 3223 vates
374 3144 594 3245 aliquis
638 3164 818 3236 sciat,
862 3184 988 3226 non
1027 3166 1214 3226 homo
1259 3165 1576 3225 literatus?

325 3261 498 3323 Nunc
562 3262 644 3324 ad
709 3263 1009 3344 reliquam
1064 3275 1304 3345 partem
1371 3267 1691 3327 institutae
1744 3285 1923 3346 quae-

276 3389 338 3443 [0]
372 3387 587 3446 Lycophr.
618 3405 660 3433 v.
688 3388 789 3433 224.
819 3387 1009 3449 Euphor.
1040 3392 1214 3449 Fragm.
1245 3407 1287 3449 p.
1323 3391 1417 3434 178.
