2158 3848
231 192 354 251 510
758 202 992 247 moun
1036 202 1465 247 SECUNDUS.

224 338 337 415 τὴν
363 335 704 417 Εὐρυβίαν.
793 332 996 415 Atque
1032 333 1181 390 haec
1218 334 1306 391 ita
1345 350 1482 391 cum
1518 330 1836 393 Hesiodiis
1862 349 2001 411 con-

227 438 509 506 veniunt,
565 443 633 492 ut
674 432 996 491 Proculum
1052 430 1239 490 modo
1293 432 1475 509 hujus
1529 441 1750 511 poetae
1793 430 2000 503 verba,

226 535 414 595 modo
473 532 701 611 Orphei
761 531 985 590 referre
1031 529 1325 604 dicerem,
1367 533 1489 591 nisi
1533 531 1803 591 obstaret
1845 530 2001 591 illud

227 634 456 714 Πόντῳ
502 630 780 714 φιλότητι
823 636 1091 714 μιγεῖσα,
1135 629 1303 709 quod
1343 632 1410 690 in
1432 630 1696 692 Hesiodi
1736 632 2001 690 carmine

223 754 345 793 non
388 732 624 808 legitur.
669 729 841 788 Plato
889 728 1047 787 Tim.
1092 749 1151 809 p.
1195 729 1297 788 41.
1340 728 1415 791 A.
1461 737 1586 811 Γῆς
1626 757 1692 794 τε
1735 731 1841 793 καὶ
1873 732 2000 795 Οὖ-

225 839 418 915 ρανοῦ
439 830 652 899 παῖδες
674 827 968 898 Ὠκεανός
993 854 1056 890 τε
1083 829 1188 890 καὶ
1219 829 1432 908 Τηθὺς
1455 832 1810 914 ἐγενέσθην,
1853 829 1998 893 τού-

222 957 348 996 των
377 929 447 994 δὲ
471 927 725 1012 Φόρκυς
747 927 987 1012 Κρόνος
1010 953 1076 991 τε
1100 928 1206 991 καὶ
1221 928 1357 991 Ῥέα
1381 929 1487 992 καὶ
1513 930 1648 992 ὅσοι
1671 931 1825 1010 μετὰ
1854 928 1997 993 τού-
2024 955 2026 957 ’

222 1057 368 1105 «των,
414 1049 594 1111 quem
631 1027 713 1088 ad
748 1029 951 1088 locum
977 1025 1338 1088 Chalcidius
1359 1049 1406 1088 c.
1434 1027 1572 1088 126.
1595 1048 1657 1108 p.
1682 1028 1826 1088 326.
1854 1028 2003 1088 haec

221 1132 537 1192 subnotat:
583 1130 929 1209 Exponit
964 1147 1064 1201 ea,
1112 1147 1309 1208 quae
1344 1128 1721 1209 Orpheus,
1764 1127 2002 1187 Linus

221 1243 291 1292 et
332 1232 695 1290 Musaeus
740 1228 827 1287 de
873 1227 1178 1290 divinis
1233 1228 1768 1307 potestatibus
1814 1228 2002 1287 vati-

220 1332 467 1390 cinati
547 1337 754 1400 sunt,
835 1346 979 1386 non
1051 1346 1194 1407 quo
1262 1327 1797 1388 delectaretur
1867 1336 2002 1387 aut

221 1429 603 1500 crederet,
645 1426 780 1486 sed
827 1446 915 1506 qu
934 1425 1027 1486 od
1071 1434 1291 1485 tanta
1334 1438 1538 1486 esset
1572 1429 2000 1486 auctoritas

221 1529 832 1591 vaticinantium
894 1537 971 1584 ut
1023 1527 1122 1584 iis
1189 1528 1503 1605 parcius
1571 1523 1783 1585 credi
1850 1544 2000 1585 non

219 1650 310 1710 op
327 1638 637 1688 orteret.
728 1625 900 1699 Quae
943 1635 1261 1705 praeterea
1306 1625 1620 1705 Orpheum
1667 1624 1745 1684 de
1789 1624 2001 1684 Satur-

217 1750 296 1789 no
342 1727 670 1788 tradidisse
713 1725 985 1786 referunt
1028 1735 1336 1797 auctores,
1380 1723 1637 1785 dubium
1678 1734 1772 1785 est
1815 1744 1894 1784 an
1935 1726 2000 1784 in

218 1830 572 1907 Theogonia
596 1827 919 1907 proposita
939 1825 1181 1885 fuerint.
1228 1825 1412 1884 Velut
1427 1824 1544 1884 hoc
1561 1824 1730 1905 apud
1744 1824 2000 1886 Lactan-

219 1931 372 1988 tium
416 1929 460 1986 I.
504 1927 598 1986 13.
640 1927 734 1985 ll.
779 1925 1132 2005 Orpheus
1188 1925 1602 1985 Saturnum
1654 1927 1731 1984 in
1786 1935 1999 1985 terra

219 2040 291 2087 et
334 2027 536 2107 apud
579 2028 926 2086 homines
971 2042 1338 2103 regnasse
1384 2018 1931 2085 commemorat

358 2152 661 2223 Πρώτιστος
696 2155 788 2220 μὲν
825 2152 1046 2205 ἄνασσεν
1082 2151 1390 2218 ἐπιχθονίων
1426 2147 1629 2221 Κρόνος
1665 2150 1865 2222 ἀνδρῶν
1881 2153 1944 2217 [⁰]

359 2241 411 2290 ἐκ
449 2239 505 2290 δὲ
539 2235 745 2309 Κρόνου
781 2237 928 2306 γένετ’
971 2229 1112 2297 αὖτις
1148 2234 1277 2299 ἄναξ
1309 2236 1468 2305 μέγας
1503 2233 1729 2306 εὗρυόπα
1764 2231 1912 2298 Ζεύς.

219 2376 372 2436 quae
441 2357 562 2414 nisi
621 2374 659 2413 a
719 2353 1037 2414 Lactantio
1099 2355 1238 2434 ipso
1295 2354 1362 2411 in
1417 2352 1574 2411 hanc
1630 2351 1995 2414 brevitatem
2084 2429 2086 2431 Ι

220 2465 525 2517 contracta
579 2465 752 2527 sunt,
810 2474 848 2514 a
905 2455 1157 2534 copioso
1214 2451 1503 2513 narrandi
1558 2467 1807 2530 genere,
1875 2470 1994 2532 quo

219 2556 616 2632 Cosmologus
675 2555 870 2613 utitur
884 2598 900 2626 ‚
955 2553 1219 2613 multum
1276 2552 1639 2631 discrepant.
1725 2551 1844 2611 Par
1886 2550 1997 2611 du·-

218 2657 438 2717 bitatio
498 2655 575 2716 de
632 2653 873 2713 Proculi
928 2652 1175 2712 Scholio
1220 2651 1300 2712 ad
1342 2650 1599 2711 Hesiod.
1645 2649 1805 2732 Opp.
1855 2649 1993 2711 126.

220 2759 251 2819 ὃ
297 2756 414 2838 μὲν
452 2756 725 2838 Ὀρφεὺς
769 2762 880 2817 τοῦ
925 2755 1205 2837 ἀργυροῦ
1249 2753 1466 2836 γένους
1498 2749 1850 2833 βασιλεύειν
1881 2775 1994 2833 φη-

223 2860 283 2918 σὶ
336 2858 450 2919 τὸν
495 2854 739 2937 Κρόνον
793 2854 936 2924 τοὺς
993 2853 1150 2915 κατὰ
1208 2853 1320 2915 τὸν
1364 2852 1653 2934 καθαρὸν
1699 2846 1993 2937 λόγον[“],

336 3027 406 3082 [θ]
428 3022 566 3075 ’Ἀναξ
587 3026 651 3080 ἐκ,
690 3024 804 3081 quod
823 3024 1147 3066 Buenemannus
1181 3022 1330 3074 edidit,
1368 3022 1521 3074 nullus,
1552 3026 1601 3063 ut
1619 3021 1821 3064 Struvius
1850 3020 1993 3072 docet,

222 3085 314 3126 cod.
346 3090 422 3126 aut
450 3083 534 3125 Ed.
570 3084 790 3139 agnoscit3
829 3087 946 3125 recte
972 3082 1195 3125 Walchius
1230 3077 1428 3125 ἄνασσεν
1462 3080 1592 3135 idque
1629 3079 1798 3122 Sedulii
1825 3093 1993 3149 quoque
2029 3108 2032 3111 -

221 3143 355 3185 codex
391 3143 571 3201 praepet
611 3143 653 3183 in
697 3141 1020 3186 Montefalconii
1051 3140 1280 3196 Palaeogr.
1316 3140 1368 3182 L.
1400 3138 1478 3181 ΠΙ.
1507 3153 1549 3195 p.
1579 3135 1680 3181 248.
1736 3137 1822 3181 Pro
1863 3135 1994 3186 αὐτος

220 3201 419 3243 substitui
458 3203 590 3248 αὐτις.
1745 3203 1748 3205 ’

336 3286 404 3344 [f]
438 3305 476 3331 v.
510 3304 626 3347 supr.
658 3295 744 3331 not.
778 3291 818 3331 b.
851 3288 1002 3339 Plato,
1046 3294 1093 3329 ut
1123 3287 1292 3342 Cratyli
1325 3286 1606 3343 etymologias
1630 3283 1816 3340 joculari
1846 3281 1990 3325 imita-

221 3350 333 3390 tione
364 3347 566 3389 ridiculas
597 3350 785 3398 faceret,
818 3361 965 3388 nomen
996 3343 1170 3405 Κρόνος
1199 3345 1303 3387 dicit
1331 3344 1504 3401 proprie
1537 3343 1784 3399 significare
1811 3343 1987 3384 mentem
