2158 3848
246 230 366 291 166
469 266 471 270 -
766 300 770 304 ⁴
828 239 1065 285 LIBER
1108 238 1413 284 PRIMUS.

242 373 503 433 delirum
536 372 787 432 faciant.
884 371 1300 433 Perabsurdae
1353 370 1532 430 nobis
1577 367 1864 430 videntur
1905 368 2018 445 hy‘-

240 472 679 554 perboreorum
736 473 1099 533 Scaldorum
1157 474 1547 531 continuatae
1569 469 2018 528 {translationes

241 583 301 632 et
353 572 518 655 tropi
574 575 639 632 in
696 574 1039 650 aenigmata
1096 581 1420 646 exeuntes3
1464 569 1888 646 intelliguntur
1928 577 2021 628 ta-

236 690 398 733 men.
488 671 613 731 Sed
655 673 750 731 his
807 673 987 750 longe
1039 671 1412 750 perplexior;
1445 670 1758 730 Homerus
1811 660 2018 748 plane-

241 793 358 852 que
411 771 613 830 infans
659 772 810 845 fuit,
865 773 919 830 si
972 773 1062 830 ita
1117 772 1365 849 scripsit
1406 780 1477 829 ut
1516 773 1678 830 inter
1718 771 1889 848 ipsos
1934 769 2022 828 al-

236 872 535 947 legoricae
576 873 832 930 rationis
878 879 1206 929 sectatores
1249 888 1375 928 non
1438 871 1655 931 solum>
1696 869 1775 927 de
1830 871 2022 928 totius

237 971 450 1050 operis*
510 968 754 1030 summa
819 973 1060 1030 infinita
1128 969 1431 1028 dissensio
1500 969 1613 1041 sit,
1671 968 1779 1026 sed
1835 988 2022 1050 saepe

237 1072 425 1129 etiam
497 1070 700 1129 eidem
768 1071 1016 1130 fabulae
1087 1071 1195 1130 alii
1260 1069 1447 1128 aliam
1508 1068 1836 1146 subjiciant
1889 1086 2025 1128 sen-

237 1172 523 1243 tentiam,
576 1171 642 1229 hi
698 1181 936 1245 autem,
994 1167 1099 1251 qui
1153 1171 1496 1229 maximum
1547 1168 1785 1228 habent·
1825 1170 2024 1246 graeci

237 1273 536 1330 sermonis
582 1289 795 1344 usum,
842 1289 925 1330 ex
973 1270 1256 1330 omnibus
1300 1270 1534 1328 nullam
1578 1269 1856 1348 probent.

1017 1439 1071 1520 ξ.
1159 1439 1262 1499 21.

401 1564 574 1625 Haec
626 1567 837 1646 paullo
894 1567 1081 1626 latius
1128 1565 1421 1638 disserui,
1465 1572 1563 1639 ut,
1608 1583 1800 1645 quum
1844 1566 2023 1627 intel-

231 1666 456 1725 lectum
511 1666 726 1740 fuerit,
782 1685 905 1746 qua
958 1668 1199 1726 ratione
1241 1673 1482 1727 veteres
1526 1665 1594 1724 in
1638 1666 2025 1746 explicandis

230 1760 456 1825 fabulis
509 1768 741 1828 versati
795 1770 950 1840 sint,
1004 1767 1146 1826 hinc
1201 1765 1279 1825 de
1322 1766 1795 1827 cerimoniarum
1839 1769 2025 1827 sacri-

231 1865 498 1924 ficalium
540 1868 1050 1945 interpretatione
1085 1865 1392 1944 judicium
1434 1866 1567 1949 fieri
1604 1868 1819 1944 possit.
1862 1866 2024 1954 Nam

232 1967 286 2024 si
339 1964 603 2024 Homeri
656 1967 930 2025 carmina
985 1965 1129 2025 ideo
1189 1964 1270 2025 ad
1321 1965 1680 2042 allegoriam
1732 1977 2037 2028 revocata

231 2075 393 2136 sunt,
438 2067 514 2124 ne
559 2076 880 2146 poetarum
926 2067 1212 2146 princeps
1253 2067 1321 2125 in
1363 2063 1547 2125 rebus
1576 2067 1865 2126 'maximis
1895 2079 2024 2128 tur-

232 2166 397 2243 piter
454 2184 690 2226 errasse
744 2165 1062 2227 videretur
1103 2166 1188 2212 —'-
1215 2166 1491 2248 (Όμηρος
1532 2165 1656 2250 γὰρ
1698 2168 2023 2250 ἠσέβησεν,

232 2271 284 2326 εἰ
334 2266 420 2347 μὴ
474 2265 847 2353 ἠλληγόρησε
880 2269 956 2345 [⁴²]
998 2301 1087 2312 -—-
1128 2267 1359 2345 pariter
1404 2263 1624 2324 Graeci
1664 2267 1842 2327 circa*
1862 2269 2022 2329 ritus

232 2383 492 2425 avorum
533 2369 885 2446 patriasque
928 2367 1252 2444 religiones
1295 2364 1655 2425 laborarunt
1697 2376 1762 2428 et
1802 2367 2022 2428 eadem

232 2462 310 2521 de
354 2483 556 2538 causa,
600 2468 870 2544 primum
913 2485 993 2524 ne
1035 2465 1182 2544 quid
1227 2475 1437 2525 contra
1479 2468 1781 2527 rationem
1812 2469 2022 2528 ¹insa-

232 2565 348 2622 cris
399 2565 531 2623 fieri
575 2564 889 2625 videretur
906 2608 923 2638 ‚
986 2563 1210 2623 deinde
1262 2582 1340 2622 ne
1397 2566 1546 2644 quid
1589 2569 1722 2626 sine
1764 2569 2021 2626 ratione.

233 2664 585 2724 Macrobius
641 2663 850 2723 Somn.
904 2665 951 2724 I.
1010 2665 1067 2723 2.
1113 2664 1171 2723 8.
1260 2662 1578 2725 Veritas
1621 2685 1758 2746 per
1799 2685 2022 2745 quae-

233 2763 399 2824 dam
456 2766 1026 2844 composita.et
1067 2764 1263 2822 ficta
1318 2764 1723 2843 profertur
1766 2774 1840 2823 et
1880 2765 2022 2826 hoc

223 2865 384 2941 jam
429 2873 762 2926 vocatur
803 2865 1170 2926 fabulosa
1211 2866 1568 2925 narratio
1613 2882 1762 2924 non
1803 2865 2019 2926 fabu-

230 2964 337 3037 la,
394 2975 478 3023 ut
533 2975 713 3025 sunt
769 2966 1371 3026 cerimoniarum
1429 2984 1701 3039 sacra‚-
1735 2973 1823 3023 ut
1877 2964 2017 3025 He-

233 3063 439 3122 siodi
484 3075 557 3124 et
590 3065 880 3146 Orphei
923 3084 1111 3147 quae
1155 3065 1243 3124 de
1288 3060 1598 3125 deorum
1639 3068 2015 3145 progenie

234 3173 515 3225 actuve
557 3176 988 3234 narrantur.
1030 3165 1349 3225 Hierocles
1391 3167 1458 3225 in
1502 3174 1717 3246 quarto
1766 3164 1843 3224 de
1866 3166 2013 3225 Pro-

236 3263 512 3324 videntia
556 3275 618 3324 et
641 3266 801 3325 Fato
845 3267 923 3330 τὰ
968 3264 1266 3352 λεγόμενα
1311 3265 1486 3352 λόγια
1529 3267 1655 3329 καὶ
1696 3268 1882 3336 τοὺς
1915 3268 2009 3328 ἱε-

352 3391 415 3447 [2]
448 3392 668 3436 Heraclid.
700 3394 839 3450 Alleg.
870 3394 1064 3437 Prooem.
