2158 3848
214 197 340 258 624
745 208 982 252 LIBER
1028 207 1459 253 SECUNDUS.

621 335 686 391 τά
722 357 773 390 τε
807 335 1008 407 ματρὸς
1042 333 1267 406 μεγάλας
1303 334 1395 406 ὄρ·-

618 445 703 493 για
739 422 977 489 Κυβέλας
1012 418 1297 487 θεμιτεύων
1332 442 1378 474 κ.
1417 441 1463 475 τ.
1503 427 1549 476 λ.
1593 422 1656 490 [†]

211 568 273 617 et
316 574 524 616 rerum
569 552 925 615 divinarum
971 549 1335 630 disceptatio
1381 552 1459 612 ab
1495 552 1876 614 eruditorum
1897 554 1998 632 ju-

210 657 385 717 diciis
431 655 513 715 ad
558 652 774 734 populi
820 651 1188 711 transfertur
1229 651 1517 730 suffragia

546 793 716 866 σοφὰν
752 792 803 844 ‹5‘
843 791 993 859 ἄπεχε
1028 792 1262 862 πραπίδα
1295 791 1459 864 φρένα
1490 813 1542 846 τε

545 883 800 949 περισσῶν
837 876 979 948 παρὰ
1013 881 1226 947 φωτῶν·

543 964 603 1017 τὸ
643 969 845 1032 πλῆθος
882 963 938 1029 ὅ,
976 983 1024 1014 τι
1061 962 1119 1015 τὸ
1159 959 1479 1034 φαυλότερον

545 1049 743 1117 ἐνόμισε
774 1049 970 1119 χρῆταί
1003 1069 1082 1112 τε,
1122 1046 1240 1100 τόδε
1277 1067 1356 1100 τοι
1394 1050 1653 1117 λεγοίμαν.

208 1185 452 1264 aliaque
507 1181 705 1242 multa
758 1183 825 1239 in
884 1177 1145 1239 eandem
1202 1180 1601 1253 sententiam,
1663 1180 1820 1261 quae
1846 1164 1999 1253 vsive

205 1294 395 1364 poeta
447 1301 563 1362 pro
622 1300 688 1341 se
744 1283 881 1361 ipse
936 1279 1230 1360 probavit
1285 1280 1421 1340 sive
1477 1280 1696 1340 alienis
1739 1269 1998 1359 largitus

203 1394 298 1444 est
341 1382 661 1454 auriculis,
708 1391 869 1440 certe
913 1399 1200 1457 magnam
1243 1380 1413 1451 vim,
1457 1399 1744 1458 magnam
1789 1390 1999 1440 aucto-

206 1486 453 1543 ritatem
524 1479 694 1562 apud
760 1480 1041 1539 homines
1110 1479 1277 1538 illius
1346 1480 1567 1538 aetatis
1636 1475 2000 1554 habuerunt,

205 1603 362 1667 quae
406 1582 483 1643 ab
528 1582 726 1662 impia
769 1579 1208 1659 sophistarum
1252 1579 1509 1640 levitate
1550 1578 1741 1639 modo
1785 1565 1867 1640 ad
1910 1578 2000 1639 fa-

204 1687 441 1746 naticas
487 1682 828 1742 defluxerat
872 1681 1363 1760 superstitiones.
1453 1677 1742 1740 Ceterum
1784 1674 2001 1767 Zagrei

204 1786 438 1845 cultum
493 1784 824 1862 mysticum
883 1790 946 1839 et
990 1779 1290 1860 Orphicas
1333 1781 1662 1859 religiones
1704 1782 1773 1840 in
1817 1774 2002 1867 Creta

202 1888 505 1965 viguisse,
563 1901 755 1964 quum
812 1880 981 1939 nullo
1027 1881 1148 1938 alio
1195 1881 1552 1940 testimonio
1600 1888 1866 1954 constet,
1923 1897 2000 1938 ex

200 1984 522 2066 Euripidis
566 1983 774 2046 verbis
820 1981 1023 2058 colligi
1065 1982 1293 2059 nequit.
1345 1979 1558 2060 Neque
1603 1981 1767 2040 enim
1811 1964 1994 2038 inter-

203 2096 335 2146 erat
380 2093 603 2166 poetae
648 2082 859 2143 varios
895 2100 1209 2140 sacrorum
1244 2081 1653 2158 Phrygiarum
1686 2082 1841 2140 ritus
1876 2080 1997 2140 sol-

201 2186 369 2247 licite
415 2185 770 2262 dignoscere
815 2182 1142 2261 omniaque
1184 2183 1446 2241 minima
1490 2180 1822 2241 observare
1864 2186 1997 2240 mo-

202 2296 444 2360 menta,
512 2281 851 2344 dummodo
908 2282 1210 2360 generalis
1268 2289 1577 2341 constaret
1630 2267 1998 2353 similitudo,

205 2407 363 2468 quae
421 2388 487 2446 in
543 2386 763 2444 Matris
819 2382 1044 2443 Idaeae
1099 2391 1282 2463 atque
1338 2379 1636 2441 Curetum
1682 2377 1998 2459 Coryban-

203 2497 458 2565 tumque
515 2486 684 2544 cultu
737 2486 946 2564 posita
1000 2492 1109 2542 est.
1192 2481 1400 2559 Hujus
1444 2492 1654 2541 autem
1698 2480 1995 2543 diversis-

204 2588 396 2647 simas
454 2584 647 2643 fuisse
700 2584 967 2662 species,
1022 2601 1221 2662 neque
1276 2581 1489 2640 Gallos
1533 2581 1848 2640 Romanos
1893 2598 1995 2639 ea-

205 2686 348 2746 dem
407 2685 617 2745 omnia
672 2684 927 2743 numina
982 2682 1276 2753 coluisse,
1320 2699 1476 2761 quae
1520 2681 1791 2758 Phryges
1834 2681 1994 2740 anti·

206 2788 341 2867 qui,
408 2804 608 2865 neque
677 2784 898 2843 horum
957 2783 1322 2841 cerimonias
1379 2799 1595 2840 omnes
1649 2782 1993 2862 suscepisse

208 2886 710 2966 Orpheotelestas
756 2883 1187 2954 Graecienses‚
1230 2900 1329 2942 res
1371 2882 1512 2962 ipsa
1553 2879 1734 2940 docet
1776 2891 1839 2940 et
1880 2899 1991 2940 no-

204 2988 374 3046 mina
426 2984 605 3048 Jovis
659 2984 1048 3063 Dionysique
1110 2982 1392 3055 Sabazii,
1462 2981 1724 3054 Affinis,
1799 2980 1990 3060 Agdi-

204 3088 348 3159 stiS‚
394 3086 637 3164 Zagrei,
683 3084 877 3162 Hyis‚
923 3082 1216 3144 Curetum
1261 3082 1523 3162 denique
1568 3091 1629 3141 et
1655 3075 1992 3159 ’θοιὙΙιειιι-
2045 3112 2047 3115 f

325 3256 390 3313 Η]
426 3256 496 3300 cf.
538 3256 691 3299 Helen.
735 3253 861 3297 1358.
904 3255 1024 3312 μέγα
1054 3268 1123 3297 τοι
1154 3250 1369 3297 δύνανται
1399 3211 1572 3311 νεβρῶν
1600 3277 1659 3284 -
1687 3251 1988 3323 παμποίκιλοι

206 3315 407 3364 στολίδες
435 3339 494 3347 ·—-
522 3317 680 3359 κισσοῦ
709 3327 755 3357 τε
785 3316 1036 3370 στεφθεῖσα
1059 3308 1180 3369 χλόα
1202 3339 1259 3347 -
1284 3307 1515 3370 νάρθηκας
1543 3313 1606 3360 εἰς
1623 3308 1840 3369 ἱεροὺς-
1865 3305 1985 3367 ῥόμ-

205 3379 288 3428 βου
318 3372 363 3417 t‘
398 3374 547 3422 ἔνοσις
577 3375 653 3417 καὶ
682 3370 956 3428 παννυχίδες
984 3373 1107 3420 9ειῖς.
