2158 3848
281 268 407 328 276
835 270 1069 316 LIBER
1113 271 1538 316 SECUNDUS.

285 411 358 470 ΙΙ.
417 429 476 489 p.
523 384 622 468 52.
679 403 757 464 ad
828 391 1436 462 circumscribendam
1498 398 1757 459 Ansaldi
1818 406 2057 459 senten-

277 511 437 569 tiam
464 552 481 582 ‚
567 522 878 565 sacrorum
950 501 1373 561 evocationem
1447 498 1694 559 Graecis
1766 502 2058 559 usitatam

284 610 474 669 fuisse
514 605 822 682 negantis,
869 610 930 658 ct
971 608 1134 657 recte
1179 598 1459 678 quidem,
1502 601 1555 659 si
1578 599 1823 680 publice
1861 608 1920 658 et
1963 616 2062 659 so-

286 709 474 767 lemni
532 702 940 762 obtestatione
998 707 1252 758 evocata
1317 716 1450 757 esse
1516 707 1714 777 negat.
1762 696 1766 700 ’
1817 697 1942 758 Sed
1997 699 2064 756 in

285 808 642 867 universum
689 800 766 859 de
810 799 1065 857 deorum
1121 787 1531 856 inconstantia
1574 799 1831 858 eandem
1876 798 2064 857 fuisse

289 906 663 964 Graecorum
719 909 781 958 et
834 900 1249 958 Romanorum
1308 899 1670 962 sententiam
1729 887 2064 977 paremque

289 1012 351 1064 et
394 1006 458 1063 in
500 997 959 1080 intercipiendis
1003 997 1340 1078 peregrinis
1395 987 1583 1055 sacris
1635 993 1973 1056 sollertiam
1990 993 2063 1076 [¹]

290 1114 352 1163 et
402 1105 469 1162 in
522 1098 857 1161 retinendis
912 1099 1297 1169 cautionem,
1364 1106 1458 1154 tot
1512 1096 1809 1177 exemplis
1854 1097 2070 1155 confir-

288 1213 529 1263 matum
585 1209 679 1259 est
733 1207 804 1258 ut
858 1197 1060 1273 nullus
1121 1194 1495 1254 dubitationi
1548 1184 1926 1275 relinquatur
1978 1195 2068 1255 lo-

293 1284 413 1363 cus,
502 1300 638 1373 Quo
695 1306 1016 1378 perspecto
1074 1313 1151 1353 ne
1205 1293 1362 1352 illud
1420 1292 1674 1373 quidem
1742 1294 2070 1353 obscurum

291 1421 424 1462 esse
467 1406 702 1480 potest,
771 1415 892 1475 qua
949 1395 1026 1454 de
1086 1413 1269 1454 causa
1311 1403 1551 1456 veteres
1594 1402 1727 1454 tum
1770 1395 2069 1472 privatim

291 1521 328 1561 a
385 1502 573 1559 sacris
632 1496 985 1555 domesticis
1015 1494 1103 1575 [¹¹¹]
1170 1504 1302 1554 tum
1356 1486 1600 1573 publice
1655 1512 1694 1552 a
1749 1494 2070 1570 gentiliciis
2112 1505 2114 1507 ’

292 1609 584 1660 externos
629 1605 810 1675 atque
853 1596 1206 1675 peregrinos
1253 1593 1825 1654 exterminaverint.
1893 1591 2072 1652 Hanc

290 1718 440 1763 vero
487 1699 833 1758 cautionem
889 1693 1135 1774 quando
1191 1693 1386 1770 magis
1442 1691 1720 1752 adhiberi
1762 1710 1877 1772 par
1921 1701 2071 1765 erat,

291 1818 475 1879 quam
520 1816 707 1876 quum
752 1794 1011 1854 deorum
1068 1794 1422 1853 tutelarium
1467 1793 1769 1852 solemnia
1814 1784 2073 1866 obirent,

293 1916 447 1978 quos
492 1897 890 1956 sanctissimis
936 1895 1159 1973 quique
1205 1894 1552 1951 cerimoniis
1591 1892 1808 1965 colere,
1850 1893 1916 1950 in
1941 1893 2074 1971 qui-

289 1996 406 2056 bus
460 2014 634 2077 spem
687 1993 1184 2074 praesidiumque
1250 2010 1455 2051 rerum
1511 2009 1760 2051 suarum
1816 1991 2075 2050 colloca-

291 2106 421 2155 tam
466 2104 683 2176 putare
701 2096 796 2174 [¹¹],
841 2112 1100 2172 quorum
1155 2110 1331 2151 sacra
1372 2109 1498 2150 una
1542 2110 1680 2150 cum
1724 2093 2074 2170 parentium

293 2195 594 2255 cineribus
610 2195 681 2275 [⁰]
745 2190 1035 2272 tanquam
1089 2192 1435 2252 communis
1493 2201 1661 2250 ortus
1705 2189 2073 2254 documenta

414 2363 477 2419 [l]
510 2377 553 2405 v.
582 2361 737 2405 Liban.
768 2362 967 2405 Antioch.
1010 2361 1067 2404 T.
1098 2361 1134 2404 Ι.
1164 2376 1207 2418 p.
1237 2359 1336 2404 307.
1378 2349 1454 2417 ubi
1484 2360 1609 2417 plura
1639 2365 1739 2403 sunt
1767 2360 2069 2404 translatorum

295 2423 350 2465 ab
381 2422 478 2464 aliis
507 2434 725 2463 sacrorum
754 2420 962 2476 exempla.
2039 2432 2042 2434 ·

412 2500 483 2555 [¹¹1]
515 2500 667 2541 Isaeus
698 2499 751 2540 de
781 2498 944 2540 Hered.
978 2498 1123 2560 Ciron.
1157 2511 1198 2553 p.
1227 2497 1299 2539 70.
1330 2497 1402 2539 27.
1431 2500 1494 2554 τῷ
1524 2496 1611 2540 Aa·
1630 2493 1759 2540 θύων
1786 2499 1848 2553 τῷ
1876 2500 2071 2554 Κτησίῳ,

297 2561 402 2614 περὶ
434 2553 490 2611 ἢν
516 2553 689 2615 μάλιστ’
722 2558 891 2604 ἐκεῖνος
918 2560 1088 2599 θυσίαν
1117 2551 1363 2622 ἐσπούδαζε
1395 2558 1472 2597 καὶ
1502 2551 1602 2598 οὕτε
1634 2552 1822 2604 δούλους
1849 2559 2073 2614 προςῆγεν

299 2612 399 2661 οὔτε
438 2615 702 2673 ἐλευθέρους
743 2613 963 2663 ὀθνείους.
1019 2613 1252 2667 Dionysms
1282 2612 1383 2654 Hal.
1413 2613 1495 2654 III.
1526 2611 1595 2654 35.
1626 2613 1802 2682 Antiqq.
1831 2615 2073 2671 μέλλοντος

303 2670 477 2718 Τύλλου
507 2677 674 2716 θυσίαν
701 2669 800 2714 τινὰ
832 2671 922 2714 κατ’
958 2673 1104 2715 οῗκίαν
1134 2671 1378 2726 ἐπιτελεῖν,
1410 2667 1470 2724 ἣν
1501 2668 1664 2718 αὐτοὺς
1688 2685 1837 2728 μονον
1866 2669 2091 2726 ἐβούλετο·

297 2730 400 2781 τοὺς
429 2731 700 2790 ἀναγκαίους
729 2729 911 2774 εἰδέναι.

418 2810 480 2867 [¹¹]
511 2809 744 2866 Πελασγοὶ
785 2809 835 2852 ἐν
877 2809 930 2867 τῇ
969 2810 1028 2867 γῇ
1057 2805 1280 2851 ἀπέλιπον
1309 2801 1472 2855 ξόανον
1500 2809 1576 2857 τῆς
1599 2806 1880 2866 Ἀρτέμιδος,
1923 2803 1947 2850 ὃ
1976 2824 2071 2851 πα-

302 2870 448 2929 τρῷον
475 2860 532 2923 ἦν
560 2867 712 2916 αὐτοῖς
738 2862 967 2926 (Ἄρτεμις
996 2861 1180 2923 πατρῴα
1204 2866 1249 2907 in
1269 2867 1364 2908 foro
1391 2865 1689 2921 Sicyoniorum
1710 2866 1842 2908 Paus.
1864 2865 1925 2908 II.
1943 2865 1985 2908 9.
2007 2865 2072 2919 6.)

304 2929 538 2983 πανταχοῦ
567 2921 994 2985 συμπεριαγόμενον
1032 2924 1253 2966 Plutarch.
1293 2924 1347 2966 de
1379 2923 1486 2966 Mul.
1518 2923 1629 2967 virt.
1659 2938 1700 2980 p.
1730 2923 1830 2968 2⁷8.
1861 2924 1918 2967 Τ.

304 2985 486 3040 Profugi
525 2983 580 3028 τὰ
607 2982 773 3043 πάτρια
802 2981 900 3041 ἱερὰ
931 2978 1175 3040 ἐπάγονται
1203 2982 1377 3039 Joseph.
1408 2982 1584 3038 Antiqq.
1613 2981 1650 3024 I.
1683 2983 1750 3024 10.
1779 2985 1905 3026 θεῶν
1934 2997 1986 3027 κο
2023 2986 2068 3025 t-

305 3045 391 3092 ζων
418 3036 525 3097 ἧκεν
564 3041 662 3102 ἱερὰ
702 3044 765 3090 εἰς
800 3040 881 3096 τὴν
919 3044 1178 3098 μετοίκησιν
1217 3039 1362 3098 σεμνὰ
1393 3038 1558 3097 ἐφόδια
1588 3039 1754 3082 Aelian.
1786 3055 1854 3097 ap.
1885 3041 1962 3083 Sui
1995 3072 2005 3083 .
2035 3045 2078 3082 s.'

305 3096 478 3159 Σεμνά.
508 3100 714 3144 Fortasse
745 3100 798 3142 de
829 3099 983 3141 Teline
1015 3098 1173 3140 dictum
1201 3099 1366 3141 Herod.
1400 3098 1496 3140 VII.
1530 3096 1627 3140 153.
1657 3099 1732 3154 qui
1762 3098 1972 3142 Gelenses
1998 3111 2068 3141 re-

306 3159 452 3211 duxit,
482 3158 599 3215 ἔχων
628 3157 844 3216 οὐδεμίην
872 3156 1053 3216 ἀνδρῶν
1083 3153 1278 3215 δύναμιν
1307 3155 1398 3199 ἀλλ’
1430 3154 1507 3215 ἱρὰ
1536 3158 1627 3199 τῶν
1654 3159 1793 3200 θεῶν.

426 3237 489 3293 [⁰]
527 3239 654 3281 Θεῶν
691 3233 912 3295 πατρῴων
949 3236 1028 3291 ἕδη
1064 3238 1208 3289 θῆκαί
1241 3249 1290 3278 τε
1317 3231 1560 3294 προγόνων
1586 3235 1785 3291 Aeschyl.
1814 3236 1934 3278 Pers.
1962 3231 2065 3279 408.
2154 3239 2158 3269 i

307 3294 406 3351 ἱερὰ
444 3298 630 3366 πατρῷα
672 3297 750 3339 καὶ
785 3291 1025 3356 προγόνων
1057 3297 1196 3347 θῆκαι
1224 3293 1416 3350 Lycurg.
1453 3309 1489 3337 c.
1527 3292 1680 3335 Leocr.
1720 3308 1762 3351 p.
1806 3293 1902 3338 141.
1931 3293 2067 3351 ἱερῶν
2156 3312 2158 3315 ·

310 3356 387 3397 καὶ
424 3369 584 3412 ταφων
611 3350 833 3414 πατρῴων
860 3353 1058 3396 Aeschin.
1089 3352 1206 3394 Fals.
1236 3353 1344 3408 Leg.
1374 3367 1418 3408 p.
1448 3351 1547 3394 317.
1578 3353 1715 3408 ἱεροῖς
1741 3347 1963 3409 πατρῴοις
1991 3351 2067 3392 καὶ

308 3407 513 3474 μνήμασι
540 3415 630 3459 τῶν
659 3408 901 3471 προγόνων
927 3411 1155 3456 Lesbonax
1183 3411 1398 3468 Protrept.
1429 3424 1472 3468 p.
1504 3409 1571 3453 12.
1601 3409 1776 3466 Dionys.
1800 3409 1918 3451 Antt.
1942 3407 2063 3452 VIII.
