<?xml version="1.0" encoding="UTF-8"?>
<!DOCTYPE html PUBLIC "-//W3C//DTD XHTML 1.0 Transitional//EN"
    "http://www.w3.org/TR/xhtml1/DTD/xhtml1-transitional.dtd">
<html xmlns="http://www.w3.org/1999/xhtml" xml:lang="en" lang="en">
 <head>
  <title>
</title>
<meta http-equiv="Content-Type" content="text/html;charset=utf-8" />
  <meta name='ocr-system' content='tesseract 3.04.00' />
  <meta name='ocr-capabilities' content='ocr_page ocr_carea ocr_par ocr_line ocrx_word'/>
</head>
<body>
  <div class='ocr_page' id='page_1' title='image "./aglaophamussived01lobeuoft_0679.png"; bbox 0 0 2158 3848; ppageno 0'>
   <div class='ocr_carea' id='block_1_1' title="bbox 735 210 1959 271">
    <p class='ocr_par' dir='ltr' id='par_1_1' title="bbox 735 210 1959 271">
     <span class='ocr_line' id='line_1_1' title="bbox 735 210 1959 271; baseline -0.004 -8"><span class='ocrx_word' id='word_1_1' title='bbox 735 238 741 244; x_wconf 74' lang='lat'><strong>,</strong></span> <span class='ocrx_word' id='word_1_2' title='bbox 806 218 1293 262; x_wconf 68' lang='lat' dir='ltr'><strong>eumne-A.</strong></span> <span class='ocrx_word' id='word_1_3' title='bbox 1834 210 1959 271; x_wconf 79' lang='lat'><strong>663</strong></span> 
     </span>
    </p>
   </div>
   <div class='ocr_carea' id='block_1_2' title="bbox 175 345 1960 1199">
    <p class='ocr_par' dir='ltr' id='par_1_2' title="bbox 175 345 1960 725">
     <span class='ocr_line' id='line_1_2' title="bbox 179 345 1960 428; baseline 0.002 -17"><span class='ocrx_word' id='word_1_4' title='bbox 179 352 364 411; x_wconf 80' lang='lat' dir='ltr'><strong>seniis</strong></span> <span class='ocrx_word' id='word_1_5' title='bbox 407 357 725 428; x_wconf 70' lang='lat' dir='ltr'><strong>acceptum</strong></span> <span class='ocrx_word' id='word_1_6' title='bbox 769 362 945 418; x_wconf 59' lang='lat' dir='ltr'><strong>etseq</strong></span> <span class='ocrx_word' id='word_1_7' title='bbox 990 345 1407 423; x_wconf 63' lang='lat' dir='ltr'><strong>ezconjtmctis</strong></span> <span class='ocrx_word' id='word_1_8' title='bbox 1450 347 1658 408; x_wconf 90' lang='lat' dir='ltr'><strong>Nonni</strong></span> <span class='ocrx_word' id='word_1_9' title='bbox 1701 363 1762 411; x_wconf 90' lang='lat' dir='ltr'><strong>et</strong></span> <span class='ocrx_word' id='word_1_10' title='bbox 1804 354 1960 415; x_wconf 88' lang='lat' dir='ltr'><strong>Pau-</strong></span> 
     </span>
     <span class='ocr_line' id='line_1_3' title="bbox 178 446 1956 533; baseline -0.003 -23"><span class='ocrx_word' id='word_1_11' title='bbox 178 450 388 510; x_wconf 83' lang='lat' dir='ltr'><strong>saniae</strong></span> <span class='ocrx_word' id='word_1_12' title='bbox 429 448 815 508; x_wconf 69' lang='lat' dir='ltr'><strong>testimoniis:</strong></span> <span class='ocrx_word' id='word_1_13' title='bbox 848 446 1253 525; x_wconf 65' lang='lat' dir='ltr'><strong>perspi-eitun</strong></span> <span class='ocrx_word' id='word_1_14' title='bbox 1331 447 1520 528; x_wconf 89' lang='lat' dir='ltr'><strong>Apud</strong></span> <span class='ocrx_word' id='word_1_15' title='bbox 1556 449 1739 509; x_wconf 52' lang='lat' dir='ltr'><strong>‘illum</strong></span> <span class='ocrx_word' id='word_1_16' title='bbox 1783 452 1956 533; x_wconf 86' lang='lat' dir='ltr'><strong>Jupi-</strong></span> 
     </span>
     <span class='ocr_line' id='line_1_4' title="bbox 177 545 1957 621; baseline 0.003 -14"><span class='ocrx_word' id='word_1_17' title='bbox 177 545 1173 621; x_wconf 58' lang='lat' dir='ltr'><strong>terfMinervam-2ss21&#39;1d.3.‹.=21uxilium·v</strong></span> <span class='ocrx_word' id='word_1_18' title='bbox 1213 546 1452 608; x_wconf 75' lang='lat' dir='ltr'><strong>Baccho</strong></span> <span class='ocrx_word' id='word_1_19' title='bbox 1483 547 1818 613; x_wconf 82' lang='lat' dir='ltr'><strong>ferendum</strong></span> <span class='ocrx_word' id='word_1_20' title='bbox 1864 554 1957 612; x_wconf 89' lang='lat' dir='ltr'><strong>his</strong></span> 
     </span>
     <span class='ocr_line' id='line_1_5' title="bbox 175 643 1199 725; baseline -0.004 -16"><span class='ocrx_word' id='word_1_21' title='bbox 175 647 382 709; x_wconf 81' lang='lat' dir='ltr'><strong>verbis</strong></span> <span class='ocrx_word' id='word_1_22' title='bbox 419 644 676 725; x_wconf 71' lang='lat' dir='ltr'><strong>&#39;instigat</strong></span> <span class='ocrx_word' id='word_1_23' title='bbox 716 645 983 707; x_wconf 82' lang='lat' dir='ltr'><strong>XXVIL</strong></span> <span class='ocrx_word' id='word_1_24' title='bbox 1022 643 1199 706; x_wconf 48' lang='lat'><strong>305„</strong></span> 
     </span>
    </p>

    <p class='ocr_par' dir='ltr' id='par_1_3' title="bbox 381 765 1648 860">
     <span class='ocr_line' id='line_1_6' title="bbox 381 765 1648 860; baseline 0.002 -19"><span class='ocrx_word' id='word_1_25' title='bbox 381 769 591 858; x_wconf 31' lang='lat' dir='ltr'><strong>A2753a÷</strong></span> <span class='ocrx_word' id='word_1_26' title='bbox 612 796 716 841; x_wconf 81' lang='grc' dir='ltr'><strong>σεῖο</strong></span> <span class='ocrx_word' id='word_1_27' title='bbox 751 774 965 841; x_wconf 65' lang='grc' dir='ltr'><strong><em>τίνασσέ</em></strong></span> <span class='ocrx_word' id='word_1_28' title='bbox 996 790 1384 860; x_wconf 81' lang='grc' dir='ltr'><strong><em>προασπίζουσα</em></strong></span> <span class='ocrx_word' id='word_1_29' title='bbox 1419 765 1648 858; x_wconf 59' lang='grc' dir='ltr'><strong><em>Αυαιόυ,</em></strong></span> 
     </span>
    </p>

    <p class='ocr_par' dir='ltr' id='par_1_4' title="bbox 382 870 1703 946">
     <span class='ocr_line' id='line_1_7' title="bbox 382 870 1703 946; baseline 0.001 -19"><span class='ocrx_word' id='word_1_30' title='bbox 382 874 488 927; x_wconf 81' lang='grc' dir='ltr'><strong>σεῖο</strong></span> <span class='ocrx_word' id='word_1_31' title='bbox 527 870 831 943; x_wconf 73' lang='grc' dir='ltr'><strong><em>κασιγνήτου</em></strong></span> <span class='ocrx_word' id='word_1_32' title='bbox 866 875 1248 943; x_wconf 76' lang='grc' dir='ltr'><em>μελαναῖγιδος,</em></span> <span class='ocrx_word' id='word_1_33' title='bbox 1287 873 1345 936; x_wconf 83' lang='grc' dir='ltr'><strong>ὅς</strong></span> <span class='ocrx_word' id='word_1_34' title='bbox 1380 894 1465 927; x_wconf 79' lang='grc' dir='ltr'><strong>σεο</strong></span> <span class='ocrx_word' id='word_1_35' title='bbox 1503 875 1703 946; x_wconf 77' lang='grc' dir='ltr'><em>πάτρην</em></span> 
     </span>
    </p>

    <p class='ocr_par' dir='ltr' id='par_1_5' title="bbox 370 956 1465 1028">
     <span class='ocr_line' id='line_1_8' title="bbox 370 956 1465 1028; baseline 0.002 -19"><span class='ocrx_word' id='word_1_36' title='bbox 370 956 593 1027; x_wconf 66' lang='grc' dir='ltr'><strong>’ῥύσεται</strong></span> <span class='ocrx_word' id='word_1_37' title='bbox 629 957 871 1022; x_wconf 73' lang='grc' dir='ltr'><strong><em>ἐξελάσας</em></strong></span> <span class='ocrx_word' id='word_1_38' title='bbox 905 956 1159 1012; x_wconf 80' lang='grc' dir='ltr'><strong><em>Βοιώτιον</em></strong></span> <span class='ocrx_word' id='word_1_39' title='bbox 1193 956 1465 1028; x_wconf 67' lang='grc' dir='ltr'><strong>ἦγεμονῆα.</strong></span> 
     </span>
    </p>

    <p class='ocr_par' dir='ltr' id='par_1_6' title="bbox 380 1043 1625 1146">
     <span class='ocr_line' id='line_1_9' title="bbox 380 1043 1625 1146; baseline 0.001 -51"><span class='ocrx_word' id='word_1_40' title='bbox 380 1066 464 1096; x_wconf 85' lang='grc' dir='ltr'><strong>και</strong></span> <span class='ocrx_word' id='word_1_41' title='bbox 498 1044 653 1110; x_wconf 80' lang='grc' dir='ltr'><strong><em>μέλος</em></strong></span> <span class='ocrx_word' id='word_1_42' title='bbox 688 1044 841 1096; x_wconf 80' lang='grc' dir='ltr'><em>ἀείσει</em></span> <span class='ocrx_word' id='word_1_43' title='bbox 879 1043 1125 1146; x_wconf 73' lang='grc' dir='ltr'><em>ζωάγριον</em></span> <span class='ocrx_word' id='word_1_44' title='bbox 1161 1043 1321 1105; x_wconf 79' lang='grc' dir='ltr'><em>ἀστὸς</em></span> <span class='ocrx_word' id='word_1_45' title='bbox 1351 1043 1625 1106; x_wconf 75' lang='grc' dir='ltr'><strong><em>Ἔλευθοῦς</em></strong></span> 
     </span>
    </p>

    <p class='ocr_par' dir='ltr' id='par_1_7' title="bbox 344 1126 1597 1199">
     <span class='ocr_line' id='line_1_10' title="bbox 344 1126 1597 1199; baseline 0 -19"><span class='ocrx_word' id='word_1_46' title='bbox 344 1134 346 1136; x_wconf 79' lang='grc'><strong>’</strong></span> <span class='ocrx_word' id='word_1_47' title='bbox 380 1128 561 1182; x_wconf 75' lang='grc' dir='ltr'><em>πιστὸν</em></span> <span class='ocrx_word' id='word_1_48' title='bbox 586 1126 852 1196; x_wconf 78' lang='grc' dir='ltr'><strong>ἀνευάζων</strong></span> <span class='ocrx_word' id='word_1_49' title='bbox 888 1126 1200 1199; x_wconf 75' lang='grc' dir='ltr'><strong><em>ἀπατοὺριον</em></strong></span> <span class='ocrx_word' id='word_1_50' title='bbox 1234 1126 1323 1180; x_wconf 80' lang='grc' dir='ltr'><strong>υἷα</strong></span> <span class='ocrx_word' id='word_1_51' title='bbox 1366 1126 1597 1196; x_wconf 81' lang='grc' dir='ltr'><strong>Θυώνης.</strong></span> 
     </span>
    </p>
   </div>
   <div class='ocr_carea' id='block_1_3' title="bbox 287 1186 1888 1371">
    <p class='ocr_par' dir='ltr' id='par_1_8' title="bbox 287 1186 1888 1364">
     <span class='ocr_line' id='line_1_11' title="bbox 287 1186 1888 1289; baseline 0.005 -30"><span class='ocrx_word' id='word_1_52' title='bbox 287 1256 289 1259; x_wconf 91' lang='grc'><strong>.</strong></span> <span class='ocrx_word' id='word_1_53' title='bbox 380 1212 442 1264; x_wconf 80' lang='grc' dir='ltr'><strong>οὗ</strong></span> <span class='ocrx_word' id='word_1_54' title='bbox 473 1211 604 1278; x_wconf 78' lang='grc' dir='ltr'><em>μετὰ</em></span> <span class='ocrx_word' id='word_1_55' title='bbox 640 1211 735 1279; x_wconf 80' lang='grc' dir='ltr'><strong>δὴν</strong></span> <span class='ocrx_word' id='word_1_56' title='bbox 776 1207 956 1289; x_wconf 71' lang='grc' dir='ltr'><em>Φρύγα</em></span> <span class='ocrx_word' id='word_1_57' title='bbox 993 1210 1200 1281; x_wconf 72' lang='grc' dir='ltr'><strong><em>ῥυθμὸν</em></strong></span> <span class='ocrx_word' id='word_1_58' title='bbox 1239 1209 1644 1283; x_wconf 75' lang='grc' dir='ltr'><strong><em>ἄνακρούσουσιν</em></strong></span> <span class='ocrx_word' id='word_1_59' title='bbox 1672 1186 1888 1283; x_wconf 62' lang='grc' dir='ltr'><em>Ἀθῆναι</em></span> 
     </span>
     <span class='ocr_line' id='line_1_12' title="bbox 377 1293 1693 1371; baseline 0.004 -24"><span class='ocrx_word' id='word_1_60' title='bbox 377 1297 643 1362; x_wconf 81' lang='grc' dir='ltr'><em>Λιμναῖον</em></span> <span class='ocrx_word' id='word_1_61' title='bbox 677 1294 806 1362; x_wconf 80' lang='grc' dir='ltr'><strong><em>μετὰ</em></strong></span> <span class='ocrx_word' id='word_1_62' title='bbox 843 1290 1076 1364; x_wconf 83' lang='grc' dir='ltr'><em>Βάκχον,</em></span> <span class='ocrx_word' id='word_1_63' title='bbox 1110 1296 1398 1350; x_wconf 77' lang='grc' dir='ltr'><strong><em>Ἐλευσινίω</em></strong></span> <span class='ocrx_word' id='word_1_64' title='bbox 1436 1295 1693 1371; x_wconf 82' lang='grc' dir='ltr'><strong>Διονυσῳ.</strong></span> 
     </span>
    </p>
   </div>
   <div class='ocr_carea' id='block_1_4' title="bbox 160 1408 1950 2909">
    <p class='ocr_par' dir='ltr' id='par_1_9' title="bbox 160 1408 1950 2909">
     <span class='ocr_line' id='line_1_13' title="bbox 163 1408 1950 1509; baseline 0 -20"><span class='ocrx_word' id='word_1_65' title='bbox 163 1430 223 1488; x_wconf 89' lang='lat' dir='ltr'><strong>Is</strong></span> <span class='ocrx_word' id='word_1_66' title='bbox 266 1445 417 1489; x_wconf 90' lang='lat' dir='ltr'><strong>vero</strong></span> <span class='ocrx_word' id='word_1_67' title='bbox 462 1428 595 1506; x_wconf 88' lang='lat' dir='ltr'><strong>qui</strong></span> <span class='ocrx_word' id='word_1_68' title='bbox 610 1408 881 1502; x_wconf 86' lang='lat' dir='ltr'><strong>Dionysi</strong></span> <span class='ocrx_word' id='word_1_69' title='bbox 921 1426 1364 1504; x_wconf 83' lang='lat' dir='ltr'><strong>Melanaegidis</strong></span> <span class='ocrx_word' id='word_1_70' title='bbox 1410 1447 1529 1509; x_wconf 88' lang='lat' dir='ltr'><strong>ope</strong></span> <span class='ocrx_word' id='word_1_71' title='bbox 1571 1430 1842 1489; x_wconf 87' lang='lat' dir='ltr'><strong>Atticam</strong></span> <span class='ocrx_word' id='word_1_72' title='bbox 1877 1432 1950 1490; x_wconf 74' lang='lat' dir='ltr'><strong>li-</strong></span> 
     </span>
     <span class='ocr_line' id='line_1_14' title="bbox 165 1525 1947 1608; baseline 0.001 -20"><span class='ocrx_word' id='word_1_73' title='bbox 165 1529 430 1600; x_wconf 78' lang='lat' dir='ltr'><strong>beravit,</strong></span> <span class='ocrx_word' id='word_1_74' title='bbox 450 1527 818 1594; x_wconf 73' lang='lat' dir='ltr'><strong>&#39;Melanthus</strong></span> <span class='ocrx_word' id='word_1_75' title='bbox 843 1525 1219 1600; x_wconf 82' lang='lat' dir='ltr'><strong>MesseniuS‚</strong></span> <span class='ocrx_word' id='word_1_76' title='bbox 1265 1538 1444 1608; x_wconf 87' lang='lat' dir='ltr'><strong>capta</strong></span> <span class='ocrx_word' id='word_1_77' title='bbox 1474 1548 1512 1588; x_wconf 88' lang='lat' dir='ltr'><strong>a</strong></span> <span class='ocrx_word' id='word_1_78' title='bbox 1541 1529 1947 1591; x_wconf 86' lang='lat' dir='ltr'><strong>Doriensibus</strong></span> 
     </span>
     <span class='ocr_line' id='line_1_15' title="bbox 165 1615 1948 1709; baseline 0.001 -21"><span class='ocrx_word' id='word_1_79' title='bbox 165 1615 371 1709; x_wconf 83' lang='lat' dir='ltr'><strong>patria</strong></span> <span class='ocrx_word' id='word_1_80' title='bbox 426 1627 720 1706; x_wconf 85' lang='lat' dir='ltr'><strong>profugus</strong></span> <span class='ocrx_word' id='word_1_81' title='bbox 764 1628 942 1686; x_wconf 76' lang='lat' dir='ltr'><strong>Paus,</strong></span> <span class='ocrx_word' id='word_1_82' title='bbox 987 1629 1062 1687; x_wconf 90' lang='lat' dir='ltr'><strong>II.</strong></span> <span class='ocrx_word' id='word_1_83' title='bbox 1114 1628 1207 1687; x_wconf 91' lang='grc'><strong>18.</strong></span> <span class='ocrx_word' id='word_1_84' title='bbox 1254 1630 1544 1688; x_wconf 82' lang='lat' dir='ltr'><strong>Eleusine</strong></span> <span class='ocrx_word' id='word_1_85' title='bbox 1590 1630 1948 1698; x_wconf 76' lang='lat' dir='ltr'><strong>consederat</strong></span> 
     </span>
     <span class='ocr_line' id='line_1_16' title="bbox 165 1727 1945 1809; baseline 0 -20"><span class='ocrx_word' id='word_1_86' title='bbox 165 1729 384 1789; x_wconf 83' lang='lat' dir='ltr'><strong>Athen.</strong></span> <span class='ocrx_word' id='word_1_87' title='bbox 428 1728 535 1789; x_wconf 87' lang='lat'><em>111.</em></span> <span class='ocrx_word' id='word_1_88' title='bbox 602 1728 702 1788; x_wconf 84' lang='lat'><strong>96.</strong></span> <span class='ocrx_word' id='word_1_89' title='bbox 770 1728 842 1787; x_wconf 91' lang='grc' dir='ltr'><strong>Ε.</strong></span> <span class='ocrx_word' id='word_1_90' title='bbox 913 1727 1251 1808; x_wconf 87' lang='lat' dir='ltr'><strong>eodemque</strong></span> <span class='ocrx_word' id='word_1_91' title='bbox 1312 1748 1379 1788; x_wconf 90' lang='lat' dir='ltr'><strong>se</strong></span> <span class='ocrx_word' id='word_1_92' title='bbox 1434 1750 1719 1809; x_wconf 74' lang='lat' dir='ltr'>recepere</span> <span class='ocrx_word' id='word_1_93' title='bbox 1772 1733 1945 1789; x_wconf 86' lang='lat' dir='ltr'><strong>finito</strong></span> 
     </span>
     <span class='ocr_line' id='line_1_17' title="bbox 163 1814 1946 1914; baseline 0.002 -25"><span class='ocrx_word' id='word_1_94' title='bbox 163 1831 366 1910; x_wconf 90' lang='lat' dir='ltr'><strong>primo</strong></span> <span class='ocrx_word' id='word_1_95' title='bbox 417 1827 577 1887; x_wconf 86' lang='lat' dir='ltr'><strong>bello</strong></span> <span class='ocrx_word' id='word_1_96' title='bbox 620 1829 1000 1888; x_wconf 85' lang='lat' dir='ltr'><strong>Messeniaeo</strong></span> <span class='ocrx_word' id='word_1_97' title='bbox 1046 1814 1104 1890; x_wconf 83' lang='grc' dir='ltr'><strong>οἱ</strong></span> <span class='ocrx_word' id='word_1_98' title='bbox 1146 1838 1258 1890; x_wconf 76' lang='grc' dir='ltr'><strong>τοῦ</strong></span> <span class='ocrx_word' id='word_1_99' title='bbox 1302 1831 1519 1914; x_wconf 77' lang='grc' dir='ltr'><strong>γένους</strong></span> <span class='ocrx_word' id='word_1_100' title='bbox 1561 1838 1690 1893; x_wconf 80' lang='grc' dir='ltr'><strong>τῶν</strong></span> <span class='ocrx_word' id='word_1_101' title='bbox 1735 1833 1946 1913; x_wconf 77' lang='grc' dir='ltr'><em>ἱερέων</em></span> 
     </span>
     <span class='ocr_line' id='line_1_18' title="bbox 162 1927 1942 2014; baseline -0.002 -22"><span class='ocrx_word' id='word_1_102' title='bbox 162 1930 268 1992; x_wconf 76' lang='grc' dir='ltr'><strong>καὶ</strong></span> <span class='ocrx_word' id='word_1_103' title='bbox 310 1933 489 1998; x_wconf 75' lang='grc' dir='ltr'><em>θεαῖς</em></span> <span class='ocrx_word' id='word_1_104' title='bbox 531 1932 667 1995; x_wconf 81' lang='grc' dir='ltr'><strong><em>ταῖς</em></strong></span> <span class='ocrx_word' id='word_1_105' title='bbox 708 1927 1010 2012; x_wconf 64' lang='grc' dir='ltr'><em>μεγάλαις</em></span> <span class='ocrx_word' id='word_1_106' title='bbox 1046 1937 1362 1998; x_wconf 77' lang='grc' dir='ltr'><strong><em>τελοῦντες</em></strong></span> <span class='ocrx_word' id='word_1_107' title='bbox 1404 1929 1483 1990; x_wconf 80' lang='grc' dir='ltr'><strong>τὰ</strong></span> <span class='ocrx_word' id='word_1_108' title='bbox 1529 1930 1712 2014; x_wconf 74' lang='grc' dir='ltr'><em>ὄργια</em></span> <span class='ocrx_word' id='word_1_109' title='bbox 1761 1930 1942 1989; x_wconf 88' lang='lat' dir='ltr'><strong>Paus.</strong></span> 
     </span>
     <span class='ocr_line' id='line_1_19' title="bbox 161 2024 1948 2109; baseline -0.003 -19"><span class='ocrx_word' id='word_1_110' title='bbox 161 2030 266 2093; x_wconf 89' lang='lat' dir='ltr'><strong>IV.</strong></span> <span class='ocrx_word' id='word_1_111' title='bbox 316 2029 419 2089; x_wconf 81' lang='grc' dir='ltr'><strong>14.Ι</strong></span> <span class='ocrx_word' id='word_1_112' title='bbox 446 2024 523 2109; x_wconf 58' lang='grc' dir='ltr'><strong>[ἅ]</strong></span> <span class='ocrx_word' id='word_1_113' title='bbox 577 2026 741 2086; x_wconf 92' lang='lat' dir='ltr'><strong>unde</strong></span> <span class='ocrx_word' id='word_1_114' title='bbox 770 2029 1178 2106; x_wconf 76' lang='lat' dir='ltr'><strong>intelligitur,</strong></span> <span class='ocrx_word' id='word_1_115' title='bbox 1227 2028 1382 2108; x_wconf 88' lang='lat' dir='ltr'><strong>quid</strong></span> <span class='ocrx_word' id='word_1_116' title='bbox 1430 2045 1679 2088; x_wconf 82' lang='lat' dir='ltr'><strong>caussae</strong></span> <span class='ocrx_word' id='word_1_117' title='bbox 1720 2026 1948 2086; x_wconf 89' lang='lat' dir='ltr'><strong>habue-</strong></span> 
     </span>
     <span class='ocr_line' id='line_1_20' title="bbox 160 2128 1943 2208; baseline -0.004 -16"><span class='ocrx_word' id='word_1_118' title='bbox 160 2134 245 2192; x_wconf 88' lang='lat' dir='ltr'><strong>rit</strong></span> <span class='ocrx_word' id='word_1_119' title='bbox 284 2130 544 2191; x_wconf 83' lang='lat' dir='ltr'><strong>Nonnus</strong></span> <span class='ocrx_word' id='word_1_120' title='bbox 605 2147 710 2187; x_wconf 88' lang='lat' dir='ltr'><strong>eur</strong></span> <span class='ocrx_word' id='word_1_121' title='bbox 750 2129 1054 2188; x_wconf 88' lang='lat' dir='ltr'><strong>Melanthi</strong></span> <span class='ocrx_word' id='word_1_122' title='bbox 1109 2130 1546 2208; x_wconf 86' lang='lat' dir='ltr'><strong>opitulatorem</strong></span> <span class='ocrx_word' id='word_1_123' title='bbox 1590 2128 1943 2203; x_wconf 81' lang='lat' dir='ltr'><strong>Dionysum</strong></span> 
     </span>
     <span class='ocr_line' id='line_1_21' title="bbox 164 2228 1946 2305; baseline -0.004 -13"><span class='ocrx_word' id='word_1_124' title='bbox 164 2239 412 2293; x_wconf 87' lang='lat' dir='ltr'><strong>vocaret</strong></span> <span class='ocrx_word' id='word_1_125' title='bbox 454 2228 854 2288; x_wconf 88' lang='lat' dir='ltr'><strong>Eleusinium.</strong></span> <span class='ocrx_word' id='word_1_126' title='bbox 941 2228 1172 2288; x_wconf 90' lang='lat' dir='ltr'><strong>Verum</strong></span> <span class='ocrx_word' id='word_1_127' title='bbox 1215 2230 1270 2288; x_wconf 87' lang='lat' dir='ltr'><strong>si</strong></span> <span class='ocrx_word' id='word_1_128' title='bbox 1311 2229 1461 2297; x_wconf 82' lang='lat' dir='ltr'><strong>haee</strong></span> <span class='ocrx_word' id='word_1_129' title='bbox 1504 2228 1743 2299; x_wconf 84' lang='lat' dir='ltr'><strong>omnia,</strong></span> <span class='ocrx_word' id='word_1_130' title='bbox 1790 2245 1946 2305; x_wconf 90' lang='lat' dir='ltr'><strong>quae</strong></span> 
     </span>
     <span class='ocr_line' id='line_1_22' title="bbox 164 2327 1946 2411; baseline -0.004 -19"><span class='ocrx_word' id='word_1_131' title='bbox 164 2331 242 2392; x_wconf 89' lang='lat' dir='ltr'><strong>de</strong></span> <span class='ocrx_word' id='word_1_132' title='bbox 299 2330 418 2390; x_wconf 84' lang='lat' dir='ltr'><strong>deo</strong></span> <span class='ocrx_word' id='word_1_133' title='bbox 473 2329 902 2390; x_wconf 86' lang='lat' dir='ltr'><strong>Eleutherensi</strong></span> <span class='ocrx_word' id='word_1_134' title='bbox 958 2327 1122 2387; x_wconf 87' lang='lat' dir='ltr'><strong>dieta</strong></span> <span class='ocrx_word' id='word_1_135' title='bbox 1177 2339 1352 2402; x_wconf 84' lang='lat' dir='ltr'><strong>sunt,</strong></span> <span class='ocrx_word' id='word_1_136' title='bbox 1410 2336 1838 2411; x_wconf 85' lang='lat' dir='ltr'><strong>computamus</strong></span> <span class='ocrx_word' id='word_1_137' title='bbox 1883 2334 1946 2384; x_wconf 92' lang='lat' dir='ltr'><strong>et</strong></span> 
     </span>
     <span class='ocr_line' id='line_1_23' title="bbox 163 2428 1942 2515; baseline -0.004 -23"><span class='ocrx_word' id='word_1_138' title='bbox 163 2450 351 2515; x_wconf 89' lang='lat' dir='ltr'><strong>porro</strong></span> <span class='ocrx_word' id='word_1_139' title='bbox 419 2431 749 2509; x_wconf 83' lang='lat' dir='ltr'><strong>ancipitem</strong></span> <span class='ocrx_word' id='word_1_140' title='bbox 813 2428 1246 2505; x_wconf 84' lang='lat' dir='ltr'><strong>Kanngiesseri</strong></span> <span class='ocrx_word' id='word_1_141' title='bbox 1298 2431 1715 2507; x_wconf 76' lang='lat' dir='ltr'><strong>conjecturam</strong></span> <span class='ocrx_word' id='word_1_142' title='bbox 1773 2445 1942 2486; x_wconf 85' lang='lat' dir='ltr'><strong>assu-</strong></span> 
     </span>
     <span class='ocr_line' id='line_1_24' title="bbox 164 2527 1945 2611; baseline -0.005 -17"><span class='ocrx_word' id='word_1_143' title='bbox 164 2536 424 2605; x_wconf 86' lang='lat' dir='ltr'><strong>mimus,</strong></span> <span class='ocrx_word' id='word_1_144' title='bbox 481 2532 588 2611; x_wconf 90' lang='lat' dir='ltr'><strong>qui</strong></span> <span class='ocrx_word' id='word_1_145' title='bbox 632 2531 692 2588; x_wconf 92' lang='lat' dir='ltr'><strong>ei</strong></span> <span class='ocrx_word' id='word_1_146' title='bbox 732 2530 1053 2604; x_wconf 82' lang='lat' dir='ltr'><strong>Dionysia.</strong></span> <span class='ocrx_word' id='word_1_147' title='bbox 1083 2530 1428 2607; x_wconf 70' lang='lat' dir='ltr'><strong>maiuscula-</strong></span> <span class='ocrx_word' id='word_1_148' title='bbox 1465 2527 1768 2588; x_wconf 84' lang='lat' dir='ltr'><strong>celebrata</strong></span> <span class='ocrx_word' id='word_1_149' title='bbox 1812 2545 1945 2586; x_wconf 87' lang='lat' dir='ltr'><strong>esse</strong></span> 
     </span>
     <span class='ocr_line' id='line_1_25' title="bbox 166 2627 1943 2715; baseline -0.003 -24"><span class='ocrx_word' id='word_1_150' title='bbox 166 2642 344 2715; x_wconf 85' lang='lat' dir='ltr'><strong>putat</strong></span> <span class='ocrx_word' id='word_1_151' title='bbox 362 2627 484 2714; x_wconf 69' lang='lat' dir='ltr'><strong>[⁶⁶J,</strong></span> <span class='ocrx_word' id='word_1_152' title='bbox 519 2640 727 2690; x_wconf 89' lang='lat' dir='ltr'><strong>tamen</strong></span> <span class='ocrx_word' id='word_1_153' title='bbox 749 2628 832 2689; x_wconf 86' lang='lat' dir='ltr'><strong>ad</strong></span> <span class='ocrx_word' id='word_1_154' title='bbox 857 2629 1283 2709; x_wconf 82' lang='lat' dir='ltr'><strong>explicandam</strong></span> <span class='ocrx_word' id='word_1_155' title='bbox 1307 2632 1749 2710; x_wconf 89' lang='lat' dir='ltr'><strong>quaestionem,</strong></span> <span class='ocrx_word' id='word_1_156' title='bbox 1787 2645 1943 2706; x_wconf 91' lang='lat' dir='ltr'><strong>quae</strong></span> 
     </span>
     <span class='ocr_line' id='line_1_26' title="bbox 166 2730 1942 2811; baseline -0.006 -16"><span class='ocrx_word' id='word_1_157' title='bbox 166 2755 212 2795; x_wconf 76' lang='lat' dir='ltr'><strong>a</strong></span> <span class='ocrx_word' id='word_1_158' title='bbox 256 2732 614 2811; x_wconf 82' lang='lat' dir='ltr'><strong>Musgravio</strong></span> <span class='ocrx_word' id='word_1_159' title='bbox 668 2732 1010 2811; x_wconf 23' lang='lat' dir='ltr'><strong>proposita*</strong></span> <span class='ocrx_word' id='word_1_160' title='bbox 1036 2739 1158 2804; x_wconf 87' lang='lat' dir='ltr'><strong>est,</strong></span> <span class='ocrx_word' id='word_1_161' title='bbox 1201 2731 1357 2795; x_wconf 91' lang='lat' dir='ltr'><strong>nihil</strong></span> <span class='ocrx_word' id='word_1_162' title='bbox 1398 2749 1512 2789; x_wconf 87' lang='lat' dir='ltr'><strong>nos</strong></span> <span class='ocrx_word' id='word_1_163' title='bbox 1554 2730 1942 2809; x_wconf 87' lang='lat' dir='ltr'><strong>promovisse</strong></span> 
     </span>
     <span class='ocr_line' id='line_1_27' title="bbox 169 2828 1943 2909; baseline -0.005 -15"><span class='ocrx_word' id='word_1_164' title='bbox 169 2835 480 2897; x_wconf 75' lang='lat' dir='ltr'><strong>sentimuS.</strong></span> <span class='ocrx_word' id='word_1_165' title='bbox 566 2829 692 2897; x_wconf 87' lang='lat' dir='ltr'><strong>Sed</strong></span> <span class='ocrx_word' id='word_1_166' title='bbox 717 2875 720 2878; x_wconf 44' lang='lat'>&lt;</span> <span class='ocrx_word' id='word_1_167' title='bbox 748 2830 1087 2895; x_wconf 87' lang='lat' dir='ltr'><strong>videndum</strong></span> <span class='ocrx_word' id='word_1_168' title='bbox 1149 2841 1270 2906; x_wconf 86' lang='lat' dir='ltr'><strong>est,</strong></span> <span class='ocrx_word' id='word_1_169' title='bbox 1326 2849 1404 2891; x_wconf 88' lang='lat' dir='ltr'><strong>ne</strong></span> <span class='ocrx_word' id='word_1_170' title='bbox 1465 2830 1613 2890; x_wconf 89' lang='lat' dir='ltr'><strong>alibi</strong></span> <span class='ocrx_word' id='word_1_171' title='bbox 1667 2829 1805 2909; x_wconf 89' lang='lat' dir='ltr'><strong>plus</strong></span> <span class='ocrx_word' id='word_1_172' title='bbox 1862 2828 1943 2886; x_wconf 88' lang='lat' dir='ltr'><strong>sit</strong></span> 
     </span>
    </p>
   </div>
   <div class='ocr_carea' id='block_1_5' title="bbox 168 2975 1942 3354">
    <p class='ocr_par' dir='ltr' id='par_1_10' title="bbox 168 2975 1942 3354">
     <span class='ocr_line' id='line_1_28' title="bbox 287 2975 1939 3059; baseline -0.004 -12"><span class='ocrx_word' id='word_1_173' title='bbox 287 3000 352 3059; x_wconf 79' lang='lat' dir='ltr'><strong>[d]</strong></span> <span class='ocrx_word' id='word_1_174' title='bbox 385 3002 482 3046; x_wconf 87' lang='lat' dir='ltr'><strong>Hoc</strong></span> <span class='ocrx_word' id='word_1_175' title='bbox 510 3006 556 3044; x_wconf 89' lang='lat' dir='ltr'><strong>et</strong></span> <span class='ocrx_word' id='word_1_176' title='bbox 586 3000 671 3043; x_wconf 85' lang='lat' dir='ltr'><strong>alio</strong></span> <span class='ocrx_word' id='word_1_177' title='bbox 703 2975 943 3044; x_wconf 82' lang='lat' dir='ltr'><strong>Pausaniae</strong></span> <span class='ocrx_word' id='word_1_178' title='bbox 974 2975 1244 3054; x_wconf 82' lang='lat' dir='ltr'><strong>testimonio,</strong></span> <span class='ocrx_word' id='word_1_179' title='bbox 1289 3017 1371 3056; x_wconf 86' lang='lat' dir='ltr'><strong>quo</strong></span> <span class='ocrx_word' id='word_1_180' title='bbox 1403 3014 1528 3042; x_wconf 83' lang='lat' dir='ltr'><strong>sacra</strong></span> <span class='ocrx_word' id='word_1_181' title='bbox 1557 3000 1733 3042; x_wconf 85' lang='lat' dir='ltr'><strong>dearum</strong></span> <span class='ocrx_word' id='word_1_182' title='bbox 1763 3012 1939 3054; x_wconf 83' lang='lat' dir='ltr'><strong>magna—</strong></span> 
     </span>
     <span class='ocr_line' id='line_1_29' title="bbox 174 3057 1940 3111; baseline -0.004 -7"><span class='ocrx_word' id='word_1_183' title='bbox 174 3075 264 3104; x_wconf 81' lang='lat' dir='ltr'><strong>mm</strong></span> <span class='ocrx_word' id='word_1_184' title='bbox 294 3074 341 3104; x_wconf 73' lang='lat' dir='ltr'><strong>a</strong></span> <span class='ocrx_word' id='word_1_185' title='bbox 351 3060 555 3104; x_wconf 69' lang='lat' dir='ltr'><strong>caucone</strong></span> <span class='ocrx_word' id='word_1_186' title='bbox 583 3059 848 3102; x_wconf 79' lang='lat' dir='ltr'><strong>Eleusinio·</strong></span> <span class='ocrx_word' id='word_1_187' title='bbox 834 3071 900 3102; x_wconf 87' lang='lat' dir='ltr'><strong>m</strong></span> <span class='ocrx_word' id='word_1_188' title='bbox 913 3060 1171 3104; x_wconf 81' lang='lat' dir='ltr'><strong>Messeniam</strong></span> <span class='ocrx_word' id='word_1_189' title='bbox 1200 3061 1411 3103; x_wconf 82' lang='lat' dir='ltr'><strong>translata</strong></span> <span class='ocrx_word' id='word_1_190' title='bbox 1440 3058 1572 3111; x_wconf 84' lang='lat' dir='ltr'><strong>dicit,</strong></span> <span class='ocrx_word' id='word_1_191' title='bbox 1603 3065 1740 3101; x_wconf 83' lang='lat' dir='ltr'><strong>motus</strong></span> <span class='ocrx_word' id='word_1_192' title='bbox 1769 3057 1940 3099; x_wconf 85' lang='lat' dir='ltr'><strong>videtur</strong></span> 
     </span>
     <span class='ocr_line' id='line_1_30' title="bbox 173 3116 1940 3175; baseline -0.003 -12"><span class='ocrx_word' id='word_1_193' title='bbox 173 3119 411 3163; x_wconf 75' lang='lat' dir='ltr'><strong>palmerius</strong></span> <span class='ocrx_word' id='word_1_194' title='bbox 438 3119 691 3175; x_wconf 62' lang='lat' dir='ltr'><strong>Exercitp</strong></span> <span class='ocrx_word' id='word_1_195' title='bbox 695 3117 835 3160; x_wconf 89' lang='grc'><strong>..690</strong></span> <span class='ocrx_word' id='word_1_196' title='bbox 866 3125 915 3162; x_wconf 89' lang='lat' dir='ltr'><strong>ut</strong></span> <span class='ocrx_word' id='word_1_197' title='bbox 942 3119 985 3163; x_wconf 87' lang='lat' dir='ltr'><strong>in</strong></span> <span class='ocrx_word' id='word_1_198' title='bbox 1017 3121 1172 3173; x_wconf 73' lang='lat' dir='ltr'><strong>Marna.</strong></span> <span class='ocrx_word' id='word_1_199' title='bbox 1203 3120 1303 3161; x_wconf 89' lang='lat' dir='ltr'><strong>Par.</strong></span> <span class='ocrx_word' id='word_1_200' title='bbox 1334 3119 1408 3160; x_wconf 89' lang='lat' dir='ltr'><strong>lin.</strong></span> <span class='ocrx_word' id='word_1_201' title='bbox 1439 3118 1510 3160; x_wconf 83' lang='grc'><strong>28</strong></span> <span class='ocrx_word' id='word_1_202' title='bbox 1540 3118 1615 3160; x_wconf 89' lang='lat' dir='ltr'><strong>ubi</strong></span> <span class='ocrx_word' id='word_1_203' title='bbox 1645 3116 1940 3172; x_wconf 81' lang='lat' dir='ltr'><strong>mysteriorum</strong></span> 
     </span>
     <span class='ocr_line' id='line_1_31' title="bbox 173 3175 1942 3229; baseline -0.003 -8"><span class='ocrx_word' id='word_1_204' title='bbox 173 3177 384 3221; x_wconf 77' lang='lat' dir='ltr'><strong>institutio</strong></span> <span class='ocrx_word' id='word_1_205' title='bbox 423 3177 611 3221; x_wconf 67' lang='lat' dir='ltr'><strong>traditur</strong></span> <span class='ocrx_word' id='word_1_206' title='bbox 651 3177 725 3219; x_wconf 83' lang='lat' dir='ltr'><strong>sed</strong></span> <span class='ocrx_word' id='word_1_207' title='bbox 767 3178 956 3220; x_wconf 80' lang='lat' dir='ltr'><strong>auctoris</strong></span> <span class='ocrx_word' id='word_1_208' title='bbox 986 3193 1136 3222; x_wconf 89' lang='lat' dir='ltr'><strong>nomen</strong></span> <span class='ocrx_word' id='word_1_209' title='bbox 1166 3177 1355 3229; x_wconf 87' lang='lat' dir='ltr'><strong>evanuit,</strong></span> <span class='ocrx_word' id='word_1_210' title='bbox 1387 3175 1627 3219; x_wconf 81' lang='lat' dir='ltr'><strong>Cauconem</strong></span> <span class='ocrx_word' id='word_1_211' title='bbox 1661 3175 1942 3218; x_wconf 82' lang='lat' dir='ltr'><strong>substitueret</strong></span> 
     </span>
     <span class='ocr_line' id='line_1_32' title="bbox 172 3211 1940 3306; baseline -0.003 -27"><span class='ocrx_word' id='word_1_212' title='bbox 172 3251 250 3295; x_wconf 83' lang='lat' dir='ltr'><strong>pro</strong></span> <span class='ocrx_word' id='word_1_213' title='bbox 279 3236 516 3306; x_wconf 76' lang='lat' dir='ltr'><strong>Eumolpo3</strong></span> <span class='ocrx_word' id='word_1_214' title='bbox 547 3251 634 3286; x_wconf 72' lang='lat' dir='ltr'><strong>nee</strong></span> <span class='ocrx_word' id='word_1_215' title='bbox 674 3236 850 3289; x_wconf 87' lang='lat' dir='ltr'><strong>dubito,</strong></span> <span class='ocrx_word' id='word_1_216' title='bbox 893 3237 994 3292; x_wconf 87' lang='lat' dir='ltr'><strong>quin</strong></span> <span class='ocrx_word' id='word_1_217' title='bbox 1036 3239 1129 3281; x_wconf 80' lang='lat' dir='ltr'><strong>viro</strong></span> <span class='ocrx_word' id='word_1_218' title='bbox 1161 3211 1405 3294; x_wconf 67' lang='lat' dir='ltr'><strong>perer-ndito</strong></span> <span class='ocrx_word' id='word_1_219' title='bbox 1434 3235 1683 3303; x_wconf 83' lang='lat' dir='ltr'><strong>minimeque</strong></span> <span class='ocrx_word' id='word_1_220' title='bbox 1715 3233 1940 3277; x_wconf 79' lang='lat' dir='ltr'><strong>temerario</strong></span> 
     </span>
     <span class='ocr_line' id='line_1_33' title="bbox 168 3290 1527 3354; baseline -0.002 -15"><span class='ocrx_word' id='word_1_221' title='bbox 168 3296 318 3354; x_wconf 72' lang='lat' dir='ltr'><strong>plures</strong></span> <span class='ocrx_word' id='word_1_222' title='bbox 347 3290 508 3337; x_wconf 79' lang='lat' dir='ltr'><strong>suerint</strong></span> <span class='ocrx_word' id='word_1_223' title='bbox 534 3295 724 3338; x_wconf 80' lang='lat' dir='ltr'><strong>rationes</strong></span> <span class='ocrx_word' id='word_1_224' title='bbox 754 3308 829 3336; x_wconf 86' lang='lat' dir='ltr'><strong>cur</strong></span> <span class='ocrx_word' id='word_1_225' title='bbox 859 3294 1077 3352; x_wconf 80' lang='lat' dir='ltr'><strong>vulgarem</strong></span> <span class='ocrx_word' id='word_1_226' title='bbox 1110 3298 1262 3339; x_wconf 84' lang='lat' dir='ltr'><strong>famam</strong></span> <span class='ocrx_word' id='word_1_227' title='bbox 1294 3299 1527 3351; x_wconf 84' lang='lat' dir='ltr'><strong>sperneret</strong></span> 
     </span>
    </p>
   </div>
   <div class='ocr_carea' id='block_1_6' title="bbox 298 3363 1381 3426">
    <p class='ocr_par' dir='ltr' id='par_1_11' title="bbox 298 3363 1381 3426">
     <span class='ocr_line' id='line_1_34' title="bbox 298 3363 1381 3426; baseline -0.003 -13"><span class='ocrx_word' id='word_1_228' title='bbox 298 3363 394 3423; x_wconf 71' lang='lat'><strong>[¹¹¹¹]</strong></span> <span class='ocrx_word' id='word_1_229' title='bbox 429 3367 511 3411; x_wconf 89' lang='lat' dir='ltr'><strong>Die</strong></span> <span class='ocrx_word' id='word_1_230' title='bbox 542 3369 756 3412; x_wconf 67' lang='lat' dir='ltr'><strong>bomische</strong></span> <span class='ocrx_word' id='word_1_231' title='bbox 787 3366 979 3411; x_wconf 85' lang='lat' dir='ltr'><strong>Buhne</strong></span> <span class='ocrx_word' id='word_1_232' title='bbox 967 3383 1009 3411; x_wconf 86' lang='lat' dir='ltr'><strong>m</strong></span> <span class='ocrx_word' id='word_1_233' title='bbox 1043 3371 1180 3413; x_wconf 72' lang='lat' dir='ltr'><strong>Athen</strong></span> <span class='ocrx_word' id='word_1_234' title='bbox 1212 3385 1252 3426; x_wconf 87' lang='lat' dir='ltr'><strong>p.</strong></span> <span class='ocrx_word' id='word_1_235' title='bbox 1285 3367 1381 3410; x_wconf 89' lang='grc'><strong>212.</strong></span> 
     </span>
    </p>
   </div>
  </div>
 </body>
</html>
