2176 3886
736 229 1312 302 ELEuslNIA.
1846 251 1926 311 45

144 395 320 470 ligio,
365 399 824 463 etmunerum,
859 393 1055 471 'quae'
1082 391 1291 450 abf‘ea
1318 393 1385 450 in
1430 392 1923 473 universumssge-

142 509 253 550 nus
296 489 650 568 humanum3
677 490 958 569 profecta
1001 496 1194 567 sunt‚j
1226 491 1612 569 magnitudo·
1694 491 1927 563 Quarta

139 590 672 669 spectaculorum‚·
714 592 979 670 quae-in
1026 593 1257 671 templo
1303 593 1626 652 Eleusinio.
1650 590 1926 652 ⁴edeban·

135 701 254 773 tur,
298 691 765 767 magnificentia,
807 709 993 770 quam
1028 693 1426 771 amplissimis
1451 690 1669 752 verbis
1687 691 1922 751 -descri-

137 791 240 851 bit*
270 789 576 851 Aristides
619 792 684 849 in
726 791 952 852 Eleus:
978 812 1039 873 p.
1081 790 1223 853 256.
1261 791 1330 851 Τ.
1366 793 1412 851 Ι.
1456 790 1668 856 κοινόν
1711 817 1773 855 τι
1814 801 1925 877 γῆς

135 892 383 973 τέμενος
415 891 454 970 ἡ
485 892 748 962 Ἐλευσὶς
782 894 888 956 καὶ
922 892 1193 957 πάντων
1219 894 1337 956 ὅσα
1360 897 1510 955 θεῖα
1537 891 1922 975 ἀνθρώποις,

133 991 324 1055 ταύτὸ
370 992 876 1074 φρικωδέστατον
909 994 1015 1056 καὶ
1052 991 1496 1076 φαιδρότατον·
1523 993 1647 1066 τίνι
1671 993 1729 1055 δ’
1757 996 1923 1076 ἄλλῳ

127 1092 381 1175 χωρίων
421 1091 462 1170 ἢ
503 1090 746 1174 μύθων’
772 1101 974 1176 φῆμαι
1005 1092 1520 1177 θαυμαστότεραι
1553 1091 1923 1175 ἐφυμνήθη-

137 1214 258 1256 σαν
287 1192 329 1272 ἢ
358 1191 437 1255 τὰ
473 1189 769 1274 δρώμενα
801 1194 991 1274 μείζω
1020 1195 1135 1275 τὴν
1171 1197 1452 1274 ἔκπληξιν
1488 1196 1661 1273 ἔσχεν
1690 1193 1730 1274 ἢ
1760 1202 1916 1275 μᾶλ-

135 1302 244 1358 λον
280 1298 365 1362 εἰς
400 1289 751 1374 ἐφάμιλλον
777 1295 1212 1375 κατέστηταῒς
1249 1298 1464 1365 ἀκοαῖς
1500 1290 1915 1377 τὰόρώμενα,

132 1394 250 1458 ὅσα
296 1390 414 1474 μὲν
463 1390 738 1471 ὃὴθέας
774 1392 1035 1478 ἐχόμενα
1067 1396 1245 1460 ἐἶδον
1283 1395 1491 1482 γενεαὶ
1528 1393 1919 1477 παμπλήθεις

131 1490 529 1575 εὐδαιμόνων
573 1492 831 1576 ἀνδρῶν
872 1497 979 1559 καὶ
1019 1505 1338 1582 γυναικῶν
1377 1502 1604 1573 ἐντοῖς
1640 1493 1919 1576 οἷῤῥήτοις

130 1592 434 1677 φάσμασι.
524 1594 782 1655 Possum
843 1597 1054 1675 plures
1108 1606 1465 1656 enumerare
1524 1615 1764 1669 causas,
1809 1595 1919 1653 sed

129 1713 311 1753 nemo
371 1695 656 1773 requiret.
743 1693 884 1754 Jam
943 1707 1239 1776 quantum
1297 1696 1590 1775 ponderis
1644 1695 1919 1772 singulae

129 1793 296 1874 apud
341 1805 580 1855 veteres
610 1794 970 1868 habuerint,
1005 1797 1166 1876 ipsis
1210 1815 1425 1854 eorum
1470 1794 1676 1856 verbis
1712 1795 1919 1874 expla-

130 1892 307 1952 nabo.
366 1892 624 1952 Plinius⁴
655 1894 930 1953 Maximo
986 1914 1099 1954 suo
1157 1895 1426 1954 scribens
1472 1893 1630 1953 vm.
1678 1893 1778 1953 24.
1823 1893 1917 1953 his

132 2012 272 2053 eum
328 1993 536 2054 verbis
591 1993 911 2054 admonet:
974 1996 1059 2054 In
1116 1996 1502 2055 Achaeam
1555 1995 1917 2074 proficis-

131 2093 304 2155 cere
347 2094 563 2154 illam
607 2114 870 2156 veram
916 2104 991 2154 et
1036 2115 1322 2155 meram
1371 2097 1795 2168 Graeciam,
1840 2097 1918 2153 in

130 2214 275 2276 qua
343 2197 676 2275 primum
744 2195 1225 2269 humanum,
1290 2197 1613 2268 literae,
1684 2197 1916 2254 etiam

132 2295 406 2373 fruges
450 2297 826 2356 inventae
870 2315 1040 2356 esse
1094 2296 1516 2355 creduntur
1558 2332 1644 2341 -—-
1686 2287 1918 2355 Reve-v

132 2415 302 2455 rere
359 2393 549 2454 deos
607 2394 1063 2455 conditores
1108 2434 1192 2441 —
1237 2399 1343 2456 sit
1399 2387 1621 2478 apud‘
1658 2404 1730 2453 te
1798 2395 1918 2453 ho-

132 2515 274 2556 nor
317 2496 818 2575 antiquitati,
863 2498 967 2555 sit
1008 2496 1458 2574 ingentibus
1502 2495 1770 2568 factis,
1816 2495 1918 2553 sit

132 2596 432 2657 fabulis
475 2613 620 2675 quo
637 2597 806 2674 que!
852 2594 1016 2654 Hinc
1057 2615 1173 2676 pro
1217 2616 1285 2656 se
1328 2598 1584 2677 quisque
1617 2596 1919 2672 conjectu·
1972 2626 1975 2635 ·

130 2717 266 2758 ram
326 2695 559 2777 capiat,
617 2714 737 2776 quo
792 2714 975 2756 sensu
1033 2696 1285 2770 Graeci,
1358 2696 1578 2777 quibus
1638 2705 1918 2773 vegetum

131 2817 373 2878 semper
436 2797 752 2875 ingenium
819 2799 1184 2877 animusque
1253 2797 1332 2858 ad
1389 2799 1597 2857 omnia
1651 2795 1919 2865 mobiliS‚

134 2898 352 2984 templi
395 2897 812 2974 augustissimi
854 2901 1186 2958 sacrarium
1230 2900 1485 2977 ingressi
1527 2897 1771 2956 fuerint.
1825 2892 1919 2952 Si-

138 2999 385 3080 mulque
440 2998 628 3057 etiam
681 2996 838 3057 illud
895 2998 1275 3072 consideret,
1333 2997 1497 3078 quod
1541 2995 1918 3072 Pythagoras

139 3098 408 3180 dixit[³]‚
452 3107 587 3162 tum
630 3099 900 3159 maxime
943 3101 1239 3180 pietatem
1285 3109 1347 3158 et
1388 3098 1745 3175 religionem
1784 3112 1916 3155 ver-

262 3296 332 3367 [8]
363 3277 619 3342 Plutarchus
661 3297 715 3340 de
753 3297 949 3355 Superst.
991 3315 1028 3342 c.
1059 3300 1180 3344 VIII.
1211 3297 1281 3341 74.
1312 3299 1529 3353 βέλτιστοι
1558 3296 1736 3363 ἑαυτῶν.
1757 3294 1914 3350 γίνον-

145 3372 219 3402 ται
248 3353 511 3415 ἂνθρωποι,
541 3354 649 3402 ὅταν
679 3355 792 3414 πρὸς
820 3356 922 3409 τοὺς
950 3358 1086 3410 θεοὺς
1124 3358 1348 3414 βαδίζωσι.
1408 3356 1542 3399 Plura
1580 3354 1760 3398 contuht
1789 3352 1915 3404 wyt-

51 3463 54 3470 ,
147 3415 345 3458 tenbach.
378 3413 598 3458 Animadv.
630 3432 671 3474 p.
705 3415 831 3459 1026.
