2158 3848
768 210 773 215 .
869 129 1348 247 oRPH1cas
1831 152 1987 213 ³743

198 303 516 363 blonskius
586 302 805 362 Panth.
867 298 1140 376 Prolegg.
1199 296 1391 357 LXX.
1434 314 1814 376 comparans
1873 296 1986 357 Or-

195 404 412 484 phicos
456 417 673 463 versus
728 432 732 433 ν

335 517 455 586 Πῦρ
492 515 578 566 καὶ
610 511 752 582 ὕδωρ
788 512 874 563 καὶ
908 518 1031 581 γαΐα
1066 511 1159 562 καὶι
1189 504 1480 579 αἶθὴρινῦξ
1515 527 1568 561 τε
1604 509 1690 560 καὶ
1723 501 1862 579 ἦμαρ

333 602 418 652 καὶ
455 602 636 667 Μῆτις
670 601 875 668 πρῶτος
909 596 1144 676 yeve'vax
1159 595 1244 647 καὶ
1268 592 1439 664 ’Έρως
1474 590 1811 663 πολυτερπής.

191 704 256 760 in
323 699 548 780 quibus
615 707 758 759 octo
828 697 1077 759 divinas
1141 706 1407 757 naturas¹
1457 695 1802 756 consociari
1853 696 1983 754 ani-

190 800 560 874 madvertit;
600 799 685 858 Et
728 799 891 872 hinc,
932 800 1152 878 inquit,
1197 795 1354 858 illud
1397 797 1849 875 Pythagoreum
1893 803 1988 854 est

187 900 361 982 apud
405 895 630 960 Zenob.
676 899 749 959 V.
793 900 897 959 78.
974 898 1207 963 Πάντα
1251 897 1457 972 ὀκτώ,
1493 897 1822 980 Εῶνὸρος
1865 898 1982 986 ἔφη

189 1001 356 1064 ὀκτὼ
411 1001 558 1072 τοὺς
612 999 870 1064 πάντων
924 1000 1083 1063 εἶναι
1123 1009 1515 1081 κρατοῦντας
1556 998 1777 1070 θεοὺς,
1834 1004 1982 1079 πῦρ,

187 1103 361 1185 ὕδωρ
378 1148 399 1175 ,
465 1111 620 1187 γῆν,
681 1101 994 1183 οὐρανὸν,
1055 1097 1351 1179 σελήνην,
1410 1100 1627 1178 ἥλιον,
1679 1096 1981 1177 Μίθραν,

185 1201 417 1274 νύκτα,
478 1200 583 1258 ubi
640 1220 765 1260 non
822 1198 1068 1257 dubitat
1125 1199 1283 1277 quin
1320 1217 1444 1278 pro
1503 1197 1785 1280 Μίθραν
1840 1196 1983 1255 scri—

184 1300 455 1360 bendum
500 1300 584 1358 sit
623 1300 884 1382 ἡμέραν,
930 1316 1127 1378 eoque
1171 1300 1426 1357 nomine
1469 1298 1799 1395 significari
1828 1295 1984 1354 Pha

186 1410 392 1460 netem
442 1398 800 1479 Orphicum.
861 1393 1091 1457 Verum
1138 1395 1289 1458 haec
1335 1400 1455 1460 viri
1502 1396 1727 1476 egregii
1771 1384 1984 1475 dispu-

183 1501 339 1560 tatio
384 1499 525 1580 plus
570 1518 695 1558 una
735 1508 914 1579 parte
958 1494 1227 1567 vacillat.
1271 1486 1564 1565 Primum
1608 1499 1674 1557 in
1719 1495 1984 1557 disticho

121 1612 129 1618 “
184 1599 455 1681 Orphico
513 1617 641 1683 non
698 1606 837 1682 octo
898 1597 986 1658 dii
1043 1602 1323 1658 seorsum
1379 1607 1817 1658 enumerantur
1871 1594 1984 1656 sed

179 1711 390 1783 partes
461 1696 572 1759 aut
638 1699 873 1779 species
942 1698 1045 1758 dei
1115 1684 1397 1758 omnium
1464 1704 1671 1758 rerum
1732 1706 1982 1757 naturas

181 1801 508 1882 complexi,
552 1819 750 1879 neque
792 1799 888 1858 illi
933 1806 1150 1860 versus
1194 1801 1532 1895 separatim
1577 1796 1773 1879 positi
1807 1795 1983 1876 quid-

180 1921 368 1983 quam
413 1900 775 1986 significant,
817 1895 943 1957 sed
975 1917 1115 1958 cum
1141 1899 1396 1972 ceteriS‚
1442 1899 1548 1978 qui
1593 1891 1984 1970 antecedunt,

179 1995 587 2063 continuandi
627 2006 774 2058 sunt
819 2001 904 2076 (v.
942 1997 1006 2058 P.
1041 1998 1118 2058 ΙΙ.
1157 1995 1223 2058 C.
1258 1996 1331 2056 V.
1365 1997 1468 2058 Fr.
1507 1991 1692 2078 VIII.)
1737 1996 1984 2058 Deinde

63 2156 68 2159 ,
178 2104 242 2162 ἰιι
299 2102 454 2162 stele
515 2087 901 2187 Aegyptiaca
955 2118 1071 2179 pro
1130 2102 1251 2182 ἐρῶ
1295 2125 1359 2162 τε
1404 2107 1532 2157 ιἰοιι
1562 2101 1819 2183 Ἔρωτι,
1868 2097 1981 2157 sed

179 2198 424 2284 ἀρρήτῳ
493 2181 887 2286 scribendum
956 2197 1238 2272 videtur,
1308 2210 1428 2278 quo
1497 2199 1751 2259 nomine
1822 2198 1979 2257 nihil

179 2283 677 2364 convenientius'
718 2298 836 2358 deo
904 2299 1086 2380 patri.
1189 2299 1511 2359 Postremo
1571 2298 1692 2373 dii,
1752 2299 1857 2384 qui
1911 2300 1979 2358 in

178 2402 334 2463 stele
399 2408 833 2480 nuncupantur
899 2410 962 2458 et
1029 2418 1184 2480 quos
1256 2399 1542 2480 Orpheus
1608 2401 1675 2476 in
1738 2400 1976 2478 jureju-

176 2501 376 2563 rando
420 2507 684 2560 testatur
726 2519 805 2558 ne
849 2497 1039 2560 iidem
1085 2498 1336 2581 quidem
1380 2507 1545 2567 sunt,
1569 2517 1819 2573 omneS‚
1864 2498 1975 2558 sed

176 2600 287 2663 illa
340 2601 628 2683 spiritum
695 2607 758 2659 et
810 2618 1018 2661 rerum
1073 2603 1350 2660 omnium
1403 2609 1649 2680 'patrem
1707 2597 1972 2672 exhibet,

175 2703 277 2763 hic
327 2701 533 2780 ignem
590 2708 655 2759 et
709 2718 951 2781 aquam.
1050 2698 1216 2774 Quin
1271 2691 1350 2759 d³e
1404 2718 1667 2759 numero
1724 2710 1973 2780 quoque

179 2802 512 2883 disceptari
554 2810 790 2880 potest3
844 2818 993 2861 nam
1049 2803 1116 2861 in
1173 2801 1444 2881 Orphico
1502 2819 1688 2862 versu
1741 2817 1968 2859 nomen

180 2902 419 2963 Phanes
475 2900 640 2962 Solis
697 2901 1016 2981 epitheton
1071 2920 1206 2962 esse
1264 2910 1327 2960 et
1381 2901 1448 2959 in
1506 2909 1640 2961 toto
1698 2901 1970 2960 carmine

179 3021 304 3062 non
347 3010 520 3074 octo,
577 3011 647 3061 ut
691 3000 930 3061 Theoni
973 3002 1206 3084 placet,
1251 2999 1362 3060 sed
1403 3009 1643 3081 septem
1690 3000 1779 3061 dii
1824 3020 1970 3060 enu-

178 3103 405 3163 merari
458 3099 764 3169 videntur.
850 3101 1064 3182 Itaque
1108 3099 1334 3161 cadunt
1378 3103 1620 3176 omnia,
1665 3120 1820 3182 quae
1863 3082 1965 3160 Ja—

179 3202 498 3263 bionskius
551 3201 663 3262 iuo
719 3202 855 3260 loco
901 3200 980 3262 de
1023 3202 1508 3282 Aegyptiorum,
1554 3202 1963 3284 Orphicorum

179 3314 241 3363 et
296 3301 822 3381 Pythagoreorum
884 3322 1179 3366 consensu
1227 3301 1503 3379 disserit,
1548 3323 1811 3386 quorum
1856 3321 1965 3384 po-
