2158 3848
180 231 302 290 782
707 243 942 287 11333
991 220 1419 289 SECUNDUS.

176 374 501 454 quominus
571 369 1029 453 Hierophantas
1097 375 1445 434 Eleusinios
1505 395 1689 456 quum
1743 395 1946 440 sacras

177 475 488 534 orationes
530 470 823 531 haberent
836 516 854 546 ‚
897 475 1268 532 samscritice
1312 475 1601 555 loquutos
1646 495 1778 537 esse
1824 498 1948 539 cre-

175 574 410 633 damus,
496 571 843 651 Iisdemque
899 574 1085 631 etiam
1129 576 1320 633 armis
1377 594 1623 636 causam
1670 588 1947 638 nostram
1983 592 1985 595 ·

174 675 482 734 tuebimur
498 717 513 745 ,
576 673 629 730 si
672 674 807 750 quis
852 672 1107 731 alteram
1150 673 1453 734 Eleusinii
1497 678 1781 736 carminis
1825 678 1949 736 for-

175 776 405 835 mulam
449 772 543 835 υἷε
585 777 788 833 τοκυῖε
801 819 821 844 ,
911 791 1065 852 quae
1106 772 1356 852 quidem·
1400 775 1673 836 nondum
1718 797 1755 836 a
1795 777 1950 837 Wil-

175 873 353 933 fordo
411 872 716 953 explicata
728 914 746 943 ‚
803 870 913 930 sed
967 871 1290 932 Muentero
1335 873 1546 951 judice
1589 896 1665 935 ex
1707 896 1951 938 summa

173 980 480 1061 vetustate
542 981 603 1031 et
656 973 992 1053 peregrinis
1049 972 1324 1034 fontibus
1378 977 1645 1055 repeti-ta
1701 987 1795 1036 est
1808 1020 1826 1050 ‚
1886 979 1952 1035 in

173 1067 420 1153 graecos
475 1075 880 1152 imperativos
936 1073 1004 1135 ῧε
1050 1083 1112 1133 31
1153 1073 1260 1137 κύε
1305 1079 1732 1154 transfigurare
1775 1095 1953 1135 cone-

174 1185 288 1235 tur.
377 1172 663 1234 Ceterum
680 1201 700 1245 ‚2
758 1172 924 1252 quod
980 1173 1321 1235 Wilfordus
1366 1175 1516 1236 dicit
1556 1176 1714 1236 illud
1755 1177 1953 1235 hiero-

171 1275 531 1355 phanticum
599 1291 713 1332 exo
720 1270 890 1331 dium
961 1275 1166 1331 nemin
1173 1293 1269 1334 em
1325 1287 1468 1335 3313
1523 1297 1590 1336 33
1648 1277 1953 1357 explicare

172 1379 389 1435 ausum
448 1391 580 1432 esse
592 1415 610 1445 ‚
667 1370 899 1430 diutius
957 1375 1239 1432 assentiri
1281 1394 1405 1434 non
1448 1395 1720 1455 possum.
1806 1378 1951 1435 Ete-

171 1477 300 1536 nim
391 1475 670 1534 υἱέι-313
743 1473 1027 1549 fortes
1117 1482 1300 1532 ante
1376 1473 1953 1551 Agamemnona

172 1596 234 1636 m
247 1599 291 1636 u
307 1577 333 1634 l
342 1585 369 1634 t
382 1576 434 1649 i,
480 1584 541 1633 et
583 1575 650 1632 in
691 1572 808 1630 hoc
852 1590 1093 1651 quoque
1136 1591 1355 1650 genere
1398 1574 1716 1635 literarum
1750 1577 1953 1655 singu-

170 1679 248 1736 lis
292 1676 436 1736 fere'
465 1673 768 1734 aetatibus
813 1673 1038 1750 singuli
1083 1675 1414 1733 extiterunt
1459 1677 1579 1735 viri
1621 1674 1953 1736 Mercuria-

170 1780 259 1837 les
277 1821 292 1851 ‚
350 1778 454 1857 qui
510 1793 630 1854 quo
689 1774 974 1834 breviore
1034 1775 1136 1835 via
1179 1773 1259 1833 ad
1305 1775 1559 1852 gloriam
1607 1791 1951 1854 grassaren-

170 1890 268 1937 tur
284 1922 300 1950 ,
350 1878 606 1936 13310133
660 1891 807 1933 31103
851 1874 1161 1934 miraculis
1204 1875 1575 1953 ingurgitare
1618 1877 1953 1937 studerent.

173 1971 311 2038 Hoc
378 1997 453 2036 ex
506 1994 723 2053 genere
779 1991 964 2034 aureo
1021 1974 1142 2033 fuit
1195 1985 1336 2034 ante
1378 1976 1491 2035 hos
1538 1987 1779 2036 centum
1825 1976 1952 2036 fere

172 2097 364 2138 annos
432 2075 865 2153 Francogallus
934 2075 1023 2134 Le
1082 2074 1291 2134 Grand
1307 2120 1323 2148 ,
1406 2078 1512 2155 qui
1564 2078 1629 2135 in
1684 2077 1948 2136 Dissert.

171 2179 394 2238 Philus.
441 2186 502 2236 et
546 2175 689 2237 Crit.
726 2198 786 2257 p.
827 2176 965 2236 173.
1001 2176 1150 2235 haec
1185 2178 1457 2255 scripsit:
1503 2176 1558 2235 V
1573 2195 1609 2236 3
1622 2197 1653 2235 1
1666 2178 1688 2236 i
1702 2195 1739 2236 3
1783 2175 1824 2236 d
1840 2198 1874 2236 3
1886 2197 1949 2237 0-

169 2299 325 2338 rum
397 2279 708 2336 nomina
774 2279 854 2336 in
922 2277 1411 2354 mystagogia
1479 2277 1983 2337 Graecorum·

168 2398 298 2458 rep
315 2379 679 2439 eriuntur
730 2375 1209 2461 μιξοβάρβαροι,
1264 2396 1358 2457 qu
1375 2372 1480 2436 ali
1496 2397 1534 2437 3
1597 2378 1834 2438 Titan
1879 2388 1952 2437 et

168 2476 472 2560 Λελιούρη
517 2480 597 2536 13
640 2479 866 2538 ultim
886 2495 923 2536 0
958 2478 1214 2537 Lunae
1256 2478 1519 2555 hymni
1562 2497 1702 2558 pro
1738 2483 1797 2550 ἐς
1818 2483 1952 2543 Ao·-

169 2577 397 2662 κούρη,
477 2595 714 2657 quare
793 2577 1254 2656 corrigenda
1333 2577 1630 2658 Orphei
1701 2578 1950 2652 editio

170 2678 459 2739 Aldina
533 2687 608 2736 et
680 2677 1231 2757 Stephaniana.
1343 2678 1581 2738 Titan
1647 2692 1733 2738 ex
1807 2680 1950 2739 Sa-

172 2782 310 2840 tan
343 2776 414 2860 [¹¹]
487 2789 567 2838 ut
635 2779 748 2837 311
815 2775 1155 2836 Joannes
1223 2777 1568 2838 Auratus
1622 2781 1701 2838 111
1755 2788 1947 2839 11011.

174 2879 630 2960 autograph.
676 2876 771 2936 ad
811 2876 1271 2938 Hesiodum:
1329 2877 1947 2940 vetustissimus

175 2979 533 3060 Orpheus
590 2974 1012 3052 Hebraica,
1084 2977 1438 3055 Syriaca,
1500 2976 1946 3054 Chaldaica,

176 3082 562 3161 etiamque
604 3081 900 3159 Magica
942 3081 1230 3161 permis
1247 3083 1420 3140 cuit.
1521 3080 1684 3140 Huic
1727 3082 1946 3140 similis

175 3181 212 3241 J
215 3229 227 3241 .
275 3179 564 3254 ClericuS‚
609 3169 884 3265 summus
930 3181 1273 3259 Theologus
1319 3193 1380 3241 et
1424 3181 1644 3263 (donec
1676 3184 1743 3240 in
1766 3181 1948 3241 Bent-

295 3350 359 3408 [h]
391 3349 487 3391 Hoc
526 3348 702 3404 egregie
740 3332 963 3392 confirmat
991 3349 1235 3405 Hesychius
1266 3345 1403 3393 Τιτάν
1431 3376 1489 3383 -
1513 3349 1834 3409 Ἀντίχριστος,
1877 3348 1945 3390 cui

179 3422 327 3452 nomen
368 3407 472 3450 illud
500 3405 735 3465 ἰσόψηφον
763 3414 855 3460 est,
899 3409 1119 3451 continens
1150 3422 1365 3452 numerum
1399 3409 1565 3453 bestiae
1593 3406 1944 3466 Apocalypticae.
