2158 3848
177 192 305 254 644
709 201 948 246 LIBER
992 199 1421 244 SECUNDUS.

182 341 304 400 ἐκεῖ
331 340 541 399 κακῶν
576 328 957 396 ἀπολύουσιν
988 330 1171 412 ἡμᾶς,
1204 329 1290 411 μὴ
1324 326 1648 401 θύσαντας
1682 329 1752 394 δὲ
1784 330 1962 395 δεινὰ

180 436 483 521 περιμένει
499 434 571 514 [³]
585 476 603 506 ,
658 430 826 512 quod
879 447 1132 511 prorsus
1176 431 1464 492 convenit
1506 449 1646 491 cum
1689 433 1963 493 vanitate

181 539 349 599 illius
405 532 910 614 Orpheotelestae
954 530 1059 607 qui
1101 528 1419 603 omnibus,
1473 549 1635 610 quos,
1668 531 1962 603 initiaret,

183 653 457 700 summos
510 634 577 692 in
631 631 825 689 altera
870 630 1002 688 vita
1032 627 1310 694 ‚honores
1354 639 1416 688 et
1455 631 1735 710 praemia
1777 649 1963 711 spon-

185 738 370 798 debat
411 730 718 792 Plutarch.
764 727 1078 808 Apophth.
1113 726 1287 787 Laoc.
1320 749 1382 808 p.
1417 728 1560 789 215.
1597 730 1666 793 Τ.
1703 729 1865 790 VIII.
1885 726 1960 811 [¹²]

182 837 318 898 Hos
363 850 512 891 vero
540 828 1043 909 Orpheotelestas
1087 845 1260 886 sacra
1301 828 1684 909 lustrali-aet
1708 830 1964 891 absolu-

182 937 342 996 toria
397 931 889 999 administrasse,
945 925 1216 986 ostendit
1256 930 1722 1009 superstitiosus
1765 929 1966 990 Theo-

182 1037 503 1117 phrasteus
519 1078 540 1105 ,
584 1030 690 1109 qui
742 1025 1266 1110 τελεσθησόμενος
1319 1029 1473 1111 πρὸς
1514 1029 1662 1098 τοὺς
1687 1030 1966 1112 ,Ὀρφεο-

186 1229 333 1265 νυσος.
364 1215 426 1257 sic
456 1210 636 1255 Aristid.
683 1210 738 1253 T.
767 1209 804 1250 I.
836 1207 934 1250 586.
966 1211 1011 1250 et
1039 1208 1116 1250 alii
1144 1222 1238 1250 eum
1283 1213 1453 1252 vocant.
1485 1223 1526 1250 v.
1557 1209 1867 1264 Wyttenbach.
1909 1210 1965 1252 ad

185 1277 302 1319 Plut.
345 1274 498 1324 Quom.
534 1269 661 1315 Adul.
703 1283 744 1325 p.
777 1266 875 1309 520.
918 1271 963 1308 et
992 1266 1142 1308 Liberi
1172 1280 1342 1322 quoque
1372 1281 1522 1309 nomen
1553 1267 1744 1310 nonnulli
1775 1268 1964 1311 a‘verbo

185 1335 303 1377 luere
347 1332 544 1373 derivant
584 1329 655 1383 (ut
693 1341 720 1369 a
757 1340 832 1367 suo
864 1339 1018 1382 super,
1063 1339 1090 1367 a
1120 1339 1218 1367 creo
1249 1326 1423 1380 creber)
1455 1325 1570 1382 quod
1591 1340 1758 1382 *graeco
1787 1330 1966 1375 Λυαῖος

104 1406 107 1408 ·
185 1390 456 1449 respondeat.
518 1384 882 1436 Quemadmodum
923 1383 1255 1428 καταδεδέσθαι
1292 1383 1405 1426 idem
1447 1388 1514 1425 est
1555 1385 1668 1440 quod
1710 1400 1966 1445 πεφαρμα-

187 1454 399 1502 κεῦσθαι,
449 1445 513 1487 sic
553 1441 676 1487 λύειν
718 1447 763 1484 et
803 1437 1014 1483 ἀναλύειν
1053 1447 1123 1483 est
1159 1441 1370 1483 veneficia
1409 1442 1589 1484 solvere.
1649 1443 1828 1486 Lucian.
1879 1445 1965 1487 Vit.

186 1512 311 1553 Λυσι,
351 1504 422 1547 25.
462 1519 505 1560 p.
552 1503 648 1543 110.
691 1495 918 1543 ἀνάλυσόν
959 1512 1018 1557 με
1059 1501 1136 1541 καὶ
1166 1499 1213 1548 ἐξ
1243 1498 1447 1558 ὑπαρχῆς
1476 1503 1669 1554 ποίησον
1699 1496 1963 1560 ἄνθρωπον.

184 1565 453 1622 Hesychius:
495 1563 872 1621 Περικαθαίρων,
927 1554 1137 1600 ἀναλύων
1187 1556 1267 1601 τὸν
1310 1572 1616 1617 πεφαρμακευ
1655 1562 1760 1603 ένον
1783 1558 1840 1614 >’ἢ
1889 1558 1968 1603 τὸν

185 1625 556 1685 γεγοητευμένον.
590 1621 646 1661 cf.
676 1617 895 1671 verheyk.
927 1616 983 1658 ad
1014 1617 1169 1658 Anton.
1200 1616 1301 1662 Lib.
1332 1616 1476 1660 xxn.
1505 1616 1576 1659 98.
1661 1618 1842 1680 euandri
1868 1632 1968 1666 ver-

186 1699 258 1727 sus
296 1698 338 1740 p.
378 1679 450 1723 73.
490 1684 535 1721 et
573 1677 672 1720 566.
717 1676 851 1719 Mein.
891 1675 982 1716 sine
1024 1674 1155 1717 dubio
1198 1675 1260 1716 sic
1299 1675 1508 1730 legendus
1538 1673 1896 1736 Πεφαρμάκευᾶ
1920 1668 1967 1719 ὦ

217 1738 415 1786 λυκύτατ’
451 1738 694 1785 ἄναλυθεὶς
721 1732 875 1795 μόλις,
918 1748 1001 1776 non
1032 1730 1453 1793 ἕπιφαρμάκευσον.
1516 1734 1583 1776 Ad
1614 1735 1784 1778 constit.
1815 1737 1967 1793 Apost.

187 1802 312 1844 VIII.
354 1799 423 1844 32.
464 1796 564 1839 226.
604 1792 776 1854 μάγος,
807 1790 1075 1852 θηρεπῳδὸς
1103 1788 1273 1848 λώταξ,
1305 1789 1600 1852 περιάμματα
1629 1796 1801 1850 ποιῶν,
1833 1809 1967 1852 περι-

187 1863 442 1917 καθαίρων,
489 1853 889 1913 συμβολοδείκτης,
948 1851 1215 1893 Scholiastes
1255 1853 1432 1893 verbum
1462 1856 1806 1911 περικαθαίρων
1833 1854 1970 1896 inter-

185 1924 382 1976 pretatur
413 1912 488 1957 διὰ
518 1915 694 1957 θυσιῶν
724 1911 875 1954 δοκῶν
903 1906 1091 1953 κωλύειν
1120 1907 1282 1958 νόσους
1311 1907 1338 1964 ἢ
1370 1907 1616 1969 ἁμαρτίας,
1659 1912 1734 1953 ubi
1763 1926 1843 1968 pro
1863 1927 1968 1954 ,κω-

186 1974 309 2020 λύειν
339 1973 565 2029 legendum
589 1967 726 2013 λύειν.
753 1964 989 2012 Ἀναλύται
1018 1967 1128 2010 Poll.
1161 1968 1259 2009 VII.
1291 1968 1360 2010 88.
1391 1968 1465 2024 qui
1494 1969 1707 2012 veneficia
1736 1970 1920 2013 solvunt.

307 2055 369 2111 [g]
402 2052 535 2095 Falso
576 2050 837 2093 Meinersius
878 2052 922 2090 et
961 2047 1292 2090 Tennemannus
1323 2046 1545 2090 Lebren
1575 2047 1672 2090 der
1703 2038 1969 2093 Sokrat'i-

186 2115 285 2158 ker
322 2114 467 2155 iiber
508 2109 599 2151 die
642 2105 1166 2152 Unsterblichkeit
1206 2120 1249 2161 p.
1281 2105 1420 2148 93-
1446 2107 1543 2148 102.
1574 2106 1683 2149 haec
1713 2107 1766 2150 de
1794 2108 1970 2151 Eleusi—

188 2174 268 2216 niis
308 2172 425 2214 dicta
466 2171 633 2226 putant.
704 2167 906 2208 Ceterum
945 2165 1024 2206 hos
1054 2164 1303 2213 Platonicos
1334 2170 1513 2220 agyrtas
1542 2164 1737 2221 Langius
1765 2166 1811 2209 in
1840 2161 1970 2223 Sym-—

187 2232 309 2290 posio
349 2228 523 2272 Medico
567 2227 688 2282 (ann.
722 2223 874 2279 1589.)
915 2237 1000 2265 non
1041 2223 1215 2264 inficeto,
1255 2236 1349 2264 cum
1392 2222 1676 2267 Scholasticis
1705 2226 1967 2281 vagantibus

189 2288 425 2347 componit,
485 2285 559 2342 qui
599 2284 741 2327 seculo
780 2282 875 2325 XV.
917 2281 1056 2325 medio
1096 2281 1291 2338 grassari
1330 2286 1563 2337 coeperunt
1603 2289 1648 2326 et
1689 2297 1726 2332 a.
1757 2284 1969 2327 nonnullis

188 2349 450 2392 Druidarum
489 2345 654 2403 posteri
693 2341 849 2385 crediti
878 2346 990 2383 sunt.
1051 2340 1198 2382 Verba
1228 2340 1483 2395 ejus‘affert
1511 2341 1896 2387 Jac.›'1*homasius
1923 2343 1969 2386 in

188 2408 302 2450 Diss.
345 2406 398 2447 de
439 2403 709 2458 Vagantibus
750 2399 1030 2443 Scholasticis
1069 2413 1109 2440 a.
1142 2398 1266 2440 1675.
1300 2405 1623 2444 sanctorum
1655 2402 1880 2445 auxilia
1908 2416 1968 2444 se

191 2464 544 2509 conciliatur
563 2476 621 2502 os
661 2459 1012 2517 promittunt
1053 2456 1363 2514 (Scholastici)
1405 2465 1534 2500 ante
1573 2459 1817 2504 divitum
1846 2474 1969 2518 por-

188 2528 280 2567 tas
332 2521 536 2576 stipem
587 2522 863 2574 petentes
900 2524 955 2559 et
995 2530 1096 2572 per
1139 2530 1317 2572 pagos
1357 2517 1700 2560 oberrantes
1739 2520 1965 2563 morbos

189 2580 467 2624 hominum
516 2576 906 2633 pecudumque
960 2573 1260 2630 liturgiis,
1306 2588 1448 2631 quas
1491 2576 1707 2629 missas
1739 2581 1964 2630 vocant,

189 2639 433 2697 expiare
475 2650 532 2678 se
575 2648 748 2691 posse
792 2633 1117 2683 affirmant,
1161 2631 1413 2688 denique
1454 2632 1632 2686 deum,
1674 2639 1728 2676 ut
1757 2636 1831 2677 sit
1858 2636 1967 2679 ini-

191 2700 453 2742 micorum
485 2699 799 2736 nostrorum
830 2691 1035 2732 vindex
1067 2696 1119 2731 et
1149 2689 1318 2742 ultor,
1351 2694 1506 2732 certo
1538 2691 1785 2735 Davidis
1816 2694 1966 2750 psal'-

192 2773 268 2802 mo
321 2770 379 2797 se
432 2765 636 2808 cogere
676 2750 850 2807 p‘osse
892 2748 1274 2805 pollicentur.
1348 2748 1397 2789 Id
1445 2763 1579 2803 genus
1621 2749 1878 2795 scholastici
1921 2758 1966 2796 et

194 2812 490 2859 Scholasticae
533 2815 668 2866 nuper
708 2808 982 2850 Germaniam
1015 2812 1201 2847 nostram
1232 2807 1611 2862 pervagabantur,
1653 2811 1843 2853 cortinae
1874 2827 1966 2868 my-

190 2876 327 2919 sticae
356 2867 689 2929 pseudapostoli.

312 2951 371 3008 [h]
403 2950 570 2993 Eadem
610 2963 681 2991 res
721 2949 885 2990 mutato
925 2945 1091 2988 nomine
1131 2950 1332 2987 narratur
1374 2960 1400 2988 a
1442 2929 1641 3002 Diogeiie'j
1677 2947 1753 2989 VI.
1792 2945 1834 2991 4.
1863 2948 1965 2992 319.

190 3011 472 3063 Ἀντισθένης
498 3003 756 3067 μυούμενός
782 3019 892 3049 ποτε
921 3002 975 3048 τὰ
999 3001 1191 3062 Ὀρφικὰ
1215 3007 1294 3046 τοῦ
1324 3005 1476 3063 ἱερέως
1491 3003 1695 3055 εἰπόντος
1710 3004 1776 3049 ὅτι
1792 3008 1836 3050 οἱ
1853 3011 1964 3051 ταῦ-

196 3087 250 3114 τα
279 3064 532 3128 μυούμενοι
561 3068 744 3110 πολλῶν
774 3063 966 3122 ἀγαθῶν
993 3067 1284 3120 μετίσχουσιν
1313 3070 1396 3105 etc.
1435 3065 1484 3107 In
1515 3078 1671 3121 pompa
1699 3065 1965 3120 Dionysiaca

196 3129 352 3177 Athen.
394 3126 448 3168 V.
495 3124 590 3167 198.
633 3124 689 3166 E.
730 3122 967 3180 procedunt
1006 3123 1139 3176 ἱερεῖς
1179 3124 1255 3163 καὶ
1282 3122 1441 3180 ἱέρειαι
1471 3125 1547 3166 καὶ
1575 3127 1754 3181 πέρσεις
1781 3126 1964 3169 τελεταί.
2033 3123 2035 3125 ’

197 3187 480 3229 Casaubonus
512 3182 882 3240 Ὀρφεοτελεσταί
916 3180 1135 3230 emendat3
1181 3179 1295 3234 quod
1336 3182 1391 3222 ab
1420 3181 1495 3223 illo
1525 3181 1618 3223 loco
1650 3195 1827 3237 prorsus
1857 3184 1964 3227 alie-

197 3260 310 3297 num,
347 3243 453 3285 licet
479 3241 760 3298 probaverint
788 3238 970 3294 Taylor.
1000 3238 1056 3280 ad
1085 3237 1306 3280 Demosth.
1323 3243 1376 3296 p.
1406 3239 1506 3282 306.
1545 3240 1750 3283 Valcken.
1780 3241 1834 3282 de
1865 3243 1964 3284 Ari-

165 3344 167 3346 .
194 3304 306 3347 stob.
336 3317 378 3359 p.
408 3299 478 3343 95.
508 3303 553 3342 et
581 3300 670 3342 alii.
738 3298 877 3342 Nobis
917 3296 1020 3339 nihil
1059 3297 1340 3340 succurrebat
1372 3306 1545 3355 praeter
1572 3299 1871 3357 ἴεροτελεσταί
1895 3299 1963 3342 vel

193 3364 328 3421 ἱερῶν
357 3361 577 3414 τελεσταί,
621 3358 695 3414 qui
726 3358 781 3399 ab
811 3358 1006 3414 ἱερεῦσιν
1036 3355 1299 3413 aliquantum
1330 3355 1534 3398 differunt
1564 3364 1613 3399 ut
1643 3371 1710 3412 ap.
1742 3357 1961 3400 Plutarch.
