2158 3848
201 130 211 154 0

204 239 326 301 108
789 249 1027 295 mann
1069 249 1379 296 PRIMUS.

198 389 425 470 vocant
466 379 796 443 daemonas
838 382 1214 445 vaticinandi
1259 400 1442 443 causa
1476 383 1544 441 in
1578 401 1838 464 corpora
1862 384 1972 455 hu-

197 501 398 561 mana,
442 481 615 543 velut
655 484 721 542 in
761 484 1051 564 hospitia,
1096 483 1498 545 devertenteS.
1541 501 1602 542 v.
1644 482 1848 553 vales.
1892 482 1972 542 ad

195 581 418 643 Euseb.
460 581 625 642 Hist.
668 582 829 641 Eccl.
873 582 978 642 IV.
1021 584 1082 641 7.
1131 582 1268 643 149.
1312 581 1590 642 Vandale
1634 581 1726 642 de·
1753 582 1971 653 Idolol.

192 703 256 765 p.
299 683 443 745 280.
484 682 709 762 hospes
752 680 950 742 divini
993 682 1265 741 numinis
1309 691 1372 741 et
1411 684 1713 762 interpres
1757 682 1973 761 ὃοχεύς

194 782 419 843 dicitur
431 782 525 862 [¹¹].
569 781 668 839 De
709 779 826 840 hoc
867 780 1064 839 multa
1104 780 1439 859 loquuntur
1481 783 1727 842 oracula
1769 800 1807 842 a
1829 781 1972 850 Per-

191 883 415 963 phyrio
483 878 677 954 edita3
745 877 1265 960 quemadmodum
1330 884 1597 942 carmine
1650 882 1982 943 instinctus,

190 999 412 1063 repens
457 988 728 1053 corruat,
784 987 1053 1053 aestuet,
1107 981 1505 1055 vaticinetur,
1551 991 1613 1041 et
1654 991 1726 1041 ut
1765 999 1974 1041 rursus

191 1081 418 1142 demtis
484 1081 664 1140 sertis
722 1088 785 1139 et
836 1080 1040 1140 linteis
1095 1079 1189 1163 (id
1240 1079 1476 1141 fraudis
1529 1079 1974 1159 velamentum)

192 1181 344 1242 deus
389 1180 561 1242 coelo
604 1181 983 1255 restituatur,
1025 1181 1132 1241 ille
1175 1180 1296 1240 sibi
1318 1180 1415 1262 [Ἴ.
1463 1240 1465 1242 ,
1498 1181 1652 1242 Rem
1696 1179 1975 1256 candem,

190 1292 482 1363 tanquam
526 1290 940 1362 compertam,
995 1290 1206 1341 narrat
1246 1281 1538 1341 Proculus
1580 1283 1648 1341 in
1690 1281 1869 1341 Polit.
1912 1300 1974 1362 p.

189 1381 334 1444 380.
375 1381 447 1446 τὸ
473 1439 476 1444 .
491 1380 901 1465 μετεχόμενον
942 1380 1259 1464 μονοειδὲς
1299 1381 1418 1464 μὲν
1453 1381 1613 1444 κατὰ
1637 1381 1752 1461 τὴν
1772 1381 1975 1464 ὕπαρ,-

188 1488 319 1558 ξιν,
375 1480 690 1551 πολυειδὲς
745 1480 815 1544 δὲ
871 1481 978 1545 διὰ
1033 1481 1152 1561 τὴν
1210 1483 1424 1546 αὐτῶν
1468 1483 1804 1550 ἀσθένειαν
1843 1487 1974 1551 τοῖς

186 1583 508 1665 μετέχουσι
550 1579 1029 1664 φανταζόμενον
1070 1581 1177 1646 καὶ
1220 1584 1295 1645 οὔ
1337 1589 1538 1645 ταῦτα
1578 1580 1974 1665 μόνον’«οἷλλόι

186 1683 294 1747 καὶ
355 1679 597 1765 βάρους
665 1679 738 1742 τὸ
811 1683 1043 1765 ἄβαρες
1108 1680 1396 1765 φαίνεται
1446 1687 1576 1752 τοῖς
1624 1681 1973 1765 πληροίῃιέ-Ι

185 1808 318 1854 νοις
372 1783 568 1846 αὐτοῦ
622 1780 895 1864 μετέχον·
952 1783 1039 1846 οὗ
1094 1783 1312 1866 φέρει
1363 1806 1453 1864 με
1509 1789 1642 1845 τοῦ
1688 1780 1972 1862 ὃοχὲως

185 1885 224 1966 ἡ
276 1880 613 1946 τάλαινα
665 1881 984 1963 καρδία,
1047 1881 1203 1964 φησί
1253 1906 1346 1952 τις
1387 1886 1578 1945 θεῶν.
1669 1879 1971 1955 Quartum

185 2001 375 2064 genus
446 1989 509 2042 et
585 1980 874 2040 ultimum
953 1980 1328 2041 consistebat
1403 1983 1470 2041 in
1549 1983 1809 2043 oraculis
1886 2000 1971 2042 ex

188 2078 295 2145 ore
372 2090 720 2143 statuarum
800 2081 925 2140 ritu
992 2083 1229 2160 magico
1304 2091 1792 2143 consecratarum
1861 2083 1970 2142 eli-

187 2181 419 2245 ciendis
451 2183 564 2265 [Ἷ.
666 2180 806 2243 Hae
860 2182 1047 2260 igitur
1101 2191 1246 2243 sunt
1297 2182 1446 2243 illae
1490 2176 1831 2269 ἇγιώταται
1871 2207 1969 2247 τε-

302 2369 364 2427 [¹¹]
395 2368 538 2413 Procl.
581 2367 750 2424 Cratyl.
791 2382 833 2425 p.
878 2366 976 2410 106.
1016 2367 1067 2412 αἱ
1104 2369 1346 2429 θεουργίαι
1386 2365 1491 2418 τοὺς
1517 2364 1735 2428 κλήτορας
1761 2366 1840 2412 καὶ
1866 2365 1970 2417 τοὺς

185 2427 348 2486 δοχέας
376 2431 522 2471 καθαί
547 2440 616 2471 ειν
643 2422 1044 2484 παρακελεύονται.
1071 2423 1120 2472 ‘0
1148 2423 1310 2485 δοχεύς
1335 2426 1500 2470 Euseb.
1528 2427 1612 2471 111.
1643 2426 1742 2471 126.
1773 2427 1825 2470 C.
1853 2427 1969 2470 Her-

184 2487 292 2530 mias
320 2485 366 2529 in
395 2486 517 2529 Phae
548 2499 582 2527 r.
612 2499 654 2542 p.
686 2484 785 2527 105.

302 2572 369 2630 [V]
400 2572 561 2615 Euseb.
599 2571 654 2612 V.
693 2570 735 2614 9.
780 2568 878 2613 195.
919 2583 985 2626 sq.
1026 2569 1100 2613 ubi
1142 2566 1349 2627 Νειλῴην
1389 2568 1561 2626 ὀθόνην
1589 2572 1860 2616 scribendum
1887 2586 1967 2630 pro

183 2634 377 2688 νηλείην,
407 2632 438 2674 i.
467 2646 505 2674 e.
534 2629 710 2672 linteam
738 2628 957 2671 sindonem
986 2627 1079 2672 sive
1107 2628 1358 2682 Nilotidem‚
1388 2635 1434 2672 et
1462 2626 1676 2679 σινδόνας
1704 2629 1968 2689 ἀμπέτασον

183 2692 384 2750 κεφαλῆς
411 2703 490 2747 pro
521 2689 730 2747 νεφέλην,
761 2691 807 2730 et
835 2689 1066 2756 γραμμῶν
1095 2682 1268 2731 ἐκλύων
1295 2685 1459 2731 πολιὸν
1487 2684 1631 2732 τύπον
1658 2701 1737 2745 pro
1752 2685 1964 2747 τάμνων.

186 2751 407 2810 Γραμμαί
433 2752 532 2791 sunt
561 2747 833 2790 characteres
861 2744 1034 2801 magici.
1094 2745 1337 2802 Sarapis
1366 2750 1466 2789 tuu
1482 2760 1504 2789 s
1533 2747 1600 2789 ab
1629 2746 1850 2789 homine
1877 2761 1965 2790 vo-

185 2812 340 2852 catur
368 2812 426 2852 et
454 2806 616 2862 venit
643 2809 695 2848 et
724 2818 877 2862 quum
906 2817 970 2847 ve
985 2804 1142 2847 nerit
1171 2804 1372 2848 statim
1410 2806 1602 2861 jussus
1630 2804 1964 2848 includitur

184 2872 242 2910 et
270 2864 554 2923 loquendi
582 2863 907 2907 necessitas
936 2862 1158 2905 nolenti
1188 2863 1453 2906 forsitan
1494 2863 1604 2921 imp
1620 2868 1822 2907 eratur
1863 2863 1964 2907 Fir-

183 2925 319 2968 micus
363 2924 418 2967 de
455 2923 558 2969 Err.
600 2923 719 2967 Prof.
748 2921 889 2977 Relig.
919 2935 960 2977 p.
989 2917 1089 2965 433.
1131 2921 1335 2965 Ceterum
1366 2923 1476 2965 haec
1503 2923 1672 2978 magica
1701 2922 1876 2966 vincula
1905 2924 1962 2966 ab

183 2983 270 3026 illis
301 2997 411 3040 quae
439 2983 603 3036 Nereo,
631 2982 792 3025 Proteo
802 3012 816 3034 ‚
859 2979 1026 3022 Glauco
1040 3012 1054 3033 ‚
1094 2979 1287 3038 Picoque
1318 2985 1364 3024 et
1390 2981 1541 3026 Fauno
1577 2981 1827 3038 injiciuntur
1837 3014 1851 3035 ‚
1895 2981 1962 3024 di-

129 3090 131 3095 ,
184 3041 430 3086 versissima
459 3056 554 3085 esse
582 3054 704 3084 nemo
732 3053 818 3083 non
846 3038 980 3082 videt.
1331 3057 1334 3062 -

303 3126 371 3186 [W]
407 3130 463 3173 Οἱ
484 3127 690 3172 τελεσταὶ
719 3124 796 3170 διὰ
814 3121 1114 3186 χαρακτήρων
1143 3126 1221 3169 καὶ
1249 3123 1486 3186 ὀνομάτων
1515 3127 1708 3178 ζωτικῶν
1738 3123 1794 3169 τὰ
1815 3123 1959 3185 ἀγάλ-

185 3201 308 3245 ματα
338 3187 414 3230 καὶ
444 3188 582 3238 ζῶντα
613 3187 690 3230 καὶ
719 3183 964 3245 κινούμενα
994 3182 1314 3234 ἀποτελοῦντες
1351 3185 1494 3229 Procl.
1531 3184 1578 3227 in
1608 3183 1722 3229 Tim.
1752 3185 1829 3227 IV.
1858 3183 1960 3228 240.

187 3246 305 3288 Idem
335 3245 442 3288 dicit
470 3259 511 3302 p.
550 3244 648 3288 287.
689 3242 772 3298 τὴν
807 3240 1063 3295 τελεστικὴν
1094 3239 1343 3303 χρηστήρια
1384 3243 1462 3287 καὶ
1500 3238 1737 3302 ἀγάλματα
1777 3241 1960 3303 ἱδρῦσαι

186 3305 264 3347 καὶ
305 3299 383 3346 διά
426 3316 562 3347 τινων
601 3299 842 3362 συμβόλων
879 3297 1109 3355 ἐπιτήδεια
1147 3306 1297 3347 ποιεῖν
1337 3303 1400 3352 εἰς
1426 3300 1476 3346 τὸ
1505 3305 1711 3361 μετέχειν
1738 3304 1819 3347 τοῦ
1845 3304 1959 3346 θεοῦ

187 3363 265 3405 καὶ
293 3365 518 3407 κινεῖσθαι
547 3359 650 3421 παρ’
684 3359 821 3406 αὐτοῦ
848 3362 926 3405 καὶ
953 3361 1192 3418 προλέγειν
1221 3359 1270 3405 τὸ
1299 3361 1480 3419 μέλλον.
1539 3360 1602 3403 Et
1629 3360 1673 3404 in
1702 3360 1857 3404 Theol.
1886 3360 1956 3403 28.

187 3436 227 3478 p.
257 3419 328 3464 70.
369 3418 660 3475 ἡτελεστικὴ
702 3416 1016 3480 διακαθήρασα
1058 3422 1137 3463 καί
1172 3434 1293 3470 τινας
1327 3420 1610 3480 χαρακτῆρας
1649 3421 1726 3463 καὶ
1754 3415 1955 3477 σύμβολα
