2158 3848
760 240 1216 287 onrnch.
1764 226 1914 296 379,

7 456 8 459 Ἴ
96 398 237 453 nes,
283 377 494 458 quales
537 374 684 434 illae
708 379 873 431 sunt
914 371 981 428 in
1023 355 1276 436 Cratero
1318 369 1681 448 propositae
1726 389 1893 430 com-

96 481 317 559 plexus
362 474 626 537 videtur.
708 468 1020 532 Numerus
1063 486 1358 530 versuum
1401 469 1519 527 hoc
1572 484 1697 526 uno
1755 469 1891 529 loco

98 578 442 658 adscriptus
473 572 730 651 majoris
740 570 1028 635 zambitus
1056 588 1304 629 carmen
1329 568 1660 646 significat,
1705 579 1897 647 quam‘

98 676 264 756 quod
299 694 414 756 pro
450 672 761 754 particula
803 671 962 731 alius
1002 675 1208 752 operis
1245 669 1460 730 haberi
1499 670 1717 750 possit.
1773 667 1918 731 Ne-

97 797 217 856 que
271 775 576 853 intelligo,
640 793 745 833 cur
805 771 1313 832 Hemsterhusius
1361 769 1561 830 Praef.
1622 771 1690 830 in
1736 769 1893 848 Poll.
1937 773 1945 782 “

94 897 157 957 p.
202 874 492 935 XXXIV.
537 858 755 935 versus
801 873 1135 952 OrphicoS,
1181 890 1336 952 quos
1366 870 1722 930 Macrobius
1765 869 1894 932 Sat.

93 977 140 1036 I.
191 976 287 1035 18.
333 975 652 1056 producit,
697 992 781 1034 ex
812 973 1224 1033 Onomasticis
1267 980 1505 1030 sumtos
1531 981 1737 1051 putet3
1782 990 1897 1031 nos

96 1076 445 1137 secundum
497 1076 839 1155 argumenti
895 1074 1201 1132 rationem
1258 1071 1691 1131 Hiero‘stolicis
1753 1071 1896 1131 sub·

97 1179 475 1258 scripsimus.
711 1174 714 1177 ’
1288 1246 1290 1248 v

268 1276 526 1336 XXVII.
573 1277 792 1358 ‘'0th
830 1273 1122 1357 Ὀρφικοί
1165 1273 1271 1353 qui
1315 1271 1640 1346 dicuntur,
1684 1273 1898 1352 paucis

101 1376 380 1438 versibus
426 1384 740 1450 constant,
787 1393 939 1455 quos
965 1372 1244 1434 Justinus
1270 1392 1350 1433 ex
1381 1374 1596 1451 ignoto
1627 1375 1899 1433 carmine

97 1479 411 1557 excerpsit
453 1497 514 1540 v.
561 1476 628 1537 C.
671 1475 839 1536 XIV.
884 1476 949 1534 P.
994 1476 1070 1534 II.
1363 1533 1367 1537 ,

268 1577 560 1640 XXVIII.
605 1579 855 1646 Πέπλος
897 1576 1004 1639 καὶ
1047 1575 1322 1640 Δίκτυον
1366 1573 1594 1635 Suidas
1639 1575 1743 1636 Vel
1782 1575 1900 1634 Ζο-

97 1697 258 1758 pyro
303 1680 411 1740 vel
453 1680 753 1739 Brontino
799 1675 1068 1736 adscribi
1122 1675 1341 1750 refert,
1409 1673 1693 1736 Clemens
1746 1695 1898 1737 vero

102 1780 364 1859 Peplum
437 1790 499 1838 et
562 1780 824 1856 Physica
894 1778 1160 1856 junctim
1228 1777 1526 1836 Brontino
1597 1776 1898 1854 adsignat.

74 1881 278 1963 ¹Prius
332 1899 585 1940 carmen
644 1889 854 1938 utrum
912 1895 1059 1956 pars
1115 1875 1577 1936 Hierostolicsm
1637 1896 1715 1935 an
1758 1875 1895 1935 Ari-

99 1981 341 2040 stotelis
399 1980 591 2060 Peplo
648 1979 916 2038 similius
972 1976 1160 2035 fuerit
1215 1996 1295 2036 an
1351 1998 1501 2039 vero
1563 1975 1901 2056 Cosmogo-

98 2082 239 2140 niae
307 2079 619 2160 quandam
694 2080 1027 2156 imaginem
1099 2077 1472 2154 reddiderit,
1562 2079 1903 2158 dijudicare

98 2201 297 2262 prope
342 2182 707 2240 temeritatis
752 2178 1030 2253 videtur3
1064 2189 1222 2238 'tam
1267 2182 1480 2242 varius
1527 2190 1620 2240 est
1664 2190 1726 2239 et
1769 2188 1898 2239 tam

98 2280 435 2362 multiplex
461 2281 645 2359 huJus
689 2281 1170 2339 nominisusus.
1214 2268 1578 2340 Eustathius
1622 2300 1683 2362 p.
1720 2280 1902 2340 1213.

103 2382 161 2442 3.
206 2384 441 2446 πέπλον
484 2381 801 2465 ῥητορείας
846 2379 1123 2463 ἐξαρτύει
1168 2381 1200 2443 ὃ
1247 2384 1499 2463 ποιητὴς
1544 2380 1765 2446 ὁποῖόν
1807 2407 1902 2445 τι-

100 2508 183 2545 να
227 2483 334 2544 καὶ
375 2483 495 2565 πρὸ
539 2480 786 2546 τούτων
830 2480 1094 2565 ἐξύφανε
1113 2479 1207 2563 [Ἴ.
1295 2483 1426 2543 Alii
1473 2483 1711 2542 coelum
1756 2500 1900 2563 pro-

220 2650 283 2709 [k]
332 2651 620 2711 Multiplicem
661 2652 930 2708 Hymnorum
986 2653 1274 2710 Orphicorum
1326 2653 1703 2711 interpolationem
1755 2653 1904 2712 prodit

99 2711 227 2754 etiam
267 2712 342 2753 ille
382 2726 536 2754 versus
585 2712 661 2768 qui
700 2712 857 2767 hymno
897 2711 1061 2754 LVIII.
1095 2713 1341 2770 adscriptus
1373 2719 1461 2756 est:
1517 2711 1746 2770 Μοιράων
1776 2715 1899 2762 τέλος
1972 2727 1974 2730 ’

101 2769 253 2826 ἔλλαβ’
289 2768 421 2825 ἀοιδὴ
451 2771 548 2828 (vel
574 2765 717 2828 ἦλθεν
748 2769 926 2828 ἀοιδῆς)
957 2768 1013 2828 ἢν
1042 2769 1178 2830 ὕφαν’
1207 2769 1424 2832 Ὀρφεύς,
1458 2787 1583 2831 quem
1613 2774 1670 2816 ab
1700 2773 1900 2830 imperito

102 2819 282 2872 libtario
324 2844 528 2873 excusum
569 2845 664 2873 esse
695 2830 844 2888 arguit
873 2831 1060 2874 aoristus
1090 2830 1288 2890 ὕφανον.
1322 2831 1533 2875 Similiter
1563 2832 1709 2874 scriba
1741 2831 1903 2873 codicis

107 2887 755 2946 HerodotirArchiepiscopalis
795 2891 842 2932 in
882 2890 970 2934 fine
1011 2892 1156 2948 operis
1197 2891 1371 2964 poetico
1404 2892 1590 2947 quodam
1618 2893 1902 2946 furore‚c0r-

108 2950 256 3015 reptus
294 2947 404 2991 hunc
446 2949 681 3006 adscripsit
720 2949 1004 2993 versiculum:
1045 2949 1311 3008 ἸΙροδοτοιο
1352 2953 1505 3006 βίβλος
1534 2951 1728 2994 κλεινοῖο
1760 2953 1903 3005 πέρας

107 3006 246 3071 kgr-fier
273 3002 372 3049 ὡδί.
414 3021 555 3064 neque
595 3006 815 3051 incelebre
856 3017 925 3052 est
957 3010 1192 3067 Aproniani
1223 3010 1383 3054 Asterii
1417 3010 1682 3067 epigramma
1712 3008 1767 3051 de
1798 3008 1899 3051 vir-

102 3062 198 3118 guni
229 3062 374 3107 codice
403 3080 429 3109 a
458 3082 506 3110 se
535 3073 731 3110 correcto
762 3068 977 3112 Bucolicis
1009 3070 1225 3126 adjectum
1256 3069 1430 3111 Anthol.
1464 3068 1564 3110 Lat.
1595 3069 1656 3114 II.
1687 3068 1774 3125 Ep.
1798 3066 1896 3110 187.

104 3121 241 3163 Verbi
274 3118 484 3180 ὑφαίνειν
510 3140 615 3168 usus
646 3126 701 3168 de
732 3126 948 3184 scriptura
977 3140 1062 3171 non
1090 3129 1364 3184 instequens3
1394 3125 1543 3186 ὕμνον
1573 3124 1730 3182 ἀοιδῆς
1751 3123 1897 3186 ὑφαί-

32 3215 35 3218 .
106 3193 204 3224 νειν
233 3179 377 3225 Νοιιιι.
406 3181 525 3229 XIX.
558 3185 630 3230 98.
663 3188 727 3234 εἰς
757 3181 811 3229 ὃν
840 3183 1037 3246 ἐξὺφανε
1068 3184 1222 3246 ψόγον
1253 3185 1318 3229 δι’
1354 3187 1579 3246 ἐμμελοῦς
1609 3201 1730 3236 τινος
1758 3181 1897 3240 ποιή-

104 3253 248 3296 ματος
285 3238 408 3283 Suid.
457 3257 493 3286 s.
539 3247 820 3303 Τιμοκρέων.
864 3244 1019 3302 cyrill.
1062 3261 1099 3290 c.
1140 3246 1226 3290 Jul.
1272 3246 1374 3288 VII.
1405 3245 1504 3289 225.
1535 3246 1588 3289 Β.
1631 3246 1897 3303 ἔξυφαίνειν

104 3299 292 3352 βιβλίον.
324 3298 504 3345 Aristid.
534 3302 664 3347 Rhet.
696 3303 757 3347 II.
789 3302 891 3348 515.
923 3301 983 3355 ὥς
1010 3302 1130 3364 ὕφος
1160 3306 1254 3350 ἐστὶ
1283 3303 1333 3348 τὺ
1357 3302 1654 3364 σύγγραμμα.
1685 3305 1894 3360 Hermog.

108 3354 162 3398 de
202 3356 371 3400 Invent.
414 3356 497 3403 111.
536 3359 608 3405 62.
653 3363 730 3406 ἵνα
760 3361 873 3406 κατὰ
902 3362 952 3407 τὸ
984 3362 1102 3423 ὕφος
1130 3364 1180 3409 ἓν
1210 3362 1234 3408 ὁ
1266 3360 1401 3422 λόγος
1427 3368 1610 3422 γένηται
1640 3363 1895 3408 Nicomach.

110 3414 292 3461 Arithm.
335 3416 371 3459 1.
402 3414 474 3463 29.
507 3418 575 3465 ed.
606 3421 803 3467 Wechel.
847 3423 898 3468 ἐν
934 3424 997 3480 τῷ
1032 3426 1112 3469 τοῦ
1141 3418 1488 3485 διαγράμματος
1516 3421 1639 3483 ὕφει.
1682 3423 1794 3468 unde
1825 3437 1895 3480 ap.
