2158 3848
807 226 1259 280 oRPH10A‚
1791 214 1914 276 757

148 356 370 417 libatos
415 373 583 429 esse,
627 353 788 414 idem
833 353 897 411 in
943 351 1174 432 Orphei
1220 355 1484 413 carmine
1530 356 1777 420 Φυσικά
1822 360 1912 420 in-

146 458 374 535 scripto
417 455 886 537 pronunciatum
931 460 1039 511 est.
1105 449 1317 531 Neque
1361 453 1523 512 enim
1569 473 1911 537 quenquam

146 566 271 615 tam
327 555 747 635 scrupulosum
804 542 1275 624 forearbitror,
1319 553 1456 632 qui,
1501 555 1644 633 quia
1685 573 1909 615 nomen

146 656 393 718 Φυσικὰ
450 657 556 732 ἔπη
602 652 679 710 de
735 651 1007 732 quolibet
1050 655 1345 726 carmine,
1402 653 1565 734 quod
1609 655 1674 713 in
1719 655 1911 735 explim

143 754 333 814 canda
376 771 578 812 rerum
622 760 843 811 natura
885 761 1165 812 versatur
1208 742 1273 812 et
1311 771 1557 834 quoquo
1602 754 1741 814 talis
1786 772 1912 814 car-

142 854 324 912 minis
381 853 516 913 loco
562 852 680 912 dici
726 861 960 931 potest,
1017 852 1132 912 hoc
1174 852 1473 912 indicium
1512 850 1910 932 rejiciendum

139 962 328 1032 putet.
366 952 653 1014 Gravius
698 961 808 1024 est,
852 971 963 1012 nec
1006 961 1214 1012 tamen
1256 953 1703 1034 inexplicabile,
1746 951 1912 1034 quod

141 1049 423 1112 Clemens
482 1060 545 1111 et
589 1050 814 1111 Suidas
858 1051 1116 1129 Physica
1157 1052 1454 1112 Brontino
1511 1051 1775 1112 adscribi
1819 1051 1911 1111 di-

141 1162 312 1225 cunt,
370 1152 748 1231 Philoponus
803 1161 1007 1210 autem
1052 1149 1131 1210 ad
1177 1152 1232 1209 h.
1277 1152 1316 1209 l.
1360 1172 1420 1231 p.
1465 1152 1534 1210 F.
1580 1153 1683 1211 ΠΙ.
1729 1169 1783 1210 a.
1819 1151 1909 1209 ad

141 1252 604 1311 Onomacritum
641 1250 989 1308 transferre
1043 1247 1317 1310 videtur:
1381 1254 1448 1313 ἐν
1501 1256 1630 1322 τοῖς
1684 1257 1909 1314 καλου-

136 1352 341 1431 μένοις
398 1350 561 1413 εἷπεν
575 1395 596 1422 ,
665 1349 868 1430 ἐπειδὴ
923 1349 1008 1431 μὴ
1063 1346 1240 1413 ιδοκεῖ
1283 1350 1568 1433 Ὀρφέως
1621 1350 1909 1414 εἶναιτὰ

137 1454 246 1529 ἔπη
291 1486 373 1494 -
419 1451 614 1511 αὐτοῦ
667 1448 785 1530 μὲν
838 1447 962 1534 γάρ
1020 1454 1135 1512 εἰσι
1189 1449 1268 1512 τὰ
1326 1447 1649 1535 δόγματα,
1708 1457 1909 1513 ταῦτα

136 1552 209 1614 δέ
248 1570 437 1633 φησιν
473 1545 936 1631 Ὀνομάκριτον
980 1551 1045 1611 ἐν
1090 1551 1256 1611 ἔπεσι
1298 1555 1651 1613 κατατεῖναι
1669 1545 1762 1630 [¹].
1809 1547 1909 1608 Ad

135 1653 283 1710 haec
327 1649 678 1708 meminisse
722 1656 998 1727 oportet,
1042 1649 1312 1727 primum
1357 1658 1598 1711 veteres
1629 1647 1907 1723 CriticoS,

136 1769 324 1831 quum
391 1742 731 1809 carminum
797 1746 1204 1826 Orphicorum
1269 1756 1548 1809 auctores
1620 1747 1910 1827 indagare

136 1856 528 1921 conarentur,
583 1864 706 1906 non
751 1848 929 1907 certis
971 1845 1214 1906 indiciis
1257 1847 1367 1906 sed
1412 1847 1602 1908 odore
1644 1835 1912 1928 quodam

135 1949 501 2030 suspicionis
541 1945 756 2006 ductos
791 1964 925 2005 esse
954 1946 1111 2005 circa
1143 1946 1332 2005 alium
1364 1955 1546 2027 atque
1579 1947 1768 2007 alium
1802 1966 1910 2009 va·-

134 2051 332 2130 gantis
344 2068 365 2122 ;-
405 2044 627 2106 deinde
670 2046 802 2104 fieri
846 2062 1046 2125 posse,
1088 2054 1157 2104 ut
1199 2045 1578 2126 Philoponus
1618 2065 1711 2121 ea,
1755 2066 1910 2128 quae

135 2148 496 2210 Aristoteles
566 2145 688 2204 alio
743 2146 809 2203 in
867 2144 1023 2203 libro
1081 2152 1264 2223 atque
1321 2146 1447 2204 alio
1504 2144 1582 2204 de
1642 2148 1910 2207 carmine

136 2251 419 2320 dixisset,
488 2244 567 2306 ad
632 2245 793 2304 hunc
848 2245 1049 2304 locum
1104 2244 1455 2323 importune
1511 2247 1909 2321 transtulerit,

136 2355 222 2431 (v.
281 2350 343 2408 P.
387 2350 432 2407 Ι.
491 2367 537 2405 c.
583 2344 683 2425 V.)
753 2342 853 2404 Ad
922 2343 1293 2404 intellectum
1364 2346 1705 2405 sententiae
1761 2347 1909 2406 haec

136 2451 400 2531 pertinet
454 2447 584 2525 eJus
639 2443 988 2505 adnotatio:
1049 2444 1207 2526 φασὶ
1260 2443 1329 2506 δὲ
1387 2444 1774 2509 αἰνίττεσθαι
1827 2446 1907 2508 τὰ

138 2554 246 2629 ἔπη
304 2548 411 2610 διὰ
468 2546 585 2627 μὲν
628 2553 735 2626 τῆς
780 2546 1097 2625 ἀναπνοῆς
1139 2544 1253 2623 τὴν
1298 2544 1754 2627 ἐπιτηδειότητα
1793 2554 1906 2610 τοῦ

85 2638 88 2641 ’
134 2650 464 2730 δεξομένου
520 2646 633 2727 τὴν
692 2645 901 2728 ψυχὴν
958 2643 1272 2725 σώματος,
1330 2643 1489 2708 διότι
1541 2648 1579 2724 ἡ
1625 2647 1905 2725 ἀναπνοὴ

134 2746 593 2831 καταψύχουσα
651 2745 721 2808 τὸ
782 2750 1061 2827 εμφυτον
1104 2745 1346 2827 θερμὸν
1391 2751 1475 2814 εἷς
1520 2744 1905 2828 συμμετρίαν

138 2853 305 2935 ἄγει,
362 2846 506 2916 τοὺς
560 2845 628 2909 δὲ
643 2846 949 2969 τανὲμους
1005 2845 1162 2928 φασὶ
1214 2842 1513 2924 δυνάμεις
1567 2845 1743 2914 τινὰς
1795 2865 1902 2924 ση-

138 2948 413 3029 μαίνειν,
470 2945 560 3008 δι’
621 2940 714 3008 ὧν
767 2938 1096 3030 κατάγεται
1138 2945 1175 3023 ἡ
1220 2943 1388 3025 ψυχὴ
1433 2949 1515 3013 εἷς
1558 2945 1796 3028 γενεσιν
1839 2947 1904 3008 ἐκ

137 3056 266 3128 τῆς
299 3047 499 3126 ὃλικῆς
556 3044 887 3130 ἐνεργείας,
931 3046 1009 3124 ἢν
1054 3049 1286 3128 ἐνεργεῖ
1325 3051 1436 3106 τοῦΙ
1482 3052 1735 3126 ιιερικοῦ
1781 3042 1901 3106 σώ-

253 3250 316 3306 [l]
350 3249 504 3292 Addit.
548 3252 686 3323 Λέγει
730 3241 811 3293 ουν
849 3250 942 3293 ἐκεῖ
980 3248 1046 3294 ὅτι
1078 3248 1104 3302 ἡ
1144 3247 1268 3319 ψυχὴ
1300 3247 1387 3291 ὑπὸ
1420 3251 1507 3292 τῶν
1537 3248 1734 3322 ἀνέμων
1746 3249 1795 3292 ἐκ
1824 3263 1902 3292 τοι

138 3308 303 3357 παντὸς
310 3309 562 3382 φερομένη
592 3307 855 3351 ἀναπνεῒται
886 3305 972 3352 ὑπὸ
1003 3311 1093 3353 τῶν
1124 3304 1271 3361 ζώων,
1305 3304 1415 3350 ὥστε
1448 3309 1524 3350 καὶ
1554 3299 1686 3357 οὗτος
1715 3305 1739 3351 ὀ
1771 3303 1853 3363 lo)
1855 3322 1901 3354 ος

139 3367 191 3412 οὐ
223 3369 325 3423 περὶ
359 3379 501 3420 πασης
531 3368 678 3423 ψυχῆς
709 3367 851 3423 λέγει·
887 3365 939 3410 οὐ
970 3365 1056 3424 γὰρ
1088 3363 1232 3411 πάντα
1265 3364 1460 3410 ἆιαπνεῒ
1488 3365 1540 3409 τὰ
1572 3367 1771 3424 ἔμψυχα.
