2158 3848
634 233 1275 299 .ELE1.J51N1A.
1763 227 1881 288 147

105 364 285 438 cedo,
325 378 443 436 ea,
497 381 655 444 quae
680 430 682 432 ,
708 367 775 432 in
826 365 1138 442 mysteriis
1184 362 1596 439 traderentur,
1651 369 1733 431 ad
1775 370 1883 430 do-
1935 415 1941 419 ,

105 463 362 531 cendum
408 472 582 532 tanto
621 463 910 529 uberiora
952 463 1177 535 fuisse,
1209 480 1328 542 quo
1372 463 1512 542 plus
1555 472 1884 530 auctorita-

103 566 180 624 tis
234 561 316 621 ad
371 562 740 627 credendum
796 564 1096 627 afferrent.
1182 561 1306 624 Sed
1331 618 1334 619 γ
1363 563 1512 623 haec
1555 566 1787 626 utilitas
1832 572 1885 628 si

102 681 177 721 ex
229 681 381 723 vero
436 664 826 738 aestimetur,
880 665 1212 743 perexigua
1265 662 1388 721 fuit
1434 662 1532 746 oh·
1564 683 1702 724 eam
1747 685 1883 727 cau,-

99 780 260 833 sam,
328 781 513 840 quam
578 764 987 826 scientissime
1057 763 1357 842 explicuit
1425 763 1766 841 Dionysius
1820 768 1886 825 in

97 861 416 923 Archaeol.
470 862 538 922 L.
596 864 673 925 II.
733 866 835 924 20.
891 865 1035 923 277.
1079 864 1158 926 τὰ
1200 862 1319 944 μὲν
1354 871 1489 926 ,τῶν
1524 865 1887 944 Ἑλληνικῶν

97 959 334 1043 μύθων
390 964 610 1048 ἀγαθὰ
666 962 859 1046 μικρά
914 989 980 1025 τε
1024 964 1154 1024 ἐστὶ
1194 964 1300 1024 καὶ
1344 966 1417 1024 οὐ
1461 966 1722 1034 πολλοὺς
1766 965 1881 1028 (ἲυ-
1982 1003 1985 1005 >

97 1060 340 1143 νάμενα
384 1064 645 1146 ὠφελεῖν
655 1111 676 1137 ,
724 1063 878 1126 ἀλλὰ
922 1061 1124 1145 μόνον
1163 1062 1311 1131 τοὺς
1356 1063 1750 1142 ἐξητακότας,
1798 1061 1887 1129 ὧν

1 1241 4 1244 ἱ
102 1163 277 1225 ἕνεκα
339 1163 640 1248 γίνονται·
710 1161 961 1226 σπάνιοι
1017 1163 1079 1225 δ’
1139 1162 1295 1225 εἰσὶν
1352 1165 1410 1224 οἱ
1464 1162 1888 1246 μετειληφότες

99 1260 327 1341 ταύτης
382 1271 490 1342 τῆς
544 1262 932 1345 φιλοσοφίας.
1031 1261 1245 1340 Neque
1289 1263 1495 1323 solum
1539 1283 1748 1324 rarum
1794 1274 1887 1323 est

99 1361 218 1433 hoc
257 1381 466 1440 genuS,
511 1361 623 1422 sed
664 1364 876 1442 potius
920 1363 1098 1424 istius
1144 1364 1507 1442 sapientiae,
1555 1383 1712 1445 quae
1755 1366 1890 1424 uni-

103 1463 317 1543 cuique
362 1461 534 1525 domi
576 1465 876 1537 nascitur,
920 1465 1178 1526 minime
1220 1450 1526 1541 indigum}

874 1675 927 1755 ξ.
1019 1677 1114 1736 19.

266 1858 442 1919 Haec
495 1863 750 1924 inventa
804 1871 899 1923 est
960 1880 998 1921 a
1052 1861 1231 1923 nobis
1290 1861 1470 1921 unica
1524 1860 1717 1934 ratio,
1774 1879 1893 1941 qua

106 1955 438 2026 Clementis
481 1961 934 2034 testimonium,
990 1960 1303 2037 mysteriis
1356 1961 1714 2037 majusculis
1758 1962 1893 2020 nul-

102 2059 230 2119 lam
271 2061 677 2124 institutionis
737 2062 1005 2142 speciem
1049 2061 1479 2139 relinquentis,
1540 2061 1893 2121 concilietur

90 2179 245 2233 ,cum
310 2179 524 2225 eorum
593 2162 989 2234 auctoritate,
1059 2162 1163 2239 qui
1218 2161 1496 2220 initiatos
1553 2160 1634 2219 ad
1685 2181 1889 2220 rerum

105 2261 526 2326 maximarum
571 2263 892 2335 scientiam
933 2262 1291 2341 pervenisse
1336 2261 1713 2320 confirmant.
1805 2260 1894 2320 Hi

110 2361 276 2425 enim
345 2359 423 2419 de
490 2362 852 2440 conjecturis
919 2361 1279 2440 loquuntur,
1361 2378 1510 2438 quas
1577 2379 1892 2420 sacrorum

106 2468 484 2540 spectatores
540 2479 627 2525 ex
679 2479 811 2541 suo¹
847 2462 1102 2540 quisque
1158 2478 1339 2519 sensu
1397 2459 1733 2535 faciebant3
1787 2460 1893 2519 ille

109 2570 371 2640 epoptas
428 2559 505 2627 de
552 2559 741 2625 rebus
800 2559 1048 2633 divinis.
1102 2559 1315 2620 dedita
1385 2577 1575 2638 opera
1642 2559 1893 2620 edoctos

106 2661 299 2729 fuisse
338 2668 548 2739 negat3
593 2668 656 2720 et
695 2670 860 2737 recte
903 2659 1169 2741 quidem.
1253 2659 1415 2720 Nam
1474 2678 1628 2739 quae
1671 2658 1894 2721 Hiero-

106 2762 376 2842 phantae
430 2759 811 2842 Ceryaesque
875 2762 1062 2822 sacris
1133 2769 1243 2821 aut
1296 2760 1733 2842 praefabantur
1789 2769 1896 2821 aut

114 2862 497 2943 accinebant,
562 2863 900 2944 phu-inmun
954 2862 1219 2924 fortasse
1275 2862 1355 2922 ad
1384 2856 1386 2859 ’
1412 2860 1893 2923 commovendos

115 2962 496 3024 audientium
538 2965 776 3044 animos
819 2963 1132 3036 valebant,
1180 2963 1262 3023 ad
1307 2960 1675 3021 erudiendos
1719 2961 1892 3033 nihil,

116 3062 436 3143 multoque
462 3066 658 3142 magis
694 3074 934 3129 veteres
974 3083 1208 3123 errores
1247 3059 1687 3121 confirmabant
1710 3078 1892 3140 quam

118 3161 434 3245 tollebant,
477 3166 706 3246 quippe
751 3184 887 3225 cum
934 3164 1190 3223 deorum
1238 3162 1616 3242 dearumque
1644 3162 1893 3223 invoca-

122 3261 290 3319 tione
358 3248 692 3343 conjuncta.
802 3264 1125 3324 Praeterea
1195 3265 1248 3322 si
1304 3262 1452 3342 quid
1505 3262 1608 3324 vel
1650 3260 1894 3342 publice

121 3360 225 3421 vel
266 3363 560 3441 privatim
604 3384 642 3424 a
683 3363 1104 3425 sacerdotibus
1150 3362 1419 3423 edictum
1463 3372 1587 3436 est,
1673 3358 1740 3419 id
1795 3359 1893 3420 vel

1402 3462 1481 3522 lo
1525 3465 1561 3505 *
