2158 3848
211 182 335 243 586
743 192 985 238 mann
1027 192 1457 237 SECUNDUS.

207 343 588 407 person-as
658 323 1013 384 facerent
1079 329 1166 381 et>
1219 340 1357 403 pro
1428 339 1506 381 se
1573 331 1994 396 moverent,

207 423 410 485 uncle
465 433 540 484 et
596 411 887 484 oscilla
941 420 1156 481 dicta
1216 430 1409 482 sunt.
1510 421 1672 483 Alii
1725 421 1997 482 dieunt

211 523 498 586 oscilla
553 519 892 584 membra
947 535 1116 580 esse
1170 520 1448 583 virilia
1505 521 1595 582 de
1648 521 1995 582 floribus

207 624 456 698 facta,
502 641 696 703 quae
739 618 1443 703 suspendebantur
1484 613 1622 704 per
1661 626 1998 683 interco-

204 724 528 796 lumnia,
595 723 714 782 ita
779 730 863 781 ut
931 721 1010 780 in
1061 717 1162 780 >ea
1225 717 1577 805 homines
1647 720 1997 803 acceptis

206 824 503 883 clausis
569 823 940 903 personis
1006 821 1540 902 impingerent
1597 834 1673 884 et
1727 840 1813 883 ea
1869 840 2000 884 ore

207 924 604 1002 cillerent,
674 918 765 982 ad
837 922 1078 984 risum
1146 922 1449 1001 populo
1515 919 1997 985 movendum.

206 1026 299 1084 Et
341 1024 606 1084 hocin
652 1021 964 1103 Orpheo
1008 1021 1296 1082 lectum
1343 1032 1473 1082 est.
1541 1020 2001 1083 Prudentio-

204 1124 428 1184 ribus
495 1133 751 1183 tamen
828 1121 1035 1182 illud
1103 1122 1395 1203 placet,
1452 1141 1676 1184 sacra
1727 1120 2002 1183 Liberi

205 1224 469 1285 Patris
515 1222 610 1283 ad
655 1223 1202 1304 purgationem
1239 1223 1540 1282 animae
1574 1224 2000 1304 pertinere3

207 1326 456 1385 omnis
514 1325 712 1383 enim
769 1324 1140 1404 purgatio
1198 1333 1332 1383 aut
1394 1342 1531 1402 per
1587 1328 1840 1383 aerem
1899 1322 2003 1382 fit

209 1432 343 1486 aut
386 1443 524 1506 per
565 1425 817 1501 ignem
865 1433 995 1482 aut
1038 1416 1508 1504 per'aquam.
1596 1425 1680 1483 Et
1722 1422 1804 1483 ad
1846 1421 2001 1484 Aen.

206 1525 310 1585 vl.
386 1523 532 1585 741.
621 1525 708 1583 In
780 1525 1023 1583 sacris
1085 1521 1354 1582 Liberi
1417 1521 1780 1583 omnibus
1841 1531 2002 1582 tres

207 1637 385 1686 sunt
428 1624 632 1685 istae
675 1623 1226 1706 purgationes,
1285 1631 1416 1681 aut
1448 1621 1692 1682 “taeda
1738 1630 1812 1681 et
1856 1619 2004 1682 sul-

207 1727 454 1808 phure
498 1733 939 1806 purgantur
983 1733 1118 1783 aut
1163 1741 1356 1803 aqua
1402 1722 2005 1784 abluuntur-'aut

210 1830 386 1887 aere
460 1825 992 1899 ventilantur,
1081 1823 1282 1905 qnod
1356 1834 1525 1884 erat
1602 1826 1677 1884 in
1755 1811 2002 1894 sacris

210 1927 494 1988 Liberi

986 2095 1039 2176 ξ.
1126 2096 1241 2156 41.Ι

381 2270 657 2331 Fabulas
702 2269 842 2327 illas
890 2268 1229 2348 turpiculas
1274 2244 1593 2328 defflheae
1636 2268 1740 2331 vel
1766 2265 2005 2341 Cereris

213 2382 276 2441 et
318 2373 725 2451 Proserpinae
771 2389 908 2429 cum
952 2367 1114 2431 Jove
1158 2369 1482 2441 concubitu
1521 2391 1555 2429 e
1589 2367 2005 2444 sacris1l‘1hry-
2088 2404 2090 2410 =

213 2473 328 2551 giis
385 2471 700 2531 derivatas
759 2489 894 2529 esse
937 2468 1211 2529 ostendit
1254 2468 1589 2530 Clementis
1634 2467 2003 2540 criminatio,

212 2650 319 2687 tem
358 2643 542 2699 ipsum
585 2640 824 2683 Maleam
866 2639 1198 2682 nominavit.
1271 2642 1309 2682 A
1351 2641 1594 2696 Tyrrhenis
1625 2645 1766 2682 autem
1795 2638 1906 2681 tibia
1935 2637 2003 2679 in-

215 2709 373 2754 venta,
415 2692 648 2744 Tusculum
692 2699 902 2740 conditum
943 2698 1115 2740 dicitur.
1177 2699 1389 2755 Apollinis·
1421 2698 1640 2742 Maleatae
1670 2697 1858 2740 meminit
1887 2697 2004 2738 Pau-

215 2762 360 2805 sanias
401 2760 460 2803 ΙΙ.
498 2759 572 2802 26.
614 2757 847 2800 conditoris
890 2757 1136 2813 Stephanus
1177 2772 1212 2800 s.
1253 2754 1482 2808 Λιθήσιος
1524 2755 1547 2800 ὁ
1573 2753 1829 2811 Ἀπόλλων,
1863 2755 1913 2798 ἐν
1942 2756 2003 2811 τῷ

216 2821 382 2875 Masta
424 2821 540 2874 λίθῳ
582 2816 937 2875 προςιὸρυμένος
977 2817 1083 2859 ἐκεῖ.
1124 2817 1199 2858 ubi
1242 2817 1459 2871 genitivus
1490 2817 1656 2859 Masta
1695 2814 2001 2857 restituendus.

214 2878 361 2922 schol.
414 2879 558 2920 Ambr.
603 2877 657 2919 ad
702 2876 786 2917 Od.
827 2875 910 2919 ΙΙΙ.
950 2874 1052 2931 29δῖ
1092 2871 1318 2932 γράφεται
1362 2878 1439 2918 καὶ
1478 2876 1670 2919 Μαλέου
1700 2874 1928 2929 (Eustath.
1960 2887 2002 2928 p.

217 2938 344 2980 1469.
389 2938 457 2979 12.
499 2935 733 2990 Μαλειόυ)
775 2935 915 2982 λίθος.
989 2934 1117 2991 ῌιᾎμο
1155 2935 1291 2989 igitur
1333 2935 1525 2976 Maleum
1566 2935 1659 2977 sive
1703 2933 1892 2975 Maleam
1932 2931 2002 2974 vel

217 3010 498 3051 congenerem
549 2995 643 3050 ejus
688 3009 715 3036 a
765 3007 909 3035 rerum
958 2992 1198 3036 Atticarum
1239 2992 1548 3050 scriptoribuS‚
1609 3006 1715 3048 quos
1755 2989 2001 3046 Hesychius

217 3055 488 3112 compilavit,
520 3053 810 3108 significatum
838 3065 931 3094 esse
961 3051 1166 3108 suspicor.
1198 3053 1358 3095 Strabo
1390 3053 1444 3094 V.
1474 3051 1573 3094 226.
1603 3056 1810 3094 memorat
1838 3049 2004 3106 regiam
2028 3101 2031 3104 ¹

215 3110 494 3158 Μαλαιώτου
535 3114 801 3170 Πελασγοῦ,
844 3109 896 3155 ὅν
927 3123 1042 3168 φασι
1083 3107 1444 3154 δυναστεύσαντα
1485 3111 1534 3155 ἐν
1573 3115 1666 3159 τοῖς
1704 3105 1859 3158 τόποις
1885 3106 2002 3167 μετὰ

216 3175 307 3216 τῶν
337 3176 561 3216 συνοίκων
589 3173 843 3228 Πελασγῶν
873 3167 1091 3213 ἀπελθεῖν
1120 3174 1182 3220 εἰς
1206 3167 1410 3226 Ἀθήνας.
1484 3169 1611 3221 Quod
1642 3169 1839 3225 Erigone
1868 3167 2000 3223 Aegi-

217 3231 303 3274 sthi
334 3237 378 3274 et
409 3231 780 3286 Clytaemnestrae
810 3228 903 3271 filia
932 3230 1012 3270 sub
1030 3229 1326 3285 Demophonte
1346 3230 1538 3271 Athenas
1569 3229 1739 3270 venisse
1769 3227 1927 3270 dicitur
1956 3226 1999 3267 in

219 3290 380 3333 Chron.
424 3290 526 3331 Par.
565 3289 650 3346 Ep.
694 3288 763 3331 26.
810 3288 1011 3343 congruit
1049 3303 1140 3331 cum
1177 3289 1228 3332 iis
1259 3303 1370 3345 quae
1401 3286 1455 3330 de
1486 3287 1702 3331 Choorum
1732 3285 1999 3330 institutione
2048 3331 2051 3334 Α
2088 3319 2093 3325 .

220 3349 325 3392 alibi
357 3348 591 3391 retulimus.
