2158 3848
798 188 938 245 ,οε
966 187 1008 244 ι’
1028 188 1127 231 -n1
1161 187 1281 242 om.
1542 137 1545 139 ’
1813 179 1939 244 657

164 321 444 381 cultores-2
463 305 1036 399 tnequgoae‘faeoe
1089 317 1353 396 popelli.-
1443 319 1600 379 Sunt
1643 326 1804 386 enim
1847 328 1938 388 ita

161 420 357 481 crebri
399 421 507 479 ziuss⁴
530 417 660 494 hm
700 420 922 495 'genere
961 417 1173 496 itaque
1212 417 1610 490 vehementes
1624 464 1641 493 ,
1700 434 1770 483 ut
1803 428 1939 503 J‘am

156 515 603 597 ingravescenti
668 516 838 576 malo
884 582 890 586 „
906 526 968 575 et
980 559 999 589 ,
1065 517 1134 575 ni
1181 527 1432 579 ‘curetur
1445 562 1462 591 ‚
1519 523 1936 600 praevalituro

157 617 454 678 obluctari
496 615 842 680 videantur.
894 617 1030 676 Imo
1073 626 1321 698 tempus
1361 617 1519 679 illud
1543 620 1707 696 fuit,
1749 641 1939 703 quum

152 719 490 799 purpurati>
535 716 1038 798 tympanotribae
1092 726 1156 777 et
1194 719 1626 807 μητραγύρται
1666 721 1940 805 βασιλεῖς

151 817 494 899 (Plutarch.
539 816 638 877 .V.
709 815 942 877 Cleom.
1011 837 1059 876 c.
1126 818 1266 895 27.)
1343 821 1737 883 cinaedorum
1809 826 1937 884 ritu

152 917 610 978 baccharentur.
654 917 864 995 Etym.
896 917 984 977 Ma*
1024 915 1261 988 Γάλλος
1295 919 1328 981 ὅ
1360 921 1735 1005 Φιλοπάτωρ
1763 929 1937 987 Πτο-

150 1024 398 1099 λεμαῖος
452 1017 560 1081 διὰ
614 1018 694 1080 τὸ
743 1014 949 1099 φύλλα
1004 1025 1222 1085 κισσοῦ
1278 1022 1683 1101 κατεστίχθαι
1738 1023 1823 1093 ὥς
1877 1026 1937 1086 οἱ

150 1115 407 1179 Γάλλοι·
454 1117 551 1179 οἷεὶ
591 1117 716 1202 γὰρ
759 1123 896 1187 ταῖς
941 1118 1380 1186 Διονυσιακαῖς
1417 1127 1688 1190 τελεταῖς
1736 1132 1933 1203 κισσῷ

147 1219 621 1297 ἐστεφανοῦντο.
681 1214 820 1288 Quo
863 1218 932 1275 in
974 1216 1113 1275 loco
1158 1214 1398 1275 Tollius
1441 1219 1509 1277 in
1550 1220 1756 1279 Itiner.
1799 1221 1933 1280 Ital.

144 1335 206 1396 p.
263 1315 363 1374 20.
408 1324 519 1374 aut
559 1317 981 1399 κατεστέφθαι
1022 1334 1138 1395 pro
1182 1304 1586 1397 κατεστῒχθαι
1600 1320 1675 1400 [V]
1731 1321 1932 1399 legen-

144 1414 293 1475 dum
349 1423 532 1496 putat
587 1425 698 1475 aut
740 1417 1052 1493 ἐστίζοντο
1096 1435 1212 1496 pro
1259 1419 1736 1499 ἐστεφανοῦντο,
1781 1440 1932 1501 quo-

138 1535 278 1575 rum
333 1526 620 1592 neutrum
677 1516 1089 1576 necessarium
1147 1525 1241 1575 est
1254 1537 1269 1590 ;
1328 1536 1477 1577 nam
1533 1521 1677 1599 quia
1741 1521 1929 1598 vulgo

140 1615 508 1677 bacchantes
569 1626 755 1697 caput
805 1614 1036 1676 hedera
1086 1615 1495 1692 redimibant,
1540 1619 1929 1680 Ptolemaeus

137 1718 725 1797 ille-exsuperantia
766 1715 1031 1797 quadam
1076 1717 1326 1795 pietatis
1381 1718 1644 1778 hederae
1687 1722 1930 1798 signum

138 1817 260 1878 sibi
325 1818 491 1877 inuri
536 1817 742 1894 jussit.
828 1817 900 1875 In
955 1814 1176 1875 eodem
1228 1837 1370 1894 rege
1426 1819 1789 1880 Plutarchus
1847 1820 1930 1880 de

138 1917 277 1978 Am.
334 1926 397 1976 et
451 1914 636 1976 Adul.
694 1915 894 1977 Discr.
949 1914 1119 1975 XIX.
1169 1914 1308 1976 182.
1352 1912 1529 1977 taxat
1569 1919 1684 1999 τὴν
1725 1919 1929 2000 θηλύ-

135 2042 293 2100 τητα
335 2017 443 2080 καὶ
484 2015 837 2098 θεοληψίαν
876 2013 983 2079 καὶ
1026 2017 1411 2102 ὀλολυγμοὺς
1437 2008 1545 2081 καὶ
1565 2019 1801 2102 κρίνων
1821 2022 1927 2084 καὶ

133 2114 487 2201 τυμπάνων
530 2115 900 2202 ἐγχαράξεις,
989 2114 1116 2175 Sed
1172 2125 1235 2175 et
1276 2118 1437 2177 hunc
1477 2119 1680 2178 locum
1723 2121 1926 2201 impu-

134 2219 349 2298 gnavit
391 2213 904 2294 wyttenbachius
946 2215 1179 2298 κρίκων
1232 2216 1338 2279 καὶ
1391 2217 1739 2299 τυμπάνων
1781 2224 1926 2284 ἐνα-

135 2318 337 2412 ράξεις
395 2316 757 2390 emendans,
810 2316 929 2375 hoc
982 2325 1076 2375 est
1119 2317 1578 2376 annulorum
1623 2326 1685 2411 et
1728 2329 1809 2396 ty
1821 2340 1922 2381 m-

134 2434 511 2500 panorum
556 2417 1147 2491 concussiones;
1202 2417 1453 2500 κρίκους
1487 2437 1620 2477 esse
1661 2420 1921 2479 annulos

133 2528 520 2591 catenarum,
609 2516 830 2597 quibus
901 2515 1247 2596 quatiendis
1306 2516 1652 2578 sacerdotes
1706 2519 1799 2577 illi
1854 2538 1923 2579 se

131 2620 398 2682 invicem
450 2615 732 2691 laedant,
787 2634 1013 2695 easque
1055 2618 1243 2676 etiam
1288 2635 1325 2676 a
1366 2617 1654 2677 Lucretio
1697 2619 1922 2696 signifi-

136 2720 263 2780 cari
315 2718 384 2777 L.
440 2718 514 2778 11.
571 2717 716 2778 639.
773 2717 988 2776 Galli
1041 2718 1252 2776 inter
1308 2735 1387 2776 se
1441 2725 1759 2777 catenas
1814 2719 1918 2779 lu-

136 2816 352 2892 dunt,
392 2818 498 2878 ubi
532 2819 744 2898 potius
777 2815 1036 2877 lidunt
1069 2816 1459 2878 scribendum
1494 2835 1626 2876 esse
1641 2811 1739 2897 [†].
1783 2816 1917 2877 Ho-

134 2936 275 2978 rum
325 2918 479 2979 nihil
537 2916 784 2997 credere
841 2931 1115 2998 possum.
1220 2917 1538 2977 Lucretius
1595 2927 1914 2981 catenas

257 3087 326 3145 [V]
359 3087 435 3131 Sic
471 3089 582 3133 enim
623 3086 755 3132 scribi
794 3086 926 3131 debet
965 3094 1010 3131 et
1049 3101 1120 3132 στι
1104 3105 1244 3147 ιγιια,
1287 3088 1398 3130 unde
1435 3087 1627 3131 stimulus
1665 3092 1709 3131 et
1738 3088 1911 3132 brevius

140 3148 286 3199 stilus,
317 3146 431 3190 siout
458 3159 487 3190 a
513 3161 660 3213 premo
690 3145 872 3205 prelum,
902 3159 930 3189 a
958 3147 1136 3191 simulus
1165 3148 1283 3190 silus

254 3218 315 3275 [†]
349 3218 466 3266 Idem
506 3220 552 3263 in
577 3218 874 3289 ηἰοοοοτίὀαε
915 3219 1071 3276 Epigr.
1114 3234 1192 3277 pro
1221 3215 1397 3273 βάλλεῦΐ
1432 3216 1546 3278 ὑπὲρ
1575 3215 1746 3292 τύμβον
1776 3221 1877 3262 πολι
1867 3217 1914 3260 ιὰ

137 3281 296 3337 κρίνα,
339 3277 383 3320 in
424 3291 509 3334 quo
537 3291 658 3324 nemo
688 3292 875 3335 unquam
905 3277 1073 3331 haesit,
1105 3278 1209 3321 mire
1238 3277 1435 3320 emendat
1462 3277 1632 3333 βαίνεὲἳ
1670 3302 1723 3309 —
1754 3279 1878 3322 σκολι
1865 3293 1912 3319 ια

138 3340 296 3395 κρίνα,
328 3337 606 3380 sinuosas
634 3336 1010 3382 saltationes.
