2158 3848
889 187 1349 251 o'npnch.
1861 202 1987 264 675

199 338 299 398 En
351 336 656 417 ludicrum
711 335 1009 396 festivum
1065 352 1189 393 non
1231 335 1413 413 longe
1456 337 1534 396 ab
1579 339 1836 404 historia
1879 345 1992 406 du-

199 449 365 498 ctum
420 434 528 494 sed
571 429 681 495 'ex'
705 436 993 515 proximo
1036 436 1414 509 arcessitum,
1459 437 1626 516 quod
1668 444 1771 501 vel
1815 463 1852 503 a
1897 457 1990 506 tu-

195 535 543 597 multuariis
586 533 948 594 ludionibus
991 535 1286 616 explicari
1328 545 1560 615 posset.
1662 539 1991 618 Ejusmodi

194 637 331 696 sine
370 634 562 694 dubio
607 635 810 695 multa·
847 636 1020 696 fuere
1064 637 1414 718 spectacula
1447 649 1728 700 veterum
1761 641 1995 703 Atella-

194 754 415 796 narum
469 735 702 795 similia
756 746 819 796 et
873 756 1094 799 revera
1148 735 1523 817 ὃιπολιώὸη,
1548 755 1842 819 *quorum
1888 760 2012 803 ru:

194 835 339 896 dem
381 836 844 916 simplicitatem
890 848 1218 918 aspernata
1262 836 1564 898 eruditior
1607 850 1776 901 aetas
1820 845 1992 903 mille

194 935 548 997 condituras
603 938 878 1010 invenit,
942 937 1165 1018 quibus
1220 940 1504 998 nativum
1568 942 1808 1020 antiqui
1861 944 1995 1003 ludi

194 1037 465 1097 colorem
534 1038 956 1117 interpolaret.
1068 1037 1228 1098 Nam
1296 1049 1706 1117 posteaquam
1765 1054 1989 1120 poetae

193 1147 257 1197 et
308 1136 686 1197 fabulatores
744 1136 1002 1196 deorum
1055 1137 1325 1209 nataleS,
1388 1155 1663 1211 amores,
1731 1160 1989 1220 pugnaS,

192 1235 530 1307 adulteria,
570 1237 836 1296 'vincula
879 1235 1155 1309 tradere,
1210 1234 1591 1317 traditasque
1637 1239 1715 1298 ab
1761 1242 1857 1301 his
1901 1244 1994 1303 fa-

194 1335 373 1395 bulas
419 1335 590 1395 chori
632 1335 776 1395 festi
820 1336 1096 1396 canendo
1134 1335 1546 1417 saltandoque
1579 1341 1820 1402 imitari
1855 1362 1993 1404 coe-

191 1442 440 1517 perunt,
485 1445 618 1495 tum
663 1436 795 1495 fere
837 1439 1028 1518 prisci
1071 1455 1221 1497 usus
1263 1441 1572 1498 memoria
1615 1445 1872 1503 evanuit
1906 1454 1997 1504 at-

189 1555 319 1617 que.
354 1537 465 1596 illa
510 1536 746 1598 frivola
787 1548 850 1597 et
893 1539 1345 1618 extemporalia
1389 1541 1782 1619 impexorum
1826 1545 1993 1604 luso-

188 1656 329 1697 rum
373 1636 645 1697 embolia
687 1641 916 1697 sensim
963 1658 1038 1698 eo
1085 1638 1349 1698 deducta
1393 1651 1554 1715 sunt,
1598 1650 1667 1700 ut
1710 1661 1835 1702 non
1879 1645 1991 1703 hu-

190 1757 411 1798 manae
454 1740 625 1799 vitae
660 1747 835 1798 actus
867 1739 979 1799 sed
1015 1739 1276 1798 deorum
1314 1742 1522 1800 varios
1560 1760 1736 1808 casus
1772 1741 1990 1802 adum-

191 1838 370 1899 brare
423 1836 804 1899 viderentur.
890 1837 1064 1911 Quae
1120 1841 1281 1898 ratio
1338 1839 1417 1898 ab
1464 1859 1588 1898 uno
1634 1855 1855 1918 genere
1898 1861 1994 1902 sa-

190 1957 436 1999 crorum
491 1936 575 1996 ad
628 1936 797 1997 aliud
842 1939 1143 1996 translata
1188 1941 1548 2018 opinionem
1598 1941 1838 2016 attulit,
1885 1962 1993 2003 cu-

181 2040 408 2119 jusque
468 2036 573 2097 dei
639 2038 945 2097 solemnia
999 2038 1271 2119 aliquam
1333 2058 1474 2098 cum
1531 2041 1664 2117 ejus
1710 2042 1887 2102 factis
1934 2053 1996 2103 et

191 2139 434 2201 eventis
490 2157 601 2197 seu
659 2138 992 2198 laetisvseu
1039 2137 1320 2200 adversis
1366 2141 1838 2201 similitudinem
1883 2144 1991 2202 ha—

191 2240 339 2299 bere
396 2249 460 2298 et
515 2237 602 2297 ad.
642 2238 1132 2298 conservandam
1176 2241 1265 2298 rei
1312 2241 1676 2301 memoriam
1725 2252 1786 2300 et
1829 2262 1990 2302 nunc

193 2340 433 2401 servari
476 2348 539 2398 et
582 2357 620 2398 a
663 2340 971 2418 principio
1015 2341 1321 2419 instituta.
1345 2358 1496 2399 esse.
1587 2340 1690 2400 Sic
1733 2341 1991 2402 Lactan-

193 2443 319 2501 tius
362 2439 437 2503 V.
490 2439 587 2500 19.
637 2437 734 2499 15.
788 2440 1009 2519 ipsos
1069 2442 1270 2500 ritus
1329 2459 1416 2498 ex
1459 2439 1696 2500 rebus
1742 2446 1990 2520 gestis

193 2540 513 2625 (deorum)
554 2540 681 2602 vel
728 2559 816 2598 ex
861 2540 1175 2600 casibus
1220 2540 1349 2602 vel
1395 2541 1627 2600 etiam
1675 2561 1764 2601 ex
1803 2562 1994 2602 mor-

193 2642 414 2702 tibus
457 2650 687 2701 natos
731 2639 897 2700 dicit.
983 2641 1068 2700 Et
1108 2639 1491 2720 Augustinus
1538 2638 1670 2703 Civ.
1718 2641 1849 2701 VH.
1898 2644 1992 2704 18.

195 2762 283 2804 ex
339 2743 716 2822 cujusque
771 2739 900 2800 dei
954 2743 1326 2821 ingenio}
1371 2741 1752 2813 morib11S‚
1799 2744 1993 2802 acti-

195 2845 337 2906 bus
398 2842 717 2904 casibus
773 2859 995 2902 sacra
1052 2853 1142 2902 et¹
1179 2842 1568 2902 solemnia
1611 2843 1992 2901 instituta

198 2953 394 3004 sunt.
494 2942 670 3018 Quae
728 2942 951 3003 Graeci
1006 2945 1338 3023 scriptores
1394 2942 1649 3020 singulis
1705 2942 1834 3001 fere
1890 2962 1990 3001 ex-

199 3044 422 3125 emplis
490 3045 869 3105 confirmant.
978 3043 1297 3104 Diodorus
1364 3044 1470 3102 111.
1533 3041 1633 3102 56.
1691 3045 1989 3102 enarratis

200 3144 388 3207 divae
416 3144 696 3206 Basileae
740 3143 1049 3204 erroribus
1095 3153 1157 3203 et
1201 3143 1374 3201 obitu
1419 3143 1700 3202 homines
1745 3162 1879 3202 eam
1925 3145 1991 3202 in

201 3244 461 3306 deorum
505 3263 762 3307 numero
805 3246 1155 3323 reposuisse
1197 3244 1303 3307 καὶ
1344 3250 1480 3314 ταῖς
1523 3242 1630 3306 διὰ
1663 3251 1795 3308 τῶν
1827 3268 1987 3324 τυμ-

201 3344 422 3411 πάνων
488 3346 594 3409 καὶ
652 3341 998 3427 κυμβάλων
1052 3342 1382 3429 ἐνεργείαις
1437 3343 1544 3406 καὶ
1596 3349 1726 3413 τοῖς
1783 3345 1988 3411 ἄλλοις

1483 3442 1648 3501 43*
