2158 3848
229 191 354 252 742
772 203 1010 246 numu
1052 201 1480 246 SECUNDUS.

230 351 391 394 cum
449 333 810 392 terribili
852 334 1334 392 auctoritate
1376 330 1810 408 religionis
1853 349 2017 389 ex-e-

231 435 372 511 git,
458 451 550 492 ne
616 430 973 510 profanis
1047 431 1368 492 auribus
1425 430 1849 508 religionis
1903 447 2015 489 se-

233 540 446 594 creta
489 528 1027 610 proderentur.
1708 524 1709 527 ’

403 629 684 690 Eandem
729 630 859 688 fere
903 631 1180 689 fabulam
1223 632 1408 690 iterat
1451 629 1781 690 Kircherus
1817 627 2024 688 Arith-

233 731 377 790 mol.
440 749 501 809 p.
559 731 703 790 277.
792 730 1167 811 „Orphaeus
1225 731 1702 815 quotiescunque
1748 730 2026 791 divinam

234 829 528 904 „volebat
571 839 917 890 monstrare
952 832 1295 910 J‘ustitiam,
1352 850 1463 912 per
1509 831 1891 890 octonarium
1927 829 2030 906 ju-

236 948 413 1002 „rare
472 942 908 1006 consueverat,
964 952 1076 1012 per
1133 949 1315 1012 quem
1374 941 1436 990 et
1489 948 1694 990 rerum
1748 946 2032 989 summae
2117 939 2131 946 ’

236 1029 521 1104 „dicebat
563 1030 888 1106 Evander,
933 1034 1166 1092 scilicet
1208 1035 1443 1110 ignem,
1489 1049 1741 1111 aquam,
1785 1036 2035 1100 terram,

236 1131 554 1205 „coelum,
600 1132 830 1206 solem,
875 1134 1125 1209 lunam,
1169 1133 1488 1211 Mythram
1534 1129 1915 1202 etquoctem‘
1943 1128 2034 1185 in-

238 1229 631 1308 „digitand03
667 1234 733 1291 in
779 1234 1066 1293 columna
1111 1251 1353 1313 quoque
1396 1229 1893 1310 hieroglyphica,
1936 1236 2036 1287 te-

239 1339 375 1403 „ste
418 1330 725 1404 Diodoro,
772 1343 911 1392 octo
953 1335 1212 1392 numina
1256 1331 1667 1412 ponebantur,
1706 1329 2036 1400 =SaturnuS,

238 1429 483 1504 „Rhea,
529 1430 758 1505 Osiris,
803 1434 1091 1512 spiritus,
1141 1433 1401 1505 coelum,
1445 1431 1613 1504 luna,
1656 1446 1803 1502 nox,
1847 1427 2037 1488 dies.“

239 1529 411 1591 Fons
467 1531 688 1590 horum
747 1534 1024 1593 omnium
1084 1542 1176 1593 est
1233 1532 1504 1592 Theonis
1562 1531 1735 1590 locus
1789 1529 1857 1587 in
1908 1527 2041 1587 Ma·-

243 1631 430 1692 them.
486 1653 534 1693 c.
590 1632 692 1692 48.
749 1652 812 1713 p.
877 1633 1016 1694 164.
1077 1653 1163 1715 sq.
1208 1633 1403 1697 Ἕνιοί
1445 1651 1643 1717 φασιν
1687 1627 1850 1693 dnm
1894 1626 2041 1696 τοὺς
2104 1671 2109 1675 μ

244 1730 506 1798 πάντων
559 1743 948 1816 κρατοῦντας
1005 1736 1165 1799 εἶναι
1219 1734 1444 1808 θεοὺς,
1502 1732 1590 1803 ὥς
1641 1730 1747 1794 καὶ
1787 1732 1872 1794 ἐν
1911 1734 2042 1838 τοῖς

240 1833 562 1918 Ὀρφικοῖς
605 1839 775 1899 ἐστιν
820 1837 1024 1920 εὑρεῖν

386 2003 496 2055 Ναὶ
527 2001 631 2072 μὴν
665 2001 950 2056 ἀθανάτων
984 2000 1292 2073 γεννήτορας
1324 2001 1432 2054 αῗὲν
1469 1999 1670 2067 ἐόντας,

389 2091 491 2157 πῦρ
524 2090 609 2139 καὶ
644 2087 785 2155 ὕδωρ
805 2129 819 2154 ,
856 2085 1008 2157 γαῖάν
1043 2109 1095 2141 τε
1130 2089 1214 2140 καὶ
1250 2084 1469 2156 οὐρανὸν
1503 2086 1594 2156 ἠδὲ
1630 2083 1845 2155 σελήνην

390 2167 559 2240 ἠέλιόν
595 2192 649 2224 τε
687 2168 905 2242 (Marma
936 2174 1098 2244 μέγαν
1132 2173 1216 2225 καὶ
1251 2168 1410 2224 νύκτα
1442 2171 1706 2238 μέλαιναν.

254 2329 323 2392 ἔν
364 2353 430 2392 τε
463 2330 785 2416 Αἰγυπτίᾳ
806 2336 809 2341 ‘
831 2329 1019 2413 στήλῃ
1056 2332 1250 2415 φησὶν
1285 2330 1614 2413 Εὔανδρος
1647 2329 2050 2414 εὑρίσκεσθαι

252 2429 508 2513 γραφὴν
575 2434 982 2503 Βασιλέως
1033 2431 1345 2516 Κρόνου
1402 2431 1528 2494 καὶ
1583 2430 2050 2514 βασιλίσσης

246 2527 454 2598 Ῥέας
522 2531 1061 2614 πρεςβύτατος
1115 2530 1431 2596 πάντων
1472 2533 1773 2615 ’Όσιρις
1810 2533 2050 2599 ’θεοῖς

258 2627 741 2705 ἀθανάτοις,
815 2631 1206 2714 πνεύματι
1263 2633 1395 2695 καὶ
1449 2634 1795 2716 οὐρανῷ,
1859 2629 2049 2713 ἡλίῳ

257 2729 388 2792 καὶ
458 2729 738 2813 σελήνῃ
803 2732 932 2795 καὶ
996 2740 1087 2817 γῇ
1158 2733 1286 2794 καὶ
1339 2732 1570 2795 νυκτὶ
1626 2731 1752 2794 καὶ
1804 2731 2049 2814 ἡμέρᾳ

257 2831 392 2893 καὶ
444 2832 686 2916 πατρὶ
738 2840 894 2897 τῶν
949 2834 1203 2897 ὄντων
1257 2832 1389 2894 καὶ
1444 2833 1845 2916 ἐσομένων
1902 2835 2053 2914 ἐρῶ

258 2954 339 2994 τε
405 2938 749 3015 μνημεῖα
805 2941 936 3014 τῆς
992 2934 1238 2997 αὐτοῦ
1293 2934 1576 3016 αρετῆς
1630 2932 1813 3016 βίου
1873 2951 2050 2995 συν-

259 3027 578 3106 τάξεως,
634 3052 897 3114 quorum
952 3043 1270 3115 postrema
1325 3051 1470 3114 pars
1515 3030 1752 3112 aliquid
1797 3029 2054 3091 difficul-

262 3132 410 3192 tatis
475 3131 681 3194 habet.
767 3134 885 3194 Pro
945 3139 1064 3219 ἐρῶ
1119 3159 1184 3196 τε
1237 3133 1558 3193 Reinesius
1612 3133 1800 3192 Inscr.
1860 3128 2053 3192 Class.

262 3231 309 3291 Ι.
366 3250 426 3292 n.
470 3233 614 3293 219.
669 3236 892 3318 Ἔρωτι
946 3233 1291 3307 substituit,
1347 3232 1513 3315 quod
1570 3231 1794 3313 probat
1847 3231 2052 3291 Fleet-

264 3331 554 3394 woodius
611 3336 676 3395 in
733 3335 965 3415 Syllog.
1031 3354 1091 3416 p.
1150 3334 1207 3395 3.
1263 3344 1325 3394 et
1382 3335 1561 3395 tacite
1619 3334 1894 3415 sequitur
1949 3329 2051 3392 Ja-
