2158 3848
756 223 1331 267 ELnuslNlA.
1812 209 1935 270 213

157 360 560 440 compositam
614 375 748 416 esse
800 374 873 414 ea
932 353 1284 424 conditione
1339 364 1408 413 ut
1451 355 1780 432 imperium
1823 374 1930 434 pe-

154 479 262 518 nes
302 456 709 516 Erechtheum
754 464 942 529 esset3
987 454 1334 534 Eumolpus
1378 462 1587 512 autem
1633 472 1770 515 cum
1816 452 1928 515 Ce-

152 561 232 618 lei
285 554 526 614 filiabus
583 553 838 614 dearum
867 592 869 594 -
897 573 1070 614 sacra
1126 553 1627 614 administrarent
1685 562 1748 611 et
1790 572 1927 614 cau-

148 675 247 716 sas
289 655 625 734 impietatis
661 653 986 732 judicaret.
1072 654 1380 716 Androtio
1424 672 1574 715 vero
1627 656 1928 728 mysteria

147 756 341 816 multo
402 766 554 834 ,post
620 755 904 814 instituta
961 740 1095 814 esse
1152 755 1422 815 affirmat
1477 754 1554 814 ab
1612 753 1925 834 Eumolpo

145 838 345 914 tertio*
368 855 607 914 Musaei
650 855 778 914 filio
823 839 1131 936 Eumolpi·
1160 858 1346 936 primi
1391 855 1697 935 abnepote
1723 851 1923 914 Schol.

144 955 332 1035 Soph.
379 954 530 1014 Oed.
578 953 642 1015 C.
693 953 874 1016 1051.
917 955 1254 1038 Εὐμόλπου
1297 958 1420 1042 γὰρ
1464 956 1760 1041 γενέσθαι
1795 953 1923 1035 Κή-

140 1081 333 1138 ρυκα,
391 1065 504 1118 τοῦ
548 1055 618 1119 δὲ
660 1058 1029 1138 Εὔμολπον,
1084 1065 1199 1119 τοῦ
1236 1056 1305 1119 δὲ
1343 1055 1752 1138 Ἀντίφημον,
1806 1063 1921 1117 τοῦ

138 1156 208 1218 δὲ
252 1163 591 1220 ῙἉουσαῖον
631 1157 747 1220 τὸν
788 1157 1045 1236 ποιητὴν
1061 1159 1173 1237 [¹¹¹]‚
1215 1164 1330 1220 τοῦ
1354 1155 1422 1219 δὲ
1451 1157 1787 1243 Εὔμολπον
1808 1154 1921 1217 τὸν

136 1255 601 1326 καταδείξαντα,
651 1255 785 1336 τὴν
835 1255 1095 1338 μύησιν,
1133 1258 1240 1319 καὶ
1307 1254 1685 1340 ἱεροφάντην
1740 1278 1919 1339 γεγο-

134 1355 306 1420 νότα·
366 1354 532 1435 quod
573 1365 776 1416 ratum
819 1356 1049 1423 habent
1089 1357 1391 1426 Rhoerius
1433 1357 1571 1421 Fer.
1614 1355 1915 1415 Daventr.

135 1477 185 1516 c.
260 1456 354 1515 16.
421 1476 482 1536 p.
537 1457 639 1517 82.
700 1466 782 1551 let·
826 1456 1112 1535 Heynius
1168 1458 1249 1518 ad
1301 1455 1595 1540 Apollod.
1652 1475 1714 1536 p.
1771 1453 1914 1515 338.

135 1555 389 1618 Photius
445 1556 839 1639 Εὐμολπίδαι
896 1559 1129 1642 πατρία
1187 1561 1309 1623 ἀπὸ
1353 1556 1724 1641 Εὐμόλπου·
1785 1557 1913 1640 ἐγέ-

133 1682 319 1721 νοντο
363 1656 432 1719 δὲ
473 1663 653 1740 τρεῖς·
700 1658 734 1720 ὃ
778 1658 906 1741 μὲν
940 1664 1006 1722 ἐκ
1034 1658 1274 1743 Θρᾴκης
1298 1655 1793 1741 ἐπιστρατεύσας,
1837 1656 1913 1718 ὃν

135 1760 210 1820 οὐ
269 1766 748 1839 προςποιοῦνται
791 1762 851 1821 οἱ
891 1760 1302 1842 Εὐμολπίδαι·
1349 1762 1382 1823 ὁ
1428 1759 1498 1823 δὲ
1535 1755 1911 1825 Ἀπόλλωνος

131 1859 238 1921 καὶ
258 1856 650 1938 Ἀστυκόμης,
696 1859 729 1920 ὃ
775 1858 845 1924 δὲ
876 1861 1218 1924 Μουσαίου
1262 1860 1368 1922 καὶ
1390 1857 1678 1937 Δηιόπης·
1728 1872 1910 1935 quam

130 1960 283 2017 Ister
334 1958 438 2016 Fr.
493 1976 555 2036 p.
598 1956 712 2018 53.
797 1957 1168 2041 *Triptolemi
1208 1960 1459 2032 filiam„
1492 1959 1602 2018 alii
1642 1965 1909 2016 matrem

129 2059 416 2119 dixerunt
436 2056 692 2118 Aristot.
713 2058 933 2118 Mirab.
962 2057 1234 2121 CXLIII.
1259 2061 1404 2121 291.
1431 2057 1601 2139 (885.
1626 2056 1730 2139 A.)
1753 2057 1908 2116 Pau-

126 2160 330 2220 sanias
354 2177 543 2219 unum
570 2160 750 2220 novit
771 2158 1153 2240 Eumolpum
1186 2161 1334 2220 belli
1358 2160 1656 2222 adversus
1684 2157 1908 2218 Erech-

127 2261 338 2320 theum
393 2268 707 2318 auctorem
767 2259 1154 2340 eundemque
1206 2262 1646 2337 mysteriorum
1700 2255 1910 2317 cond-i-

127 2369 359 2432 torem3
428 2358 571 2418 huic
637 2360 1032 2440 superstitem
1087 2360 1281 2419 fuisse
1338 2358 1632 2437 Cerycem
1687 2359 1906 2430 filium,

127 2459 270 2519 licet
314 2456 576 2535 Ceryces
626 2461 752 2541 ipsi
805 2461 1044 2538 generis
1087 2461 1186 2519 sui
1227 2462 1570 2540 principem
1596 2459 1903 2520 Mercurio

128 2570 191 2619 et
211 2559 481 2638 Aglauro
524 2569 894 2639 prognatum
940 2577 1075 2619 esse
1116 2559 1315 2622 velint
1355 2561 1404 2623 I.
1439 2561 1540 2620 38.
1563 2563 1611 2639 [¹¹
1652 2580 1666 2634 3
1712 2559 1903 2619 Thra-

126 2679 224 2720 ces
294 2659 588 2739 Eumolpi
655 2660 829 2738 signa
895 2668 1220 2740 sequutos‚
1254 2656 1445 2741 ..quos
1512 2659 1906 2721 Acesodorus

200 2830 314 2932 ⁷3¹³]
345 2833 584 2881 Μουσαῖος
622 2828 647 2875 ὁ
689 2833 780 2875 τῶν
807 2829 1119 2890 Εὐμολπιδῶν
1141 2829 1380 2888 Ἀθηναῖος
1406 2833 1614 2876 Alcidam.
1645 2832 1724 2874 Or.
1754 2830 1900 2885 Ulyss.

129 2900 175 2944 p.
258 2921 270 2932 .

245 2974 306 3032 [Ι]
335 2978 490 3035 Κῆρυξ
530 2973 554 3020 ὃ
594 2977 684 3034 μέν
712 2991 777 3026 τις
803 2980 896 3021 τῶν
922 2980 1157 3035 μυστικῶν
1187 2975 1236 3035 (ὁ
1265 2980 1358 3021 τῶν
1384 2980 1616 3037 μυστικῶν
1645 2977 1783 3034 κῆρυξ
1811 2972 1900 3017 Xe-

134 3030 259 3087 nopB.
292 3033 405 3079 neu.
442 3034 502 3078 11.
531 3031 574 3077 4.
603 3035 699 3091 20.)
738 3033 830 3080 ἀπὸ
870 3033 1078 3096 Κήρυκος
1118 3039 1200 3081 τοῦ
1222 3034 1389 3095 Ἑρμοῦ
1419 3039 1496 3079 καὶ
1524 3032 1798 3095 Πανδρόσου
1828 3034 1901 3087 τῆς

133 3092 364 3148 Κέκροπος
399 3093 510 3137 Poll.
551 3092 652 3135 VII.
684 3093 782 3137 103.
813 3095 927 3138 unde
957 3095 1169 3151 cerycum
1199 3096 1363 3138 familia
1393 3095 1539 3138 Schol.
1569 3094 1668 3138 min.
1698 3093 1754 3136 ad
1783 3091 1834 3135 Il.
1864 3092 1900 3133 Ι.

132 3145 233 3190 334.
271 3162 375 3204 quo·
413 3165 490 3194 cur
530 3151 839 3209 Wesselingius
875 3168 1133 3211 praeconum
1174 3159 1219 3197 et
1248 3155 1577 3197 caduceatorum
1605 3166 1779 3196 numero
1809 3150 1903 3192 exi—

131 3211 221 3249 mat
262 3206 315 3248 ad
355 3207 478 3252 Diod.
506 3209 560 3253 L.
589 3210 626 3254 I.
666 3210 738 3254 29.
780 3225 863 3255 non
901 3213 1124 3268 intellig03
1160 3211 1209 3256 τὸ
1252 3217 1384 3271 γένος
1421 3215 1512 3257 τῶν
1550 3209 1773 3272 Κηρύκων
1811 3211 1901 3251 τῶν

131 3266 210 3333 τῆς
234 3264 578 3333 μυστηριώτιδος
604 3268 759 3312 Athen.
787 3271 866 3314 VI.
894 3269 995 3315 234.
1023 3272 1076 3314 F.
1108 3271 1249 3327 palam
1278 3271 1409 3327 facit,
1441 3287 1515 3315 eos
1542 3272 1736 3314 inducias
1764 3268 1899 3311 Eleu-

131 3323 264 3365 simas
304 3322 527 3378 mdixiue,
566 3328 805 3386 Olympiis,
847 3329 1047 3386 Pythiis,
1079 3330 1267 3372 Isthmiis
1295 3330 1451 3383 musto,
1482 3331 1518 3374 si
1549 3329 1730 3373 Aristidi
1760 3326 1899 3370 credi-

132 3395 253 3434 mus,
293 3383 554 3438 sanctioroe3
590 3389 640 3430 αἱ
674 3385 765 3446 γὰρ
805 3382 936 3431 ἄλλαι
963 3385 1377 3450 παρηνομήθησαν,
1407 3386 1547 3448 μόναι
1577 3388 1618 3432 δ’
1651 3389 1698 3432 αἱ
1725 3399 1899 3445 μυστη-
