2158 3848
724 236 1297 283 ELEUSINIA.
1783 227 1898 288 115

138 364 474 447 λυμόρφοις
515 372 643 429 τῶν
675 370 848 430 θεῶν
881 354 1399 450 προβεβλημένοις
1430 371 1667 451 γένεσιν
1700 374 1899 450 ἅπαν-

136 473 285 545 τᾷν,
345 461 637 534 εἰςιόντας
691 464 760 526 δὲ
817 467 1078 537 οἷκλινεῖς
1132 469 1237 530 καὶ
1290 474 1425 538 ταῖς
1479 475 1742 538 τελεταῖς
1796 496 1900 534 πε-

135 565 529 648 φραγμένους
572 563 768 643 αὐτὴν
810 565 924 645 τὴν
965 567 1153 631 θείαν
1209 571 1512 651 ἔλλαμψιν
1560 570 1902 652 ἕγκολπίζε-

136 666 291 724 σθαι
348 664 414 721 in
457 663 666 722 Theol.
709 662 779 722 L.
822 665 868 723 I.
914 686 960 724 c.
1005 666 1062 725 3.
1106 686 1166 746 p.
1209 669 1269 726 7.
1315 677 1377 726 et
1416 668 1724 747 quintum:
1774 677 1903 734 τῶν

132 766 462 847 θεουργῶν
512 762 782 827 θάπτειν
837 765 908 827 τὸ
959 775 1139 848 σῶμα
1180 766 1555 831 κελευόντων
1597 769 1757 848 πλὴν
1796 777 1903 848 τῆς

132 870 398 946 κεφαλῆς
441 867 507 926 ἐν
548 871 623 943 τῇ
667 865 1101 947 ,ιιυστικωτάτῃ
1144 875 1273 931 τῶν
1314 875 1601 941 τελετῶν,
1646 869 1678 931 oc
1725 867 1905 931 Πλά-

132 989 262 1028 των
321 963 426 1025 zai
478 971 661 1026 τοῦτο
717 965 1083 1048 προείληφεν
1133 967 1235 1055 ὑπ’
1293 970 1505 1029 αὐτῶν
1547 966 1906 1049 κινούμενος

132 1073 260 1127 τῶν
302 1068 475 1126 θεῶν
516 1063 599 1122 ib.
642 1061 747 1123 IV.
792 1085 839 1123 c.
884 1062 941 1123 9.
984 1083 1044 1143 p.
1091 1059 1326 1145 293³[³].
1386 1063 1560 1123 Haec
1602 1068 1707 1144 qui
1748 1069 1907 1126 inter

133 1184 200 1223 se
244 1165 693 1243 comparaverit
735 1161 812 1222 ab
857 1181 980 1222 uno
1012 1162 1349 1244 eodemque
1372 1164 1628 1224 Proculo
1648 1162 1726 1245 [¹³]
1772 1184 1907 1226 ver-

131 1264 226 1322 bis
278 1280 475 1341 paene
528 1261 750 1322 iisdem
804 1263 1172 1342 perscripta,
1215 1265 1269 1322 is
1310 1264 1586 1343 profecto
1629 1282 1755 1322 non
1799 1264 1908 1324 du-

131 1361 354 1422 bitabit
370 1405 388 1434 ,
433 1362 579 1440 quin
621 1363 779 1427 istae
823 1359 1162 1447 ἆγιοόταται
1206 1373 1268 1422 et
1308 1362 1769 1446 μυστικώταται
1810 1391 1909 1427 τε-

132 1461 301 1524 λεταί
357 1460 523 1542 apud
578 1461 928 1521 Platonicos
982 1481 1174 1522 unum
1220 1473 1449 1523 certum
1495 1482 1684 1541 genus
1728 1466 1909 1541 signi·
1959 1530 1969 1539 ,ι
2020 1499 2030 1541 5

131 1565 325 1622 ficent.
426 1559 741 1633 Quaenam
793 1563 980 1639 igitur
1035 1562 1208 1621 fuere
1262 1564 1370 1623 illa
1440 1563 1652 1623 sacra'l
1718 1563 1909 1636 Haec,
1952 1544 2055 1605 ⁸³²³

131 1663 354 1744 quibus
409 1662 579 1720 nulla
631 1663 924 1741 nequiora
964 1679 1159 1741 neque
1203 1681 1338 1722 cum
1381 1665 1617 1740 majore
1659 1664 1912 1722 humani

134 1763 363 1841 ingenii
408 1759 741 1840 opprobrio
794 1769 1039 1840 reperta
1081 1770 1256 1834 sunt,
1313 1762 1733 1838 Theurgorum
1777 1781 1910 1837 my-

134 1864 319 1923 steria
372 1862 506 1921 sive
558 1860 767 1939 potius
813 1859 1241 1932 deliramenta,
1286 1868 1567 1921 veterum
1609 1879 1679 1919 ac
1720 1879 1911 1921 nova-

134 1982 271 2023 rum
326 1961 830 2041 superstitionum
889 1959 1237 2021 colluvione
1294 1968 1605 2033 concreta,
1661 1957 1739 2019 de
1782 1961 1911 2039 qui-

134 2064 246 2123 bus
290 2059 478 2121 modo
524 2058 810 2126 diximus

302 2161 401 2220 De
454 2160 698 2220 Proculi
762 2169 944 2238 atque
999 2147 1311 2218 Plethonis
1381 2159 1747 2218 testimoniis
1763 2200 1781 2230 ,
1835 2175 1912 2215 ne

137 2261 392 2342 posthac
438 2261 757 2340 imperitos
799 2256 1012 2318 fall'ere
1054 2259 1314 2337 possint,
1358 2267 1420 2317 et
1460 2260 1528 2317 in
1569 2258 1914 2338 praesentia

139 2368 202 2418 et
256 2360 319 2417 in
374 2358 647 2419 futurum
699 2360 1019 2439 provisum
1061 2356 1324 2418 videtur.
1408 2357 1526 2417 His
1570 2355 1913 2434 subscripta

138 2460 361 2518 Dionis
417 2459 747 2521 auctoritas
803 2456 950 2536 quid
1004 2457 1238 2530 valeat,
1298 2456 1620 2536 apparebit
1660 2456 1911 2531 legenti-

139 2558 285 2618 bus:
324 2559 550 2642 ‘ZZgneo
607 2563 750 2628 εἴτις
806 2556 1010 2640 ἄνδρα
1035 2557 1293 2636 Ἕλληνα
1333 2555 1373 2635 ἢ
1415 2553 1749 2638 βάρβαρον
1790 2580 1911 2635 μυ-
1979 2588 1985 2592 ’

140 2663 347 2721 εἷσθαι
388 2658 708 2742 παραδοὺς
750 2662 833 2727 εἰς
874 2654 1178 2739 μυστικόν
1218 2680 1360 2719 τινα
1389 2654 1594 2736 μυχὸν
1627 2655 1911 2736 ὑπερφυῆ

139 2757 342 2822 κάλλει
406 2759 512 2821 καὶ
572 2758 855 2843 μεγέθει,
924 2756 1117 2820 πολλοὶ
1170 2755 1288 2839 μὲν
1341 2756 1588 2839 ὁρῶντα
1641 2755 1911 2836 μυστικὰ

228 2875 307 2969 ¹[a
355 2928 398 2956 v.
430 2913 640 2970 Epimetr.
671 2912 748 2955 IV.

258 2914 322 3028 [bi
353 2972 403 3014 Si
431 2972 526 3028 quis
555 2972 663 3014 Pro
677 2971 795 3013 clus
822 2970 959 3023 malit,
990 2969 1184 3028 equidem
1214 2969 1353 3013 dicam
1381 2968 1422 3011 ei
1450 2981 1533 3010 non
1562 2967 1804 3023 impingam,
1835 2980 1907 3008 ne-

144 3042 226 3084 que
254 3029 443 3073 diffiteor
470 3044 536 3072 me
564 3029 703 3086 ipsum
730 3029 776 3072 in
804 3029 871 3072 his
900 3029 1029 3072 rebus
1059 3027 1402 3085 orthographicis
1430 3027 1583 3068 laxum·
1602 3030 1646 3067 et
1661 3024 1911 3069 latitudinu-

143 3087 253 3128 rium
281 3101 385 3130 esse.
415 3088 504 3131 Sed
531 3087 703 3130 indocte
730 3087 910 3140 faciunt,
942 3088 1015 3143 qui
1043 3087 1241 3131 vitiosam
1271 3086 1524 3141 scripturam
1544 3083 1809 3140 pervicacius
1834 3083 1909 3125 de-

145 3144 346 3198 fendunt,
389 3159 468 3189 nec
512 3145 677 3189 omnino
708 3145 818 3188 scire
845 3145 1069 3198 videntur,
1101 3159 1210 3201 quae
1237 3159 1307 3187 res
1338 3146 1505 3199 agatur.
1537 3141 1646 3193 Quis
1674 3156 1803 3185 sanus
1832 3141 1909 3183 ho-

147 3202 220 3244 die
249 3203 432 3260 speclum
447 3236 460 3257 ‚
500 3204 687 3247 vinclum
702 3235 715 3256 ,
747 3203 930 3257 seclum,
960 3204 1121 3247 Lucmo
1152 3216 1269 3248 more
1297 3202 1668 3246 Praenestinorum
1697 3201 1761 3256 (v.
1790 3199 1909 3254 Fog-

144 3260 235 3316 gini
276 3261 332 3304 ad
369 3261 488 3306 Fast.
529 3262 684 3306 Praen.
723 3276 765 3319 p.
794 3260 894 3308 358.
925 3263 1082 3318 Wolf.)
1112 3262 1300 3305 scribere
1330 3259 1470 3304 velit?
1500 3260 1748 3316 quibuscum
1777 3256 1910 3300 nomi-

146 3319 271 3361 nibus
312 3319 553 3363 Gronovius
583 3321 768 3364 Observ.
798 3319 878 3362 Iv.
906 3321 977 3363 21.
1008 3317 1107 3363 764.
1136 3321 1242 3363 illud
1273 3318 1516 3362 Procius
1546 3315 1770 3373 componit.
1800 3315 1909 3358 Pro-

145 3377 283 3428 culus,
314 3378 564 3435 Proculeius
593 3383 676 3423 etc.
707 3378 919 3421 ducuntur
948 3393 974 3422 a
1003 3378 1154 3437 procul
1184 3378 1403 3422 Plutarch.
1434 3377 1487 3419 V.
1520 3374 1679 3419 Coriol.
1710 3389 1745 3418 c.
1775 3373 1852 3418 XI.

1442 3449 1574 3507 8*
