2158 3848
234 186 356 247 186
824 197 1062 242 mnan
1106 173 1417 242 PRIMUS.

229 330 333 390 42.
420 327 855 406 Albogalerum
899 331 1167 410 pileum,
1226 348 1366 410 quo
1425 328 1700 389 Diales
1750 330 2009 396 flami-

229 447 362 488 nes
405 426 860 503 utebantur,
922 429 1182 490 fiebat
1226 450 1312 489 ex
1355 421 1619 489 hostia
1662 429 1840 489 alba
1881 426 2010 487 J-o-

228 531 350 595 vis
393 528 612 591 Festus
656 547 717 607 p.
760 528 862 588 42.
907 528 1195 617 idemque
1238 550 1298 610 p.
1342 530 1486 590 431.
1543 529 1734 591 tradit
1766 532 1842 600 ιιι
1886 548 2011 588 car-

226 628 500 689 minibus
544 626 868 687 saliaribus
913 647 956 707 p
975 631 1184 687 escia
1226 632 1438 693 vocari
1483 631 1710 709 capitia
1746 648 1787 687 e
1830 628 2011 706 pel-li-

224 727 359 789 buS.
444 727 518 785 In
558 728 808 806 pompis
835 727 1192 791 lustralibus
1217 728 1620 790 Athenienses
1647 727 1684 788 J
1689 730 1834 793 ovio
1851 744 2012 809 ‘usus

229 847 363 886 esse
405 843 521 905 pro
568 825 851 886 caduceo
879 834 1140 885 testatur
1182 826 1542 894 Eustathius
1597 849 1658 908 Ρ.
1707 825 1914 902 1935.-
1952 827 2011 885 8.

226 933 385 990 Δῖον
418 923 695 990 ,ἐκάλουν
740 924 975 1009 κῴδιον
1020 926 1242 1010 ἱερείου
1287 930 1656 1006 τιθέντοςῗ]
1705 929 1811 1013 Διὶ
1848 935 2012 997 Μει-

226 1026 401 1109 λιχίῳ
447 1030 513 1089 ἐν
556 1031 686 1096 τοῖς
716 1030 1090 1109 ’καθαρμοῖς
1128 1028 1474 1114 φθίνοντος
1512 1034 2012 1111 Μαιμακτηριῶ·

226 1152 366 1200 νος,
425 1126 525 1189 ὅτε
557 1115 750 1210 ἤγετο
776 1127 856 1190 τὰ
892 1135 1185 1210 πομπαῖα,
1213 1129 1320 1191 καὶ
1362 1133 1729 1210 καθαρμῶν
1762 1125 2012 1216 ἐκβολαὶ

226 1226 491 1297 sigaeas.
544 1224 834 1312 τριόδους
884 1229 1195 1312 ἐγένοντο’
1271 1231 1437 1309 εἶχονᾳ
1489 1228 1558 1291 δὲ
1603 1227 1760 1310 μετὰ
1780 1265 1791 1314 4
1800 1232 2013 1307 χεῖρας

222 1326 478 1407 πομπὰν
510 1325 588 1406 (f.
612 1331 955 1406 πομπαῖον)
999 1328 1147 1410 ὅπερ
1186 1325 1275 1406 ἦν
1301 1343 1459 1411 φασι,
1490 1314 1786 1413 κηρύκιον
1825 1326 2012 1406 σέβας

217 1425 474 1508 Ἑρμοῦ·
540 1423 722 1503 quod.
761 1425 1064 1490 lustrandi
1121 1445 1335 1489 caussa
1360 1471 1361 1475 ,
1389 1438 1659 1505 gestasse
1700 1425 2014 1496 videntur,

222 1527 382 1597 sicut
424 1523 690 1603 Luperci
729 1526 997 1603 pellibus
1039 1509 1877 1596 immolatarum‘hostihrum
1920 1525 2009 1582 ιιι-

223 1625 435 1697 cincti,
501 1623 789 1702 aliasque
830 1625 1153 1687 manibus
1170 1635 1487 1703 gestantes
1532 1626 1747 1695 urbem
1791 1641 2013 1706 perva-

220 1733 434 1802 gantes
473 1722 1213 1798 lustrabant3Jun0n1s
1259 1726 1667 1815 amiculum
1708 1725 2016 1786 vocabant

220 1824 316 1882 illi
358 1816 587 1902 pellem
633 1813 978 1908 caprinam,
1025 1843 1173 1903 qua
1215 1826 1603 1885 mulieres
1635 1845 1682 1885 a
1691 1825 2014 1909 Luper-

224 1925 374 1982 cis
392 1921 965 1982 februabantur
1019 1923 1185 1981 Fest.
1247 1943 1294 1982 s.
1319 1925 1778 2013 Februarius
1806 1925 2015 1994 Hinc

222 2024 641 2100 conjecturam
696 2019 899 2082 facere
942 2022 1100 2081 licet
1140 2006 1524 2088 Daduchum
1569 2045 1812 2105 quoque
1856 2031 2013 2089 Δῖον

221 2142 404 2183 suum
437 2140 626 2201 prae
642 2120 927 2184 manibus
971 2122 1185 2182 tulisse
1216 2131 1424 2203 atque
1472 2124 1845 2202 mystarum
1871 2120 2015 2189 con-

148 2275 151 2277 ,
225 2225 497 2294 cionem,
542 2229 613 2279 ut
641 2222 720 2278 in
764 2220 1144 2291 solemnibus
1178 2222 1401 2310 populi
1432 2209 1854 2314 conventibus
1874 2235 2013 2329 mos

224 2333 387 2414 erat,
431 2319 739 2379 lustrandi
781 2339 966 2380 causa
1008 2311 1444 2382 circumivisse.

374 2419 752 2489 Veniamus
776 2416 877 2481 ad
904 2422 1188 2499 quintum
1233 2410 1436 2484 actum
1476 2423 1726 2491 fabulae
1751 2396 2002 2486 Sanctu-

224 2522 451 2582 cianae
538 2515 829 2599 Feminas
886 2519 962 2578 ab
1006 2520 1529 2608 Hierophantide
1542 2525 1834 2603 lustratas
1880 2543 2014 2598 esse

221 2612 557 2701 memorat,
624 2620 691 2677 in
733 2621 1074 2679 vanitatem
1112 2639 1266 2679 usus
1310 2621 1588 2682 Helladii
1632 2626 2010 2713 testimonio,

221 2723 291 2781 ιιι
333 2738 453 2800 quo
498 2738 695 2798 neque
717 2718 1230 2799 Hierophantidis
1277 2712 1526 2782 mentio
1549 2743 1747 2803 neque
1790 2719 2012 2784 lustra-

223 2823 315 2880 tio
359 2819 775 2892 sacerdotaliS‚
817 2837 1015 2900 neque
1044 2820 1382 2901 quidquam
1408 2823 1581 2883 aliud
1618 2826 1799 2898 inest3
1845 2807 2012 2905 qued

225 2921 307 2981 ad
348 2922 646 2998 mysteria
688 2920 903 2981 referri
930 2918 1148 3001 *possit
1158 2943 1172 2996 3
1240 2922 1317 2982 de
1363 2914 1828 3002 Thargeliorum
1884 2927 2011 3005 pri-

224 3039 327 3081 sco
372 3023 496 3079 ritu
541 3022 769 3098 agitur,
835 3030 906 3080 ut
961 3031 1022 3080 et
1079 3021 1376 3084 silvester
1434 3024 1597 3086 vidit
1632 3033 1715 3105 *et
1770 3024 2011 3087 videbit

224 3122 639 3200 unusquisque
684 3107 788 3201 qui
832 3122 1060 3199 legerit.
1149 3123 1268 3183 Par
1311 3128 1748 3206 geminumque
1787 3108 2007 3208 priori-

344 3291 406 3347 [e]
446 3291 670 3339 Τυθένιος
700 3295 819 3335 recte
849 3291 1047 3349 Scaliger
1076 3292 1130 3335 de
1158 3292 1368 3339 Emendd.
1400 3258 1552 3351 Temp.
1583 3296 1633 3337 L.
1662 3296 1740 3338 IV.
1769 3311 1813 3353 p.
1833 3270 1932 3337 217.
1962 3304 2006 3338 et

230 3350 309 3391 hoc
340 3346 526 3392 voluisse
555 3348 729 3393 videtur
752 3308 1034 3394 Casaubongus
1057 3352 1111 3395 ad
1137 3352 1358 3412 Theophr.
1383 3354 1501 3397 XVI.
1530 3369 1571 3411 p.
1599 3354 1695 3397 186.
1718 3348 1785 3398 ed.
1809 3354 2002 3397 Fischer.

2152 570 2158 618 ι’

2157 629 2158 648 1
