2158 3848
803 213 1253 259 oRPHICA.
1792 199 1915 260 509

143 347 363 426 quibus
400 362 538 403 non·
566 349 925 426 repugnant,
971 358 1128 421 quae
1163 359 1349 420 supra
1376 340 1453 399 de
1479 339 1665 401 Coelo
1692 355 1754 403 et
1779 346 1915 406 Tel-

139 447 304 518 lure,
367 455 656 523 tanquam
693 441 931 523 :primis
983 442 1250 519 conjugii
1295 441 1687 515 .auctoribuS‚
1753 445 1915 506 dieta

141 554 299 605 sunt.
341 543 706 604 Aristoteles
738 541 887 602 Met.
924 542 972 600 Ι.
1011 541 1069 601 3.
1108 540 1253 602 456.
1292 538 1360 601 C.
1397 561 1459 623 p.
1493 540 1588 600 10.
1625 543 1913 603 Brund.

140 645 259 707 εἰσί
287 650 450 713 τινες
485 646 548 707 οἳ
573 642 850 714 καὶτοὺς
878 641 1313 723 παμπαλαίους
1336 642 1442 705 καὶ
1464 638 1747 725 πρώτους
1768 647 1915 705 θεο-

141 743 523 829 λογήσαντας
568 744 768 814 οὕτως
806 748 1058 807 οἰόνται
1091 743 1230 826 περὶ
1265 750 1372 822 τῆς
1407 741 1651 826 φύσεως
1686 743 1913 806 ὑπολα·

138 847 294 923 βεῖν.
333 841 638 907 Ὠκεανόν
671 868 737 906 τε
772 843 896 929 γὰρ
918 843 1023 919 καὶ
1059 843 1281 922 Τηθὺν
1301 842 1594 922 ἐποίησαν
1617 850 1724 921 τῆς
1750 845 1915 926 γενέ-

140 966 292 1013 σεως
345 945 648 1026 πατέρας,
689 944 795 1006 καὶ
833 943 948 1007 τὸν
984 944 1173 1023 ὅρκον
1211 943 1325 1005 τὸν
1359 947 1532 1005 θεῶν
1574 943 1765 1023 ὕδωρ.
1811 942 1918 1001 ubi

141 1043 500 1124 Orpheum,
546 1043 797 1103 Linum·
823 1049 888 1101 et
920 1042 1242 1101 Musaeum
1272 1042 1603 1119 significari
1637 1042 1716 1101 D.
1757 1041 1917 1101 Tho-

137 1162 272 1204 mas
298 1141 560 1203 credidit
579 1138 653 1221 [b]
690 1150 752 1200 et
771 1151 992 1221 postea
1017 1151 1365 1200 sumserunt
1390 1141 1570 1201 multi
1592 1143 1918 1222 praecipue

139 1243 455 1322 Orpheum
500 1240 893 1301 destinantes.
936 1240 1288 1302 Alexander
1329 1260 1511 1314 vero,
1555 1251 1625 1301 ut
1667 1261 1767 1302 me
1811 1241 1918 1302 do-

136 1344 263 1401 cuit
304 1339 695 1430 Brandisius,
749 1341 816 1400 in
871 1338 1109 1401 Comm.
1164 1341 1296 1402 MS.
1353 1341 1435 1402 ad
1487 1342 1646 1402 hunc
1690 1343 1916 1402 locum:

138 1444 299 1527 λέγοι
339 1442 402 1504 ’δ’
449 1441 533 1505 ἂν
575 1441 716 1526 περὶ
747 1439 1023 1524 Ὁμήρου
1066 1468 1131 1505 τε
1164 1443 1269 1505 καὶ
1304 1441 1596 1506 Ἡσιόδου
1633 1444 1716 1512 ὥς
1751 1440 1915 1524 πριό-

135 1566 266 1604 των
307 1540 683 1627 θεολόγων·
708 1559 863 1620 quos
907 1543 962 1601 si
1004 1544 1071 1600 in
1115 1545 1322 1602 animo
1366 1542 1581 1602 habuit
1621 1533 1919 1604 Aristote-

139 1643 247 1713 les,
289 1642 511 1702 merito
556 1659 664 1702 eos
699 1661 738 1702 a
770 1641 1045 1703 Thaletis
1079 1645 1384 1703 sententia
1416 1645 1685 1721 sejunxit
1698 1645 1770 1725 [⁰]
1816 1664 1919 1724 pe-

138 1744 423 1822 nitusque
464 1749 628 1801 errat
671 1741 1157 1816 Tiedemannus‚
1202 1762 1392 1824 quum
1438 1743 1739 1824 Orphicos
1783 1764 1921 1804 ver-

138 1860 262 1915 sm,
304 1843 412 1922 qui
452 1849 767 1921 prostant,
811 1855 885 1901 eo
930 1844 1242 1923 applicare
1296 1843 1519 1928 studet.
1606 1842 1734 1903 Sed
1774 1845 1921 1903 haec

138 1943 376 2001 omitte.
420 1940 731 2001 Proculus*
755 1942 796 2001 l.
825 1962 907 2002 c.
934 1962 995 2022 p.
1029 1940 1172 2003 295.
1218 1944 1251 2006 ὅ
1295 1942 1589 2030 Θεολόγος
1624 1945 1778 2026 φησὶ
1808 1945 1919 2006 τὸν

141 2042 257 2123 μὲν
307 2039 574 2125 Κρόνον
627 2041 1134 2124 καταλαμβάνειν
1188 2045 1304 2108 τὸν
1355 2043 1657 2127 οὐράνιον
1684 2045 1918 2125 ’Όλυμψ

140 2167 281 2215 πον,
335 2143 513 2205 κάκεῖ
561 2144 992 2226 θρονισθέντα
1042 2144 1394 2224 βασιλεύειν
1448 2154 1577 2208 τῶν
1637 2142 1919 2207 Τιτάνων

141 2277 224 2287 -
266 2242 394 2303 ’τὸν
448 2240 519 2303 δὲ
557 2242 859 2307 Ὠκεανὸν
913 2242 1113 2307 ναίειν
1166 2247 1234 2308 ἐν
1287 2252 1416 2315 τοῖς
1466 2244 1918 2313 Θεσπεσίοις

142 2340 523 2424 ῥείθροις·
591 2350 725 2402 tum
792 2341 970 2403 addit
1036 2342 1113 2403 de
1183 2343 1401 2405 Terra:
1457 2347 1611 2424 αὕτη
1666 2343 1938 2431 προάγει,

142 2439 392 2504 πόντων
446 2439 648 2523 (scrib.
692 2440 1001 2526 Πόντῳ)
1045 2444 1406 2527 φιλότητι
1447 2450 1769 2530 μιγεῖσα
1811 2471 1917 2524 μεν

141 2542 222 2604 τὰ
262 2541 512 2623 Νηρέως
568 2541 676 2605 καὶ
722 2542 1091 2625 Θαύμαντα·
1150 2547 1225 2610 οὗ
1283 2544 1407 2632 γάρ
1452 2549 1620 2610 ἐστιν
1664 2547 1696 2609 ὃ
1744 2544 1918 2628 (ῑῖὶόρἢ

141 2666 253 2711 κυς
301 2641 653 2725 Οὐρανίδης
696 2644 859 2731 ἀλλὰ
895 2645 928 2708 ὃ
965 2643 1218 2730 Φόρκυς
1261 2647 1398 2728 (scr.
1445 2647 1599 2710 ἀλλὰ
1635 2644 1918 2725 Πόντου)

143 2741 227 2812 ὥς
279 2740 472 2822 δῆλον
527 2745 594 2806 ἐκ
647 2750 755 2824 τῆς
803 2746 1132 2832 Θεογονίας
1147 2745 1245 2830 [⁶].
1316 2745 1561 2808 Deinde
1606 2758 1920 2807 enumerat

147 2845 396 2910 Titanes
439 2852 503 2908 et
546 2841 882 2920 Titanides,
927 2864 1081 2927 quos
1124 2855 1286 2922 ante,
1329 2848 1435 2911 καὶ
1475 2848 1623 2917 τοὺς
1667 2848 1799 2928 ἅμα
1831 2856 1920 2929 τῷ

148 2945 430 3030 Φόρκυνι
482 2943 926 3028 προελθόντας,
969 2949 1082 3012 τὸν
1126 2950 1351 3031 Νηρέα,
1394 2949 1507 3011 τὸν
1555 2945 1919 3038 Θαύμαντα,

263 3127 306 3185 [¹³
362 3145 405 3177 v.
432 3130 631 3175 Fouseca
659 3128 716 3172 ad
743 3129 786 3172 h.
814 3130 844 3173 l.
872 3145 916 3189 p.
946 3131 1044 3176 215.

264 3188 306 3245 [θ
374 3188 465 3232 Cur
507 3187 866 3233 Bouterweckius
917 3189 985 3234 De
1028 3191 1151 3249 prim.
1206 3189 1359 3248 philos.
1400 3190 1558 3234 decret.
1598 3191 1642 3234 in
1683 3188 1915 3234 comment.

147 3246 299 3289 Goett.
342 3251 502 3291 recent.
541 3247 601 3291 T.
639 3246 699 3290 11.
729 3261 772 3304 p.
802 3245 843 3290 6.
882 3249 1155 3294 Aristotelem
1184 3249 1229 3292 in
1258 3249 1340 3292 hac
1369 3261 1499 3292 causa
1527 3263 1678 3307 parum
1708 3249 1914 3292 curiosum

146 3303 283 3348 fuine
313 3303 456 3358 dieat,
484 3318 568 3349 uon
593 3305 735 3350 video.

270 3360 347 3420 [ἆ]
378 3363 555 3408 lie-iod.
582 3363 754 3421 Theog.
782 3360 878 3407 233.
