2158 3848
252 189 380 249 444
780 199 1019 243 Llnssn
1060 199 1488 243 SECUNDUS.

251 331 625 392 Undecimus
670 331 1050 411 expromitur
1089 331 1157 389 in
1201 327 1424 389 Strom.
1471 327 1542 388 V.
1592 329 1685 390 14.
1730 326 1878 390 7251

392 443 569 507 Λῦτός
601 444 645 496 ὁο
680 444 733 506 ἐξ
764 442 983 514 ἀγαθοῖο
1020 440 1176 494 κακὸν
1207 446 1445 510 θνητοῖσι
1479 441 1679 513 φυτεύει

393 531 476 582 καὶ
509 526 729 595 πόλεμον
764 524 1009 596 κρυόεντα
1043 527 1126 577 καὶ
1161 523 1314 595 ἄλγεα
1347 525 1676 597 δακρυόεντα.

253 632 497 692 Tertius
543 628 814 687 decimus
857 625 1091 696 ibidem
1135 645 1195 706 p.
1238 627 1382 686 727.

398 741 535 795 Οὗὸέ
561 761 638 801 τις
670 738 780 794 ἴσθ’
817 739 986 808 ἕτερος
1011 738 1172 808 χωρὶς
1200 735 1423 807 μεγάλου
1452 745 1700 809 βασιλῆ-ος

254 843 443 922 Cujus
498 840 672 902 modi
725 840 1065 900 sententiae
1120 838 1356 898 multae
1423 859 1548 900 non
1603 842 1805 901 solum
1861 838 2031 920 apud

251 942 522 1004 Judaeos
567 937 1056 1002 etChristianos
1099 938 1380 1016 leguntur
1422 939 1534 1000 sed
1573 941 1762 1026 etiem
1807 942 2031 1002 extrin-

252 1062 426 1105 secus
471 1043 723 1101 affluunt
740 1042 839 1122 [*].
897 1040 1252 1120 Sequentes‘
1276 1059 1493 1101 versus
1538 1040 1786 1100 exhibet
1825 1041 1894 1098 in
1916 1036 2033 1098 Co-

250 1145 409 1204 hort.
455 1143 494 1205 1.
540 1163 587 1202 c.
633 1151 694 1201 et
738 1142 963 1201 Strom.
1008 1139 1081 1199 V.
1132 1140 1226 1201 12.
1272 1140 1416 1202 693.
1495 1141 1760 1224 Ὀρφεὺς
1804 1141 1836 1204 ὃ
1881 1143 2033 1202 θεο-

252 1243 450 1329 λόγος,
496 1246 791 1308 ἐντεῦθεν
836 1242 1245 1324 ὠφελημένος,
1291 1240 1482 1304 εἰπών

289 1360 355 1411 15
392 1352 485 1417 Εἷς
516 1353 615 1407 ἴστ’
653 1353 926 1421 αὐτοτελὴς
936 1392 954 1419 ,
990 1351 1102 1414 ἑνὸς
1132 1351 1311 1422 ἔκγονα
1343 1350 1514 1407 πάντα
1545 1353 1794 1418 τέτυκται,

250 1458 289 1537 ἢ
333 1459 711 1540 πέφυκεν,
756 1453 1066 1540 γράφεται
1107 1456 1230 1540 γὰρ
1275 1455 1380 1516 καὶ
1424 1456 1654 1528 οὕτως,
1701 1455 1966 1537 ἐπιφέρει

1190 1565 1328 1620 Οὖὸέ
1356 1587 1434 1628 τις
1470 1564 1627 1618 αὗτὸν

392 1651 595 1727 εἲςοράα
627 1658 863 1722 θνητῶν,
901 1650 1059 1713 αὐτὸς
1091 1652 1151 1704 δέ
1178 1673 1230 1722 γε
1265 1650 1463 1713 πάντας
1495 1648 1694 1722 ὁρᾶται.

254 1760 633 1842 σαφέστερον
677 1755 746 1819 δὲ
791 1756 1044 1840 ἐπιλέγει

390 1865 569 1923 Αὐτὸν
603 1868 644 1922 δ’
684 1866 775 1935 οὐχ
808 1864 971 1938 ὁρόω,
1008 1860 1119 1937 περὶ
1152 1866 1248 1937 γὰρ
1281 1866 1436 1938 νέφος
1468 1863 1772 1938 ἐστήρικται.

392 1959 548 2007 πᾶσιν
580 1954 677 2025 γὰρ
709 1959 926 2021 θνητοῖς
957 1954 1149 2021 θνηταὶ
1181 1950 1330 2022 κόραι
1362 1953 1487 2004 εἰσὶν
1520 1954 1572 2004 ἐν
1605 1950 1781 2012 ὄσσοις

286 2047 357 2097 20
390 2041 566 2110 μικραὶ
578 2081 594 2105 ,
633 2040 736 2092 ἐπεὶ
771 2036 954 2109 σάρκες
986 2059 1039 2091 τε
1072 2039 1156 2090 καὶ
1191 2037 1346 2090 ὀστέα
1380 2034 1685 2108 ἐμπεφύασι.

252 2145 357 2223 qui
399 2160 617 2203 versus
662 2140 744 2200 ad
786 2159 980 2199 unum
1026 2158 1239 2199 omnes
1262 2137 1492 2199 Justini
1526 2139 1868 2217 fragmento
1895 2158 2037 2199 con·
2114 2145 2118 2148 ’

252 2245 522 2302 tinentur
567 2241 785 2300 ordine
829 2239 1048 2299 eodem
1093 2238 1204 2298 sed
1259 2242 1513 2299 mutatis
1558 2241 1657 2299 hic
1714 2240 1840 2300 illic
1866 2255 1869 2262 ’
1897 2259 2034 2302 ver-

253 2343 347 2402 bis
392 2343 864 2421 sententiisque,
930 2350 1000 2400 ut
1054 2341 1188 2399 fieri
1244 2340 1404 2400 solet
1458 2343 1525 2400 in
1561 2340 1834 2402 diversis
1878 2341 2038 2419 ejus-

253 2442 394 2502 dem
449 2442 592 2502 libri
642 2441 1119 2500 receusiouibus,
1222 2440 1348 2500 Sed
1410 2442 1745 2520 interjectis
1801 2441 2040 2522 aliquot
2090 2434 2129 2438 ”

251 2532 492 2625 paginis
520 2539 803 2600 Clemens
837 2560 876 2600 a
913 2539 950 2599 J
955 2543 1157 2600 ustino
1198 2539 1468 2600 deflectit
1497 2542 1810 2622 allatoque
1833 2541 2036 2602 Theo-

370 2698 427 2756 ['']
466 2696 675 2753 Didymus
705 2697 760 2739 de
790 2696 916 2739 Trin.
946 2697 1028 2739 III.
1057 2697 1099 2738 2.
1128 2695 1230 2740 322.
1262 2697 1306 2741 οἱ
1323 2693 1549 2778 Ἕλλὶεηνες

426 2762 508 2816 Εἷς
535 2765 645 2816 θεὸς
672 2768 795 2812 ἔστιν
826 2761 939 2816 ἅναξ
966 2769 1331 2839 πανυπέρτατος,
1362 2762 1497 2813 αὐτὸς
1525 2761 1740 2811 ἁπάντων

428 2828 505 2870 καὶ
533 2830 712 2884 γενέτης
740 2821 1019 2884 πάμπρωτος
1045 2825 1136 2883 ἔφυ
1166 2827 1245 2868 καὶ
1271 2827 1371 2884 ῥίζα
1401 2824 1479 2867 καὶ
1507 2820 1636 2883 ἀρχή.

255 2904 298 2940 et
328 2892 456 2954 paulo
486 2901 586 2952 post
613 2910 656 2951 p.
686 2894 787 2937 323.

427 2962 579 3013 Αὐτὸς
607 2960 757 3008 πάντα
787 2965 919 3021 φέρει
946 2961 1055 3011 θεὸς
1085 2958 1333 3022 ἄμβροτος,
1366 2962 1500 3013 αὐτὸς
1527 2963 1688 3007 ἑαυτοῦ

430 3025 506 3066 καὶ
535 3027 716 3080 γενέτης
744 3024 820 3065 καὶ
851 3023 948 3080 ῥίζα
977 3022 1104 3066 πέλει
1134 3025 1212 3065 καὶ
1241 3026 1382 3079 τέομα
1412 3025 1490 3066 καὶ
1519 3017 1625 3070 υιός.

257 3100 297 3134 et
330 3108 367 3134 c.
401 3093 471 3134 21.
501 3089 600 3133 402.
630 3093 742 3135 idem
771 3096 976 3134 vocatur:

425 3159 558 3220 Ἀρχὴ
589 3158 710 3232 πηγή
740 3175 787 3204 τε
818 3163 926 3215 ζωῆς
955 3162 1031 3203 καὶ
1061 3157 1306 3233 ὑπείροχον
1335 3151 1472 3233 εὖχος

430 3222 506 3262 καὶ
536 3217 697 3276 κράτος
725 3220 804 3274 ’ἠδὲ
833 3223 906 3274 βίη
936 3221 1012 3262 καὶ
1042 3214 1195 3274 ἰσχύος
1222 3217 1429 3292 ἄφθιτος
1446 3217 1558 3274 ἄλκη

430 3281 506 3321 καὶ
538 3277 728 3337 δίνιιιιις
758 3276 948 3337 κρατερὴ
980 3279 1056 3320 καὶ
1085 3276 1376 3336 ἆμφιέλικτος
1405 3275 1578 3338 ἀιάγκη

256 3362 367 3403 quae
398 3347 453 3390 ab
486 3348 689 3404 Ouphicis
717 3348 792 3391 vix
821 3346 1054 3392 intennosci
1085 3353 1274 3404 possunt.
