2158 3848
820 197 1276 266 onpnch.
1816 209 1940 270 235

161 358 521 441 ἀνθρώποις
581 357 784 440 εὑρών
840 351 1183 440 γράμματα
1254 351 1366 415 καὶ
1424 351 1652 433 σοφίην
1713 354 1942 431 [Anall.

162 460 230 519 T.
274 458 379 518 III.
424 455 599 536 253]
645 473 766 535 quo
810 453 949 512 loco
994 454 1270 533 sequitur
1298 449 1403 510 vde
1445 450 1687 511 Musaei
1730 454 1944 516 inven-

160 562 237 618 tis
296 558 567 616 narratio
628 555 1063 615 obscurissima
1119 563 1182 613 et
1237 552 1551 633 prioribus
1608 557 1944 614 contraria:

155 657 496 741 Ἀριθμοὺς
516 662 850 726 Movoazog
894 656 928 718 ὁ
974 664 1106 719 τῶν
1143 654 1566 737 Εὐμολπιδῶν
1593 655 1945 734 Ἀθηναῖος,

158 759 242 829 ὥς
284 756 390 820 καὶ
429 756 508 819 τὰ
550 753 867 838 ποιήματα
912 758 1124 829 αὐτοῦΧ
1153 755 1335 835 δηλοῖ

284 869 519 939 ”Ορθιον
555 867 796 941 ἓξαμερές
831 866 1054 940 τετόρων
1090 871 1175 921 καὶ
1213 867 1369 921 εἴκοσι
1404 867 1621 937 μέτρων.

370 951 440 1017 ὡς
475 953 693 1024 δεκάτην
728 954 900 1024 γενεὴν
936 953 1118 1007 ἑκατὸν
1152 958 1300 1021 βιοῦν
1337 951 1519 1023 ἄνδρες
1561 980 1620 991 --

162 1075 317 1136 quae
360 1075 557 1136 neque
601 1056 958 1118 Passowius
1003 1057 1207 1134 attigit
1248 1055 1315 1113 in
1360 1053 1543 1113 docto
1590 1052 1668 1112 de
1708 1051 1953 1115 Musaei

158 1156 531 1221 carminibus
604 1158 1046 1217 commentario
1066 1198 1083 1229 ‚
1184 1173 1385 1235 neque
1468 1171 1581 1232 ego
1659 1154 1953 1237 expedire

156 1271 433 1336 possum.

325 1356 433 1416 III.
520 1358 678 1417 Item
733 1358 994 1437 Magiae.
1081 1355 1385 1437 Apulejus
1452 1354 1636 1437 Apol.
1690 1357 1737 1415 I.
1806 1357 1951 1417 326.

158 1455 357 1538 (449.)
415 1455 563 1531 Qui
604 1457 1194 1539 providentiam
1247 1454 1515 1517 mundi
1559 1458 1953 1517 curiosius

162 1541 573 1635 vestigant
629 1570 706 1620 et
770 1560 1212 1641 impensius
1268 1556 1458 1618 deos
1517 1549 1954 1632 celebrant,

160 1658 567 1736 eosvulgo
611 1659 875 1740 Magos
919 1661 1366 1733 nominant,
1424 1667 1510 1718 ut
1554 1658 1742 1719 olim
1786 1659 1954 1718 fue-

159 1777 238 1816 re
283 1758 798 1836 Epimenides
831 1769 919 1820 ·et
963 1760 1317 1840 Orpheus
1363 1768 1437 1818 et
1464 1759 1952 1838 Pythagoras

160 1869 238 1918 et
281 1858 634 1919 Ostanes,
721 1860 1095 1940 Apollonius
1149 1860 1312 1940 Epp.
1367 1858 1533 1919 XVI.
1593 1860 1738 1919 390.
1797 1858 1953 1923 Μά-

160 1986 312 2044 γους
357 1965 468 2023 οἴει
511 1961 646 2025 δεῖν
676 1959 1022 2043 “ὄνομοίζειν
1064 1960 1213 2030 τοὺς
1259 1960 1380 2022 ἀπὸ
1409 1959 1812 2047 Πυθαγόρου
1849 1987 1953 2044 φι-

164 2058 474 2145 λοσόφους
535 2061 643 2124 καὶ
699 2061 847 2131 τοὺς
909 2061 1031 2124 ἀπὸ
1088 2062 1381 2144 Ὀρφέως.
1473 2061 1808 2122 Pausanias
1853 2061 1955 2122 VI.

160 2161 262 2220 20.
322 2159 619 2242 Aegyptii
677 2160 996 2240 cujusdam
1041 2161 1312 2221 hominis
1350 2163 1708 2243 opinionem
1753 2164 1956 2223 affert:
1999 2222 2002 2225 ,

165 2261 323 2323 εἶναι
366 2261 484 2344 μὲν
519 2261 858 2344 Ἀμφίονα,
924 2262 1083 2325 εἶναι
1129 2261 1198 2324 δὲ
1251 2263 1357 2324 καὶ
1398 2264 1513 2327 τὸν
1562 2270 1775 2347 Θρᾷκα
1811 2266 1957 2348 Ὀρ-

165 2362 286 2443 φέα
339 2368 650 2448 μαγεῦσαι
703 2362 914 2427 δεινὸν
967 2363 1074 2426 καὶ
1129 2363 1340 2434 αὐτοῖς
1397 2363 1699 2446 ἐπᾴδουσι
1758 2365 1958 2450 θηρία

161 2486 229 2524 τε
273 2463 679 2545 ἀφικνεῖσθαι
720 2470 813 2547 τῷ
849 2465 1072 2588 Ὀρφεῖ
1109 2463 1215 2526 καὶ
1250 2463 1537 2546 Αμφίονι
1583 2469 1642 2536 ἐς
1685 2465 1798 2538 τὰς
1839 2474 1955 2531 τοῦ

164 2561 403 2642 τείχους
462 2562 859 2669 οἲξιοὸοιιίᾳς..
877 2564 991 2651 τᾲς
1043 2564 1295 2652 πέτρας.
1411 2563 1554 2625 Non
1624 2567 1819 2642 feras,
1883 2577 1957 2628 ut

170 2661 350 2739 vulgo
395 2639 647 2738 dicitur,
676 2643 814 2724 sed
865 2643 1148 2726 homines
1192 2665 1357 2726 feros
1413 2675 1475 2725 et
1518 2668 1832 2731 silvestres
1877 2667 1958 2729 ad
2041 2697 2044 2700 “

166 2763 598 2825 mansuetioris
657 2766 826 2826 vitae
887 2767 1120 2827 cultum
1183 2766 1262 2827 ab
1325 2765 1576 2849 Orpheo
1638 2768 1957 2830 traductos

169 2880 302 2922 esse
343 2863 654 2925 Rhetorici
695 2867 1196 2949 interpretantur,
1240 2867 1389 2942 Dio,
1432 2868 1778 2942 Maximus,
1821 2869 1956 2930 He-

171 2962 461 3038 raclideS,
540 2963 992 3042 Quintilianus»,
1068 2968 1422 3029 Macrobius
1489 2989 1550 3031 v.
1607 2969 1953 3032 Markland.

176 3058 258 3119 ad
299 3061 468 3124 Max.
513 3064 660 3143 Tyr.
690 3065 1008 3130 XXXVII.
1053 3070 1114 3131 6.
1158 3069 1301 3130 210.
1348 3079 1410 3128 et
1451 3069 1701 3132 Horatii
1745 3073 1951 3132 imita-

177 3168 277 3219 tor
319 3162 628 3227 Palladius
683 3168 749 3227 in
790 3168 1103 3251 Allegoria
1148 3171 1380 3251 Orphei
1437 3190 1495 3232 v.
1546 3170 1641 3234 10.
1711 3179 1746 3235 J
1757 3174 1954 3234 usti-

176 3263 363 3322 tiam
433 3263 699 3327 docuit
767 3283 1146 3354 coetuque
1225 3276 1729 3353 congregavit
1805 3293 1952 3334 uno

177 3361 581 3445 Moresque
671 3381 1017 3448 agrestes
1098 3374 1510 3455 ,expolivit
1582 3374 1950 3457 Orpheus.
