2158 3848
884 214 1334 263 ORPHIOA.
1848 204 1967 266 781

202 353 466 414 nolimus
486 395 502 425 ,
550 347 878 410 concedere
921 356 1166 426 oportet
1210 366 1344 406 esse
1386 346 1542 406 illud
1586 351 1975 434 ἐπιφθεγμα«

199 451 404 524 τικόν,
450 450 615 531 quod
657 450 862 508 Latini
903 446 1125 517 iisdem
1168 446 1362 505 literis
1406 446 1694 505 scribunt.
1782 449 1975 528 Atqui

199 551 266 609 id
323 570 508 628 genus
566 548 1023 613 vocabulorum,
1066 547 1365 604 sermonis
1420 545 1649 626 plebeji
1694 556 1754 604 et
1794 548 1976 607 fami-

199 651 371 710 liaris
416 649 738 726 angustiis
807 646 1158 706 conclusum
1217 655 1338 718 est,
1408 664 1595 718 evax,
1665 655 1769 704 tax
1821 665 1976 725 pax,

198 750 354 821 κνάξ
367 745 460 830 [¹]‚
495 747 724 822 πύπαξ,
753 745 986 820 πᾶπαξ,
1020 743 1276 829 βομβάξ
1297 746 1394 826 [g],
1430 743 1728 818 παπαιάξ,
1766 751 1979 817 ἰαττα-

198 848 392 921 ταιάξ.
462 848 513 908 Ο
560 849 725 908 male
768 847 1027 906 factum!
1070 844 1230 906 Nam
1275 847 1330 904 si
1371 845 1489 904 hoc
1529 847 1621 905 ita
1663 864 1730 905 se
1772 845 1979 917 habet,

198 949 346 1028 quid
431 947 510 1008 ab
579 945 1042 1026 Hierophantae
1113 964 1380 1025 persona
1443 948 1638 1024 magis
1706 946 1979 1020 alienum

198 1068 331 1109 esse
373 1058 610 1129 potest,
655 1066 840 1129 quam
883 1047 1000 1105 hoc
1042 1045 1344 1105 ludicrum
1380 1046 1756 1107 vocabulum
1791 1045 1990 1130 Pax?⁴

200 1147 364 1229 quod
408 1149 534 1208 nofl
577 1151 816 1209 minore
860 1145 1241 1205 audientium
1285 1147 1410 1203 risu
1460 1156 1781 1225 exceptum
1832 1135 1985 1205 fuis-¹

198 1257 324 1320 set,
383 1267 570 1327 quam
628 1249 683 1306 si
727 1244 914 1304 hodie
958 1245 1177 1323 aliquis
1222 1262 1430 1303 sacrae
1475 1245 1800 1305 cathedrae
1845 1264 1979 1305 ora-

195 1357 294 1406 tor
335 1366 450 1426 pro
496 1364 571 1405 eo
614 1344 781 1426 quod
821 1346 887 1403 in
929 1345 1049 1402 fine
1094 1345 1402 1403 concionis
1445 1347 1838 1424 pronunciari
1882 1365 1980 1421 so-

195 1448 282 1506 let
335 1445 604 1519 Amen,
663 1445 894 1504 diceret
936 1444 1202 1502 Basta!
1265 1443 1425 1502 Sunt
1468 1444 1730 1521 aliarum
1774 1465 1986 1522 rerum¹

196 1547 373 1605 aliae
398 1546 738 1618 clausulae,
782 1564 894 1603 nec
938 1562 1150 1603 omnes
1198 1543 1482 1602 omnibus
1526 1553 1723 1624 aptae.
1798 1545 1987 1622 Vete-¹

194 1666 292 1705 res
350 1665 672 1706 causarum
729 1645 977 1725 patroni
1022 1663 1208 1723 quum
1253 1653 1608 1723 peroratum
1657 1655 1843 1720 esset,
1889 1646 1981 1706 di-

198 1746 413 1806 cebant
470 1752 714 1830 εἴρηκα,
774 1745 963 1818 dixi3
1021 1755 1299 1824 praetor,
1362 1763 1549 1824 quum
1605 1747 1979 1823 agendarum

195 1866 401 1906 rerum
454 1848 636 1906 finem
690 1848 823 1905 fieri
878 1844 1096 1916 vellet,
1162 1863 1529 1924 praeconem
1572 1847 1795 1907 ilicet
1837 1867 1981 1928 pro-

198 1949 487 2006 nunciare
523 1946 812 2025 jubebat3
857 1963 1170 2004 sacrorum
1218 1943 1462 2004 diaconi
1506 1946 1571 2003 in
1617 1955 1787 2010 λαῶν
1824 1950 1981 2030 ἀφέ-

202 2068 322 2119 σει,
377 2048 518 2118 ite,
575 2050 810 2107 missa
855 2053 1000 2118 est,
1045 2045 1539 2124 proclamabant3
1598 2047 1754 2106 Pax
1795 2066 1979 2107 nemo

197 2147 475 2205 omnium
534 2149 654 2206 nisi
715 2148 824 2206 tali
868 2147 1002 2205 loco
1050 2156 1111 2203 et
1156 2154 1476 2223 tempore„
1512 2166 1632 2226 quo
1678 2146 1981 2228 hodieque

198 2246 440 2306 Basta
483 2245 685 2306 dicere
729 2250 1070 2307 conveniat.

369 2344 534 2418 Quid
589 2348 775 2424 igitur
829 2347 970 2407 fiet?
1029 2345 1495 2407 concedimusne
1540 2346 1629 2425 >de
1659 2350 1993 2427 'mysteriis'

198 2448 331 2508 sive
398 2446 730 2506 Eleusiniis
812 2448 946 2508 sive
1011 2448 1148 2508 aliis
1214 2446 1591 2523 Hesychium
1637 2448 1981 2527 ‘loquutum

196 2566 321 2606 non
367 2547 538 2606 essse'.l
581 2546 885 2609 vocabula
930 2547 1006 2606 ab
1052 2567 1124 2607 eo
1173 2549 1454 2627 exposita
1500 2544 1673 2606 Conx
1718 2557 1779 2606 et
1832 2548 1979 2621 Pax,

196 2648 587 2722 samscriticis
654 2647 779 2707 illis
837 2649 1062 2708 similia
1106 2666 1231 2706 non
1278 2648 1451 2706 esse'.l
1524 2646 1844 2725 Wilfordii
1888 2650 1980 2706 in-

197 2749 697 2827 terpretationem
766 2768 842 2807 ex
908 2756 1041 2806 tota
1108 2748 1340 2821 fictam,
1421 2766 1680 2822 vanam,
1760 2748 1981 2808 falsam

201 2847 374 2907 esses.l
420 2846 559 2906 Non
601 2849 913 2921 faciemuS,
962 2849 1199 2928 opinor,
1246 2847 1355 2910 sed
1382 2856 1661 2908 nostrum
1695 2849 1894 2911 Mum
1909 2869 1980 2930 p-

199 2949 442 3007 simus
489 2958 834 3008 constanter
876 2947 1294 3020 retinebimus,
1339 2966 1535 3027 neque
1569 2949 1755 3009 ullius
1782 2970 1977 3028 gram-

199 3050 458 3108 maticae
491 3049 750 3108 rationis
789 3049 1152 3108 auctoritate
1185 3067 1297 3107 nos
1326 3046 1615 3128 impediri
1651 3051 1977 3130 patiemur,

311 3226 378 3331 t[f]
412 3230 599 3283 Ammon.
630 3232 673 3274 in
704 3232 882 3275 Aristot.
915 3234 1021 3291 περὶ
1047 3230 1226 3290 Ἑρμην.
1258 3247 1299 3289 p.
1334 3232 1399 3275 11.
1432 3238 1476 3277 et
1507 3231 1575 3277 23.
1608 3233 1768 3292 φωνὴν
1799 3230 1976 3291 ι’ίσημον

203 3303 309 3331 voca
332 3320 342 3329 .

320 3367 380 3424 [Ε]
415 3383 454 3410 v.
487 3368 630 3413 Schol.
665 3371 777 3414 Plat.
811 3369 978 3412 Ruhnk.
1011 3384 1053 3426 p.
1085 3369 1154 3411 98.
