<?xml version="1.0" encoding="UTF-8"?>
<!DOCTYPE html PUBLIC "-//W3C//DTD XHTML 1.0 Transitional//EN"
    "http://www.w3.org/TR/xhtml1/DTD/xhtml1-transitional.dtd">
<html xmlns="http://www.w3.org/1999/xhtml" xml:lang="en" lang="en">
 <head>
  <title>
</title>
<meta http-equiv="Content-Type" content="text/html;charset=utf-8" />
  <meta name='ocr-system' content='tesseract 3.04.00' />
  <meta name='ocr-capabilities' content='ocr_page ocr_carea ocr_par ocr_line ocrx_word'/>
</head>
<body>
  <div class='ocr_page' id='page_1' title='image "./aglaophamussived01lobeuoft_0468.png"; bbox 0 0 2158 3848; ppageno 0'>
   <div class='ocr_carea' id='block_1_1' title="bbox 213 189 1455 251">
    <p class='ocr_par' dir='ltr' id='par_1_1' title="bbox 213 189 1455 251">
     <span class='ocr_line' id='line_1_1' title="bbox 213 189 1455 251; baseline -0.01 0"><span class='ocrx_word' id='word_1_1' title='bbox 213 189 338 251; x_wconf 85' lang='lat'>452</span> <span class='ocrx_word' id='word_1_2' title='bbox 742 199 978 243; x_wconf 78' lang='lat' dir='ltr'>LIBER</span> <span class='ocrx_word' id='word_1_3' title='bbox 1021 192 1455 243; x_wconf 74' lang='lat' dir='ltr'><strong>SECUNDUS.</strong></span> 
     </span>
    </p>
   </div>
   <div class='ocr_carea' id='block_1_2' title="bbox 214 324 2001 806">
    <p class='ocr_par' dir='ltr' id='par_1_2' title="bbox 214 324 2001 806">
     <span class='ocr_line' id='line_1_2' title="bbox 217 324 2001 411; baseline -0.004 -17"><span class='ocrx_word' id='word_1_4' title='bbox 217 349 460 394; x_wconf 84' lang='lat' dir='ltr'>carmen</span> <span class='ocrx_word' id='word_1_5' title='bbox 499 333 704 411; x_wconf 83' lang='lat' dir='ltr'>ipsum</span> <span class='ocrx_word' id='word_1_6' title='bbox 749 346 865 388; x_wconf 90' lang='lat' dir='ltr'>usu</span> <span class='ocrx_word' id='word_1_7' title='bbox 922 337 984 386; x_wconf 92' lang='lat' dir='ltr'>et</span> <span class='ocrx_word' id='word_1_8' title='bbox 1026 327 1288 386; x_wconf 90' lang='lat' dir='ltr'>lectione</span> <span class='ocrx_word' id='word_1_9' title='bbox 1350 326 1657 403; x_wconf 86' lang='lat' dir='ltr'>cognitum</span> <span class='ocrx_word' id='word_1_10' title='bbox 1701 324 2001 387; x_wconf 63' lang='lat' dir='ltr'>habuisse,</span> 
     </span>
     <span class='ocr_line' id='line_1_3' title="bbox 216 424 1990 510; baseline -0.006 -17"><span class='ocrx_word' id='word_1_11' title='bbox 216 444 398 494; x_wconf 85' lang='lat' dir='ltr'>nemo</span> <span class='ocrx_word' id='word_1_12' title='bbox 431 430 823 510; x_wconf 78' lang='lat' dir='ltr'>&#39;pertinacius</span> <span class='ocrx_word' id='word_1_13' title='bbox 891 425 1247 499; x_wconf 86' lang='lat' dir='ltr'>contendet3</span> <span class='ocrx_word' id='word_1_14' title='bbox 1322 426 1470 504; x_wconf 91' lang='lat' dir='ltr'>quin</span> <span class='ocrx_word' id='word_1_15' title='bbox 1524 425 1700 484; x_wconf 87' lang='lat' dir='ltr'>Plato</span> <span class='ocrx_word' id='word_1_16' title='bbox 1757 424 1990 501; x_wconf 85' lang='lat' dir='ltr'>legerit,</span> 
     </span>
     <span class='ocr_line' id='line_1_4' title="bbox 216 524 1992 604; baseline -0.006 -11"><span class='ocrx_word' id='word_1_17' title='bbox 216 535 325 595; x_wconf 84' lang='lat' dir='ltr'>vix</span> <span class='ocrx_word' id='word_1_18' title='bbox 370 530 638 590; x_wconf 87' lang='lat' dir='ltr'>dubitari</span> <span class='ocrx_word' id='word_1_19' title='bbox 680 529 846 599; x_wconf 83' lang='lat' dir='ltr'>licet3</span> <span class='ocrx_word' id='word_1_20' title='bbox 891 526 1048 585; x_wconf 88' lang='lat' dir='ltr'>adeo</span> <span class='ocrx_word' id='word_1_21' title='bbox 1093 526 1198 583; x_wconf 89' lang='lat' dir='ltr'>ille</span> <span class='ocrx_word' id='word_1_22' title='bbox 1224 524 1456 604; x_wconf 83' lang='lat' dir='ltr'>Orphei</span> <span class='ocrx_word' id='word_1_23' title='bbox 1498 525 1830 583; x_wconf 89' lang='lat' dir='ltr'>sententias</span> <span class='ocrx_word' id='word_1_24' title='bbox 1864 525 1992 582; x_wconf 86' lang='lat' dir='ltr'>suis</span> 
     </span>
     <span class='ocr_line' id='line_1_5' title="bbox 214 624 1993 711; baseline -0.007 -19"><span class='ocrx_word' id='word_1_25' title='bbox 214 635 605 711; x_wconf 89' lang='lat' dir='ltr'>interponere</span> <span class='ocrx_word' id='word_1_26' title='bbox 647 636 831 685; x_wconf 86' lang='lat' dir='ltr'>amat.</span> <span class='ocrx_word' id='word_1_27' title='bbox 917 626 989 682; x_wconf 90' lang='lat' dir='ltr'>In</span> <span class='ocrx_word' id='word_1_28' title='bbox 1031 624 1148 681; x_wconf 92' lang='lat' dir='ltr'>hoc</span> <span class='ocrx_word' id='word_1_29' title='bbox 1191 633 1400 682; x_wconf 90' lang='lat' dir='ltr'>antem</span> <span class='ocrx_word' id='word_1_30' title='bbox 1455 633 1627 683; x_wconf 92' lang='lat' dir='ltr'>tanto</span> <span class='ocrx_word' id='word_1_31' title='bbox 1673 633 1993 682; x_wconf 91' lang='lat' dir='ltr'>auctorum</span> 
     </span>
     <span class='ocr_line' id='line_1_6' title="bbox 218 719 1993 806; baseline -0.008 -16"><span class='ocrx_word' id='word_1_32' title='bbox 218 746 513 791; x_wconf 92' lang='lat' dir='ltr'>consensu</span> <span class='ocrx_word' id='word_1_33' title='bbox 557 736 798 806; x_wconf 86' lang='lat' dir='ltr'>praeter</span> <span class='ocrx_word' id='word_1_34' title='bbox 844 725 1199 802; x_wconf 80' lang='lat' dir='ltr'>opinionem</span> <span class='ocrx_word' id='word_1_35' title='bbox 1246 723 1494 796; x_wconf 88' lang='lat' dir='ltr'>accidit,</span> <span class='ocrx_word' id='word_1_36' title='bbox 1557 720 1725 802; x_wconf 89' lang='lat' dir='ltr'>quod</span> <span class='ocrx_word' id='word_1_37' title='bbox 1770 740 1807 787; x_wconf 89' lang='lat' dir='ltr'>a</span> <span class='ocrx_word' id='word_1_38' title='bbox 1853 719 1993 778; x_wconf 85' lang='lat' dir='ltr'>Sto-</span> 
     </span>
    </p>
   </div>
   <div class='ocr_carea' id='block_1_3' title="bbox 218 816 2091 901">
    <p class='ocr_par' dir='ltr' id='par_1_3' title="bbox 218 816 2091 901">
     <span class='ocr_line' id='line_1_7' title="bbox 218 816 2091 901; baseline -0.008 -11"><span class='ocrx_word' id='word_1_39' title='bbox 218 832 371 890; x_wconf 89' lang='lat' dir='ltr'>baeo</span> <span class='ocrx_word' id='word_1_40' title='bbox 425 826 590 885; x_wconf 91' lang='lat' dir='ltr'>idem</span> <span class='ocrx_word' id='word_1_41' title='bbox 648 843 863 886; x_wconf 89' lang='lat' dir='ltr'>versus</span> <span class='ocrx_word' id='word_1_42' title='bbox 918 822 1263 901; x_wconf 84' lang='lat' dir='ltr'>paullulum</span> <span class='ocrx_word' id='word_1_43' title='bbox 1332 822 1488 880; x_wconf 88' lang='lat' dir='ltr'>flexo</span> <span class='ocrx_word' id='word_1_44' title='bbox 1554 821 1856 900; x_wconf 88' lang='lat' dir='ltr'>principio</span> <span class='ocrx_word' id='word_1_45' title='bbox 1914 816 1996 876; x_wconf 84' lang='lat' dir='ltr'>ad</span> <span class='ocrx_word' id='word_1_46' title='bbox 2090 830 2091 833; x_wconf 74' lang='grc'>’</span> 
     </span>
    </p>
   </div>
   <div class='ocr_carea' id='block_1_4' title="bbox 216 917 2004 3098">
    <p class='ocr_par' dir='ltr' id='par_1_4' title="bbox 218 917 1995 1109">
     <span class='ocr_line' id='line_1_8' title="bbox 218 917 1995 1004; baseline -0.007 -17"><span class='ocrx_word' id='word_1_47' title='bbox 218 928 607 1004; x_wconf 76' lang='lat' dir='ltr'>Pythagoran</span> <span class='ocrx_word' id='word_1_48' title='bbox 661 923 1024 983; x_wconf 83' lang='lat' dir='ltr'>transfertur</span> <span class='ocrx_word' id='word_1_49' title='bbox 1080 931 1392 981; x_wconf 79' lang='lat' dir='ltr'>auctorem</span> <span class='ocrx_word' id='word_1_50' title='bbox 1450 919 1663 979; x_wconf 88' lang='lat' dir='ltr'>Floril.</span> <span class='ocrx_word' id='word_1_51' title='bbox 1707 917 1869 977; x_wconf 89' lang='lat' dir='ltr'><strong>XLI.</strong></span> <span class='ocrx_word' id='word_1_52' title='bbox 1924 936 1995 997; x_wconf 88' lang='lat' dir='ltr'>p.</span> 
     </span>
     <span class='ocr_line' id='line_1_9' title="bbox 219 1021 822 1109; baseline -0.005 -21"><span class='ocrx_word' id='word_1_53' title='bbox 219 1028 362 1088; x_wconf 84' lang='lat'><strong>238.</strong></span> <span class='ocrx_word' id='word_1_54' title='bbox 425 1021 822 1109; x_wconf 75' lang='grc' dir='ltr'><em>Πυθαγόρου</em></span> 
     </span>
    </p>

    <p class='ocr_par' dir='ltr' id='par_1_5' title="bbox 216 1117 2004 3098">
     <span class='ocr_line' id='line_1_10' title="bbox 346 1117 1986 1201; baseline -0.005 -25"><span class='ocrx_word' id='word_1_55' title='bbox 346 1125 525 1176; x_wconf 58' lang='lat' dir='ltr'>&#39;Adam</span> <span class='ocrx_word' id='word_1_56' title='bbox 559 1128 837 1183; x_wconf 77' lang='grc' dir='ltr'><em>συνετοῖσι,</em></span> <span class='ocrx_word' id='word_1_57' title='bbox 875 1117 1047 1190; x_wconf 75' lang='grc' dir='ltr'><em>θύρας</em></span> <span class='ocrx_word' id='word_1_58' title='bbox 1081 1117 1124 1169; x_wconf 76' lang='grc' dir='ltr'>δ’</span> <span class='ocrx_word' id='word_1_59' title='bbox 1161 1117 1410 1171; x_wconf 68' lang='grc' dir='ltr'>ἐπίθεσθε</span> <span class='ocrx_word' id='word_1_60' title='bbox 1445 1118 1671 1186; x_wconf 73' lang='grc' dir='ltr'><em>βέβηλοι.</em></span> <span class='ocrx_word' id='word_1_61' title='bbox 1710 1175 1716 1181; x_wconf 50' lang='lat'>‚</span> <span class='ocrx_word' id='word_1_62' title='bbox 1940 1176 1943 1178; x_wconf 6' lang='grc' dir='ltr'>μ</span> <span class='ocrx_word' id='word_1_63' title='bbox 1981 1177 1986 1201; x_wconf 40' lang='grc' dir='ltr'>Ξ</span> 
     </span>
     <span class='ocr_line' id='line_1_11' title="bbox 219 1215 1998 1306; baseline -0.005 -21"><span class='ocrx_word' id='word_1_64' title='bbox 219 1225 382 1306; x_wconf 88' lang='lat' dir='ltr'>quod</span> <span class='ocrx_word' id='word_1_65' title='bbox 430 1224 698 1284; x_wconf 90' lang='lat' dir='ltr'>edictum</span> <span class='ocrx_word' id='word_1_66' title='bbox 743 1220 1260 1299; x_wconf 86' lang='lat' dir='ltr'>Scholiographus</span> <span class='ocrx_word' id='word_1_67' title='bbox 1307 1219 1495 1299; x_wconf 86' lang='lat' dir='ltr'>Soph.</span> <span class='ocrx_word' id='word_1_68' title='bbox 1542 1218 1693 1277; x_wconf 87' lang='lat' dir='ltr'>Oed.</span> <span class='ocrx_word' id='word_1_69' title='bbox 1753 1215 1881 1276; x_wconf 90' lang='lat' dir='ltr'>Col.</span> <span class='ocrx_word' id='word_1_70' title='bbox 1939 1234 1998 1283; x_wconf 78' lang='lat' dir='ltr'>v.</span> 
     </span>
     <span class='ocr_line' id='line_1_12' title="bbox 219 1318 1996 1402; baseline -0.006 -19"><span class='ocrx_word' id='word_1_71' title='bbox 219 1326 276 1384; x_wconf 87' lang='grc'>9.</span> <span class='ocrx_word' id='word_1_72' title='bbox 321 1332 383 1382; x_wconf 89' lang='lat' dir='ltr'>et</span> <span class='ocrx_word' id='word_1_73' title='bbox 426 1324 607 1400; x_wconf 90' lang='lat' dir='ltr'>hujus</span> <span class='ocrx_word' id='word_1_74' title='bbox 653 1321 957 1400; x_wconf 83' lang='lat' dir='ltr'>expilator</span> <span class='ocrx_word' id='word_1_75' title='bbox 985 1318 1211 1377; x_wconf 87' lang='lat' dir='ltr'>Suidas</span> <span class='ocrx_word' id='word_1_76' title='bbox 1257 1321 1621 1402; x_wconf 72' lang='grc' dir='ltr'><em>3.]3ἔβηλος,</em></span> <span class='ocrx_word' id='word_1_77' title='bbox 1667 1333 1996 1396; x_wconf 90' lang='lat' dir='ltr'>suppresso</span> 
     </span>
     <span class='ocr_line' id='line_1_13' title="bbox 218 1415 1998 1500; baseline -0.006 -18"><span class='ocrx_word' id='word_1_78' title='bbox 218 1423 484 1483; x_wconf 88' lang='lat' dir='ltr'>auctoris</span> <span class='ocrx_word' id='word_1_79' title='bbox 541 1422 790 1478; x_wconf 86' lang='lat' dir='ltr'>nomine</span> <span class='ocrx_word' id='word_1_80' title='bbox 847 1419 1135 1490; x_wconf 84' lang='lat' dir='ltr'>afferunt,</span> <span class='ocrx_word' id='word_1_81' title='bbox 1203 1429 1458 1496; x_wconf 88' lang='lat' dir='ltr'>uterque</span> <span class='ocrx_word' id='word_1_82' title='bbox 1512 1415 1799 1500; x_wconf 78' lang='grc' dir='ltr'><em>βεβήλοις</em></span> <span class='ocrx_word' id='word_1_83' title='bbox 1853 1416 1998 1474; x_wconf 90' lang='lat' dir='ltr'>scri-</span> 
     </span>
     <span class='ocr_line' id='line_1_14' title="bbox 217 1516 2000 1598; baseline -0.004 -18"><span class='ocrx_word' id='word_1_84' title='bbox 217 1522 459 1595; x_wconf 85' lang='lat' dir='ltr'>bentes3</span> <span class='ocrx_word' id='word_1_85' title='bbox 518 1519 856 1598; x_wconf 84' lang='lat' dir='ltr'>eodemque</span> <span class='ocrx_word' id='word_1_86' title='bbox 902 1517 1285 1576; x_wconf 87' lang='lat' dir='ltr'>Gaudentius</span> <span class='ocrx_word' id='word_1_87' title='bbox 1340 1518 1637 1593; x_wconf 84' lang='lat' dir='ltr'>Isagogen</span> <span class='ocrx_word' id='word_1_88' title='bbox 1683 1516 2000 1577; x_wconf 60' lang='lat' dir='ltr'>harmoni÷</span> 
     </span>
     <span class='ocr_line' id='line_1_15' title="bbox 219 1612 1999 1701; baseline -0.003 -21"><span class='ocrx_word' id='word_1_89' title='bbox 219 1640 353 1681; x_wconf 90' lang='lat' dir='ltr'>cam</span> <span class='ocrx_word' id='word_1_90' title='bbox 399 1621 749 1698; x_wconf 83' lang='lat' dir='ltr'>auspicatus</span> <span class='ocrx_word' id='word_1_91' title='bbox 796 1627 912 1677; x_wconf 91' lang='lat' dir='ltr'>est:</span> <span class='ocrx_word' id='word_1_92' title='bbox 970 1625 1101 1680; x_wconf 78' lang='grc' dir='ltr'>τῶν</span> <span class='ocrx_word' id='word_1_93' title='bbox 1157 1618 1516 1698; x_wconf 76' lang='grc' dir='ltr'><em>ἁρμονικῶν</em></span> <span class='ocrx_word' id='word_1_94' title='bbox 1559 1614 1763 1701; x_wconf 77' lang='grc' dir='ltr'><em>λόγων</em></span> <span class='ocrx_word' id='word_1_95' title='bbox 1804 1612 1999 1678; x_wconf 72' lang='grc' dir='ltr'><strong><em>ἁπτό-</em></strong></span> 
     </span>
     <span class='ocr_line' id='line_1_16' title="bbox 217 1715 2000 1803; baseline -0.005 -18"><span class='ocrx_word' id='word_1_96' title='bbox 217 1744 405 1803; x_wconf 80' lang='grc' dir='ltr'><em>μενος</em></span> <span class='ocrx_word' id='word_1_97' title='bbox 455 1719 710 1788; x_wconf 56' lang='lat' dir='ltr'>&amp;malms</span> <span class='ocrx_word' id='word_1_98' title='bbox 766 1721 847 1781; x_wconf 84' lang='grc' dir='ltr'>ἄν</span> <span class='ocrx_word' id='word_1_99' title='bbox 902 1743 994 1786; x_wconf 81' lang='grc' dir='ltr'>τις</span> <span class='ocrx_word' id='word_1_100' title='bbox 1049 1715 1522 1799; x_wconf 78' lang='grc' dir='ltr'><em>προοιμιάσαιτο</em></span> <span class='ocrx_word' id='word_1_101' title='bbox 1571 1715 1780 1778; x_wconf 61' lang='lat' dir='ltr'>{Asiam</span> <span class='ocrx_word' id='word_1_102' title='bbox 1826 1719 2000 1785; x_wconf 82' lang='grc' dir='ltr'><em>ξυνε-</em></span> 
     </span>
     <span class='ocr_line' id='line_1_17' title="bbox 216 1815 2000 1900; baseline -0.006 -18"><span class='ocrx_word' id='word_1_103' title='bbox 216 1827 397 1891; x_wconf 82' lang='grc' dir='ltr'><em>τοῖσι,</em></span> <span class='ocrx_word' id='word_1_104' title='bbox 442 1815 651 1900; x_wconf 74' lang='grc' dir='ltr'><em>θύρας</em></span> <span class='ocrx_word' id='word_1_105' title='bbox 695 1819 758 1880; x_wconf 68' lang='grc' dir='ltr'>δ’</span> <span class='ocrx_word' id='word_1_106' title='bbox 807 1818 1104 1879; x_wconf 72' lang='grc' dir='ltr'>ἐπίθεσθε</span> <span class='ocrx_word' id='word_1_107' title='bbox 1148 1818 1421 1899; x_wconf 76' lang='grc' dir='ltr'><em>βέβηλοι.</em></span> <span class='ocrx_word' id='word_1_108' title='bbox 1513 1815 1853 1888; x_wconf 74' lang='lat' dir='ltr'>Quaeritur</span> <span class='ocrx_word' id='word_1_109' title='bbox 1887 1815 2000 1891; x_wconf 85' lang='lat' dir='ltr'>igi-</span> 
     </span>
     <span class='ocr_line' id='line_1_18' title="bbox 217 1915 1995 1999; baseline -0.004 -20"><span class='ocrx_word' id='word_1_110' title='bbox 217 1931 317 1980; x_wconf 89' lang='lat' dir='ltr'>tur</span> <span class='ocrx_word' id='word_1_111' title='bbox 341 1963 357 1993; x_wconf 89' lang='lat'>‚</span> <span class='ocrx_word' id='word_1_112' title='bbox 454 1917 604 1999; x_wconf 88' lang='lat' dir='ltr'>quid</span> <span class='ocrx_word' id='word_1_113' title='bbox 678 1917 931 1975; x_wconf 87' lang='lat' dir='ltr'>Stobaei</span> <span class='ocrx_word' id='word_1_114' title='bbox 1011 1918 1370 1976; x_wconf 87' lang='lat' dir='ltr'>testimonio</span> <span class='ocrx_word' id='word_1_115' title='bbox 1459 1915 1809 1975; x_wconf 88' lang='lat' dir='ltr'>faciendum</span> <span class='ocrx_word' id='word_1_116' title='bbox 1895 1915 1995 1972; x_wconf 86' lang='lat' dir='ltr'>sit.</span> 
     </span>
     <span class='ocr_line' id='line_1_19' title="bbox 219 2015 2002 2097; baseline -0.003 -19"><span class='ocrx_word' id='word_1_117' title='bbox 219 2018 356 2079; x_wconf 89' lang='lat' dir='ltr'>Una</span> <span class='ocrx_word' id='word_1_118' title='bbox 411 2028 504 2077; x_wconf 90' lang='lat' dir='ltr'>est</span> <span class='ocrx_word' id='word_1_119' title='bbox 557 2016 668 2076; x_wconf 88' lang='lat' dir='ltr'>sed</span> <span class='ocrx_word' id='word_1_120' title='bbox 724 2035 945 2097; x_wconf 89' lang='lat' dir='ltr'>parum</span> <span class='ocrx_word' id='word_1_121' title='bbox 999 2016 1284 2075; x_wconf 88' lang='lat' dir='ltr'>modesta</span> <span class='ocrx_word' id='word_1_122' title='bbox 1350 2018 1707 2095; x_wconf 73' lang='lat' dir='ltr'>responsio,</span> <span class='ocrx_word' id='word_1_123' title='bbox 1774 2015 2002 2073; x_wconf 89' lang='lat' dir='ltr'>lemma</span> 
     </span>
     <span class='ocr_line' id='line_1_20' title="bbox 217 2115 2003 2198; baseline -0.004 -20"><span class='ocrx_word' id='word_1_124' title='bbox 217 2121 423 2198; x_wconf 90' lang='lat' dir='ltr'>ipsum</span> <span class='ocrx_word' id='word_1_125' title='bbox 469 2116 722 2176; x_wconf 87' lang='lat' dir='ltr'>Stobaei</span> <span class='ocrx_word' id='word_1_126' title='bbox 765 2117 1152 2175; x_wconf 86' lang='lat' dir='ltr'>librariorum</span> <span class='ocrx_word' id='word_1_127' title='bbox 1198 2118 1355 2177; x_wconf 88' lang='lat' dir='ltr'>vitio</span> <span class='ocrx_word' id='word_1_128' title='bbox 1413 2126 1766 2195; x_wconf 87' lang='lat' dir='ltr'>corruptum</span> <span class='ocrx_word' id='word_1_129' title='bbox 1823 2124 1884 2179; x_wconf 88' lang='lat' dir='ltr'>et</span> <span class='ocrx_word' id='word_1_130' title='bbox 1937 2115 2003 2172; x_wconf 89' lang='lat' dir='ltr'>in</span> 
     </span>
     <span class='ocr_line' id='line_1_21' title="bbox 218 2212 1997 2293; baseline -0.002 -16"><span class='ocrx_word' id='word_1_131' title='bbox 218 2219 469 2277; x_wconf 92' lang='lat' dir='ltr'>nomine</span> <span class='ocrx_word' id='word_1_132' title='bbox 513 2216 898 2293; x_wconf 87' lang='lat' dir='ltr'>Pythagorae</span> <span class='ocrx_word' id='word_1_133' title='bbox 941 2215 1308 2275; x_wconf 90' lang='lat' dir='ltr'>mendosum</span> <span class='ocrx_word' id='word_1_134' title='bbox 1354 2215 1569 2277; x_wconf 86' lang='lat' dir='ltr'>videri.</span> <span class='ocrx_word' id='word_1_135' title='bbox 1673 2212 1817 2286; x_wconf 68' lang='lat' dir='ltr'>Quo,</span> <span class='ocrx_word' id='word_1_136' title='bbox 1856 2213 1997 2273; x_wconf 85' lang='lat' dir='ltr'>effu·</span> 
     </span>
     <span class='ocr_line' id='line_1_22' title="bbox 218 2315 2002 2399; baseline -0.001 -25"><span class='ocrx_word' id='word_1_137' title='bbox 218 2318 316 2394; x_wconf 88' lang='lat' dir='ltr'>gio</span> <span class='ocrx_word' id='word_1_138' title='bbox 362 2315 690 2395; x_wconf 88' lang='lat' dir='ltr'>repudiato</span> <span class='ocrx_word' id='word_1_139' title='bbox 751 2317 873 2375; x_wconf 89' lang='lat' dir='ltr'>alia</span> <span class='ocrx_word' id='word_1_140' title='bbox 931 2317 1193 2375; x_wconf 90' lang='lat' dir='ltr'>occurrit</span> <span class='ocrx_word' id='word_1_141' title='bbox 1248 2317 1552 2396; x_wconf 86' lang='lat' dir='ltr'>suspicio,</span> <span class='ocrx_word' id='word_1_142' title='bbox 1622 2316 1736 2373; x_wconf 93' lang='lat' dir='ltr'>hoc</span> <span class='ocrx_word' id='word_1_143' title='bbox 1795 2315 2002 2399; x_wconf 82' lang='lat' dir='ltr'>ipsum</span> 
     </span>
     <span class='ocr_line' id='line_1_23' title="bbox 222 2413 2003 2494; baseline 0 -21"><span class='ocrx_word' id='word_1_144' title='bbox 222 2433 354 2474; x_wconf 90' lang='lat' dir='ltr'>esse</span> <span class='ocrx_word' id='word_1_145' title='bbox 398 2415 718 2474; x_wconf 87' lang='lat' dir='ltr'>exordium</span> <span class='ocrx_word' id='word_1_146' title='bbox 765 2418 1073 2488; x_wconf 87' lang='lat' dir='ltr'>carminis,</span> <span class='ocrx_word' id='word_1_147' title='bbox 1118 2415 1284 2494; x_wconf 89' lang='lat' dir='ltr'>quod</span> <span class='ocrx_word' id='word_1_148' title='bbox 1329 2417 1441 2475; x_wconf 90' lang='lat' dir='ltr'>Ion</span> <span class='ocrx_word' id='word_1_149' title='bbox 1467 2416 1857 2492; x_wconf 86' lang='lat' dir='ltr'>Pythagoran</span> <span class='ocrx_word' id='word_1_150' title='bbox 1889 2413 2003 2473; x_wconf 89' lang='lat' dir='ltr'>Or-</span> 
     </span>
     <span class='ocr_line' id='line_1_24' title="bbox 220 2514 2004 2597; baseline 0 -25"><span class='ocrx_word' id='word_1_151' title='bbox 220 2515 381 2595; x_wconf 88' lang='lat' dir='ltr'>pheo</span> <span class='ocrx_word' id='word_1_152' title='bbox 427 2516 826 2593; x_wconf 91' lang='lat' dir='ltr'>supposuisse</span> <span class='ocrx_word' id='word_1_153' title='bbox 882 2515 1062 2587; x_wconf 85' lang='lat' dir='ltr'>dicit,</span> <span class='ocrx_word' id='word_1_154' title='bbox 1121 2535 1375 2594; x_wconf 89' lang='lat' dir='ltr'>eamque</span> <span class='ocrx_word' id='word_1_155' title='bbox 1433 2516 1511 2574; x_wconf 92' lang='lat' dir='ltr'>ob</span> <span class='ocrx_word' id='word_1_156' title='bbox 1570 2534 1817 2574; x_wconf 88' lang='lat' dir='ltr'>causam</span> <span class='ocrx_word' id='word_1_157' title='bbox 1865 2514 2004 2597; x_wconf 85' lang='lat' dir='ltr'>Sto-</span> 
     </span>
     <span class='ocr_line' id='line_1_25' title="bbox 219 2612 2000 2682; baseline 0.002 -10"><span class='ocrx_word' id='word_1_158' title='bbox 219 2612 442 2672; x_wconf 90' lang='lat' dir='ltr'>baeum</span> <span class='ocrx_word' id='word_1_159' title='bbox 484 2613 643 2671; x_wconf 84' lang='lat' dir='ltr'>falso</span> <span class='ocrx_word' id='word_1_160' title='bbox 689 2616 923 2682; x_wconf 85' lang='lat' dir='ltr'>auctori</span> <span class='ocrx_word' id='word_1_161' title='bbox 967 2613 1354 2672; x_wconf 87' lang='lat' dir='ltr'>substituisse</span> <span class='ocrx_word' id='word_1_162' title='bbox 1402 2633 1636 2675; x_wconf 89' lang='lat' dir='ltr'>verum.</span> <span class='ocrx_word' id='word_1_163' title='bbox 1726 2614 2000 2676; x_wconf 85' lang='lat' dir='ltr'>Tertium</span> 
     </span>
     <span class='ocr_line' id='line_1_26' title="bbox 226 2711 2003 2791; baseline 0.001 -20"><span class='ocrx_word' id='word_1_164' title='bbox 226 2721 445 2785; x_wconf 81' lang='lat' dir='ltr'>restat,</span> <span class='ocrx_word' id='word_1_165' title='bbox 502 2711 691 2791; x_wconf 49' lang='lat' dir='ltr'>quod¹</span> <span class='ocrx_word' id='word_1_166' title='bbox 721 2711 803 2771; x_wconf 88' lang='lat' dir='ltr'>ad</span> <span class='ocrx_word' id='word_1_167' title='bbox 847 2731 1091 2772; x_wconf 90' lang='lat' dir='ltr'>omnem</span> <span class='ocrx_word' id='word_1_168' title='bbox 1134 2715 1438 2772; x_wconf 87' lang='lat' dir='ltr'>rationem</span> <span class='ocrx_word' id='word_1_169' title='bbox 1486 2714 1862 2773; x_wconf 87' lang='lat' dir='ltr'>tutissimum</span> <span class='ocrx_word' id='word_1_170' title='bbox 1912 2716 2003 2775; x_wconf 77' lang='lat' dir='ltr'>vi-&#39;</span> 
     </span>
     <span class='ocr_line' id='line_1_27' title="bbox 221 2811 1999 2897; baseline 0.001 -26"><span class='ocrx_word' id='word_1_171' title='bbox 221 2811 432 2884; x_wconf 86' lang='lat' dir='ltr'>detur,</span> <span class='ocrx_word' id='word_1_172' title='bbox 498 2821 564 2870; x_wconf 90' lang='lat' dir='ltr'>ut</span> <span class='ocrx_word' id='word_1_173' title='bbox 607 2821 713 2880; x_wconf 88' lang='lat' dir='ltr'>aut</span> <span class='ocrx_word' id='word_1_174' title='bbox 764 2814 967 2890; x_wconf 91' lang='lat' dir='ltr'>ipsum</span> <span class='ocrx_word' id='word_1_175' title='bbox 1027 2823 1133 2872; x_wconf 90' lang='lat' dir='ltr'>aut</span> <span class='ocrx_word' id='word_1_176' title='bbox 1188 2832 1378 2872; x_wconf 87' lang='lat' dir='ltr'>unum</span> <span class='ocrx_word' id='word_1_177' title='bbox 1423 2813 1691 2892; x_wconf 86' lang='lat' dir='ltr'>aliquem</span> <span class='ocrx_word' id='word_1_178' title='bbox 1747 2834 1822 2872; x_wconf 86' lang='lat' dir='ltr'>ex</span> <span class='ocrx_word' id='word_1_179' title='bbox 1867 2815 1999 2897; x_wconf 81' lang='lat' dir='ltr'>ejus</span> 
     </span>
     <span class='ocr_line' id='line_1_28' title="bbox 220 2911 1999 2992; baseline 0.002 -23"><span class='ocrx_word' id='word_1_180' title='bbox 220 2911 511 2970; x_wconf 90' lang='lat' dir='ltr'>sodalitio</span> <span class='ocrx_word' id='word_1_181' title='bbox 567 2913 994 2971; x_wconf 89' lang='lat' dir='ltr'>monostichon</span> <span class='ocrx_word' id='word_1_182' title='bbox 1052 2912 1372 2992; x_wconf 89' lang='lat' dir='ltr'>orphicum</span> <span class='ocrx_word' id='word_1_183' title='bbox 1442 2915 1507 2971; x_wconf 92' lang='lat' dir='ltr'>in</span> <span class='ocrx_word' id='word_1_184' title='bbox 1573 2932 1754 2972; x_wconf 90' lang='lat' dir='ltr'>usum</span> <span class='ocrx_word' id='word_1_185' title='bbox 1815 2932 1999 2973; x_wconf 90' lang='lat' dir='ltr'>snum</span> 
     </span>
     <span class='ocr_line' id='line_1_29' title="bbox 221 3012 1998 3098; baseline 0.003 -30"><span class='ocrx_word' id='word_1_186' title='bbox 221 3012 596 3081; x_wconf 86' lang='lat' dir='ltr'>convertisse</span> <span class='ocrx_word' id='word_1_187' title='bbox 652 3021 1025 3084; x_wconf 78' lang='lat' dir='ltr'>statiiamUS‚</span> <span class='ocrx_word' id='word_1_188' title='bbox 1096 3014 1231 3073; x_wconf 90' lang='lat' dir='ltr'>sive</span> <span class='ocrx_word' id='word_1_189' title='bbox 1295 3012 1450 3071; x_wconf 85' lang='lat' dir='ltr'>illud</span> <span class='ocrx_word' id='word_1_190' title='bbox 1507 3014 1765 3098; x_wconf 88' lang='lat' dir='ltr'>carmini</span> <span class='ocrx_word' id='word_1_191' title='bbox 1820 3032 1998 3093; x_wconf 88' lang='lat' dir='ltr'>prae-</span> 
     </span>
    </p>
   </div>
   <div class='ocr_carea' id='block_1_5' title="bbox 219 3151 1996 3371">
    <p class='ocr_par' dir='ltr' id='par_1_6' title="bbox 219 3151 1996 3371">
     <span class='ocr_line' id='line_1_30' title="bbox 220 3151 1996 3214; baseline 0.002 -20"><span class='ocrx_word' id='word_1_192' title='bbox 220 3153 388 3199; x_wconf 79' lang='grc' dir='ltr'><em>θέντες.</em></span> <span class='ocrx_word' id='word_1_193' title='bbox 433 3151 622 3207; x_wconf 85' lang='lat' dir='ltr'>Gregor.</span> <span class='ocrx_word' id='word_1_194' title='bbox 664 3153 776 3195; x_wconf 88' lang='lat' dir='ltr'>Naz.</span> <span class='ocrx_word' id='word_1_195' title='bbox 817 3153 895 3195; x_wconf 89' lang='lat' dir='ltr'>Or.</span> <span class='ocrx_word' id='word_1_196' title='bbox 937 3153 1014 3196; x_wconf 91' lang='lat' dir='ltr'>XI.</span> <span class='ocrx_word' id='word_1_197' title='bbox 1056 3151 1154 3196; x_wconf 72' lang='lat'>244.</span> <span class='ocrx_word' id='word_1_198' title='bbox 1197 3154 1252 3195; x_wconf 92' lang='lat' dir='ltr'>D.</span> <span class='ocrx_word' id='word_1_199' title='bbox 1293 3151 1491 3213; x_wconf 69' lang='grc' dir='ltr'><em>θώμεθα</em></span> <span class='ocrx_word' id='word_1_200' title='bbox 1531 3160 1628 3203; x_wconf 81' lang='grc' dir='ltr'><em>ταῖς</em></span> <span class='ocrx_word' id='word_1_201' title='bbox 1668 3154 1824 3204; x_wconf 84' lang='grc' dir='ltr'><em>ἀκοαῖς</em></span> <span class='ocrx_word' id='word_1_202' title='bbox 1851 3152 1996 3214; x_wconf 73' lang='grc' dir='ltr'><em>θύρας</em></span> 
     </span>
     <span class='ocr_line' id='line_1_31' title="bbox 219 3208 1992 3272; baseline 0.002 -22"><span class='ocrx_word' id='word_1_203' title='bbox 219 3208 439 3251; x_wconf 81' lang='lat' dir='ltr'>Plutarch.</span> <span class='ocrx_word' id='word_1_204' title='bbox 471 3209 524 3251; x_wconf 86' lang='lat' dir='ltr'>de</span> <span class='ocrx_word' id='word_1_205' title='bbox 567 3210 672 3257; x_wconf 81' lang='lat' dir='ltr'>Fac.</span> <span class='ocrx_word' id='word_1_206' title='bbox 711 3211 821 3253; x_wconf 85' lang='lat' dir='ltr'>Lun.</span> <span class='ocrx_word' id='word_1_207' title='bbox 862 3211 939 3254; x_wconf 93' lang='lat' dir='ltr'>IX.</span> <span class='ocrx_word' id='word_1_208' title='bbox 978 3211 1076 3253; x_wconf 88' lang='lat'><strong>610.</strong></span> <span class='ocrx_word' id='word_1_209' title='bbox 1118 3214 1385 3272; x_wconf 82' lang='grc' dir='ltr'><em>παραβαλοῦ</em></span> <span class='ocrx_word' id='word_1_210' title='bbox 1424 3211 1473 3255; x_wconf 78' lang='grc' dir='ltr'>τὸ</span> <span class='ocrx_word' id='word_1_211' title='bbox 1515 3210 1681 3271; x_wconf 78' lang='grc' dir='ltr'><em>θύριον</em></span> <span class='ocrx_word' id='word_1_212' title='bbox 1720 3216 1799 3256; x_wconf 79' lang='grc' dir='ltr'>τοῦ</span> <span class='ocrx_word' id='word_1_213' title='bbox 1839 3210 1992 3270; x_wconf 73' lang='grc' dir='ltr'><em>λόγου.</em></span> 
     </span>
     <span class='ocr_line' id='line_1_32' title="bbox 219 3266 1992 3329; baseline 0.002 -21"><span class='ocrx_word' id='word_1_214' title='bbox 219 3266 386 3308; x_wconf 83' lang='lat' dir='ltr'>Eadem</span> <span class='ocrx_word' id='word_1_215' title='bbox 436 3269 688 3324; x_wconf 81' lang='lat' dir='ltr'>metaphora</span> <span class='ocrx_word' id='word_1_216' title='bbox 728 3270 927 3325; x_wconf 86' lang='lat' dir='ltr'>Theogn.</span> <span class='ocrx_word' id='word_1_217' title='bbox 969 3268 1067 3312; x_wconf 83' lang='lat'><strong>413.</strong></span> <span class='ocrx_word' id='word_1_218' title='bbox 1111 3272 1295 3320; x_wconf 79' lang='grc' dir='ltr'><em>πολλοῖς</em></span> <span class='ocrx_word' id='word_1_219' title='bbox 1332 3267 1596 3329; x_wconf 76' lang='grc' dir='ltr'><em>ἀνθρώποις</em></span> <span class='ocrx_word' id='word_1_220' title='bbox 1633 3267 1814 3329; x_wconf 77' lang='grc' dir='ltr'><em>γλώσσῃ</em></span> <span class='ocrx_word' id='word_1_221' title='bbox 1855 3267 1992 3329; x_wconf 75' lang='grc' dir='ltr'><em>θύραι</em></span> 
     </span>
     <span class='ocr_line' id='line_1_33' title="bbox 221 3323 780 3371; baseline 0.002 -1"><span class='ocrx_word' id='word_1_222' title='bbox 221 3323 304 3371; x_wconf 83' lang='grc' dir='ltr'>οὐκ</span> <span class='ocrx_word' id='word_1_223' title='bbox 331 3325 577 3369; x_wconf 73' lang='grc' dir='ltr'><em>ἐπίκεινται</em></span> <span class='ocrx_word' id='word_1_224' title='bbox 603 3333 648 3370; x_wconf 84' lang='lat' dir='ltr'>et</span> <span class='ocrx_word' id='word_1_225' title='bbox 678 3327 780 3371; x_wconf 86' lang='lat' dir='ltr'>alia.</span> 
     </span>
    </p>
   </div>
   <div class='ocr_carea' id='block_1_6' title="bbox 2127 960 2158 3328">
    <p class='ocr_par' dir='ltr' id='par_1_7' title="bbox 2127 960 2158 3328">
     <span class='ocr_line' id='line_1_34' title="bbox 2127 960 2158 3328; baseline 0 0"><span class='ocrx_word' id='word_1_226' title='bbox 2127 960 2158 3328; x_wconf 95' lang='lat' dir='ltr'> </span> 
     </span>
    </p>
   </div>
  </div>
 </body>
</html>
