2158 3848
852 202 1307 246 onrnch.
1847 191 1965 252 551

175 353 400 393 nomen
459 342 782 412 poetarum
846 349 923 389 ex
984 331 1186 390 omni*
1218 332 1606 411 antiquitatis
1667 338 1968 396 memoria

176 432 708 494 exterminandum
752 438 862 490 est.
952 427 1118 502 Quid
1161 431 1326 489 enim
1365 441 1585 511 poetas
1629 435 1965 496 salutemus

174 551 309 606 eoS‚
370 532 504 610 qui,
565 534 618 590 si
662 530 998 591 verborum
1040 531 1365 592 involucra
1420 541 1482 591 et
1523 532 1962 611 phantasmata

169 633 502 710 Heyniana
557 630 772 704 tollas,
846 631 1002 690 nihil
1063 649 1333 710 unquam
1395 631 1716 710 dixerunt,
1791 633 1958 711 quod

166 752 294 793 nou
336 730 523 791 hodie
567 751 605 790 a
647 731 1035 811 philosophis
1081 731 1203 791 dici
1246 731 1485 812 possit?
1557 731 1748 813 Apud
1776 730 1957 793 Clau-

167 833 422 893 dianum
456 819 647 912 'Rapt
672 828 908 891 1:254.
954 829 1071 891 dea
1114 831 1454 912 parietibus
1497 833 1956 893 munitissimae

166 934 390 994 domus
435 933 833 993 circumclusa
875 942 1121 1012 tempus
1178 932 1452 993 texendo
1498 934 1690 1013 pallio
1748 932 1955 993 tradu-

163 1037 288 1109 xit,
331 1034 498 1116 quod
541 1035 727 1093 matri
771 1033 1068 1092 destinat:

306 1167 403 1214 Hic
440 1167 784 1233 elementorum
820 1164 992 1210 seriem
1030 1161 1261 1226 sedesque
1301 1170 1528 1225 paternas

304 1250 571 1315 insignibat
605 1266 713 1308 acu,
750 1257 966 1296 veterem
1002 1264 1096 1312 qua
1131 1250 1241 1314 lege
1277 1250 1534 1297 tumultum

303 1335 534 1382 discrevit
569 1342 744 1382 natura
779 1350 953 1398 parens
993 1342 1082 1386 etc,

160 1447 369 1529 Quum
428 1464 578 1507 vero
623 1443 1004 1506 Claudianus
1060 1444 1342 1526 pluribus
1396 1447 1549 1506 locis
1605 1446 1952 1507 fabularum

160 1548 570 1629 Orphicarum
617 1547 1052 1606 conscientiam
1100 1545 1415 1620 ostendat,
1460 1546 1627 1606 subit
1663 1549 1952 1627 suspicio,

157 1634 327 1708 idem
390 1658 498 1707 aut
551 1647 755 1707 simile
810 1644 1126 1727 quoddam
1187 1656 1466 1707 texturae
1524 1657 1952 1726 argumentum

160 1749 239 1809 ab
286 1748 536 1829 Orpheo
583 1732 881 1808 traditum
926 1765 1061 1806 esse
1104 1747 1299 1827 idque
1336 1767 1548 1807 ansam
1594 1746 1952 1829 praebuisse

159 1850 619 1909 Platonicorum
683 1849 1081 1920 commentiS‚
1171 1867 1331 1928 quae
1389 1847 1640 1928 Orpheo
1702 1867 1781 1907 ne
1841 1867 1952 1927 per

155 1952 467 2011 somnium
512 1946 762 2028 quidem
806 1952 873 2007 in
915 1959 1190 2008 mentem
1226 1957 1545 2032 venerunt.
1631 1948 1949 2008 Diodorus

157 2051 229 2110 V.
287 2051 344 2110 3.
405 2049 840 2130 Proserpinam
903 2050 1035 2109 illo
1071 2059 1384 2131 tempore,
1447 2068 1570 2130 quo
1633 2069 1774 2109 cum
1833 2049 1951 2108 Mi-

153 2170 348 2213 nerva
392 2159 454 2210 et
494 2150 705 2210 Diana
747 2148 917 2230 apud
959 2151 1202 2210 Ennam
1246 2158 1498 2211 versata
1541 2159 1653 2226 est,
1695 2148 1950 2230 peplum

155 2252 303 2313 Jovi
344 2253 612 2310 texuisse
655 2259 867 2308 narrat
883 2250 954 2331 [⁰]
971 2293 988 2323 ,
1034 2253 1133 2310 cui
1157 2250 1444 2312 Minerva
1488 2252 1677 2310 etiam
1721 2269 1820 2330 ap.
1854 2249 1949 2308 Si-

158 2353 417 2412 donium
484 2347 687 2410 Carm.
747 2348 884 2410 XV.
944 2347 1087 2410 354.
1149 2350 1388 2432 pallam
1449 2350 1728 2411 elaborat
1793 2350 1949 2409 coeli

156 2453 467 2531 marisque
538 2451 798 2531 picturis
869 2452 1126 2511 mirifice
1189 2453 1497 2513 variatam
1561 2446 1950 2531 similemque

155 2554 459 2632 sigillatae
503 2550 848 2628 chlamydi,
892 2571 1076 2631 quam
1119 2551 1484 2612 Plutarchus
1527 2554 1593 2611 in
1635 2551 1783 2611 Vita
1823 2552 1948 2611 De-

157 2655 364 2714 metrii
407 2674 455 2712 c.
499 2649 662 2713 XLI.
708 2648 1028 2733 describit,
1094 2658 1358 2736 εἴκασμα
1400 2661 1514 2717 τοῦ
1559 2652 1799 2736 κόσμου
1843 2654 1947 2715 καὶ

156 2764 288 2819 τῶν
330 2755 460 2818 κατ’
509 2753 786 2836 οὐρανὸν
830 2751 1339 2839 φαινομένωνῧ]
1405 2754 1506 2814 De
1550 2753 1770 2834 quibus
1817 2773 1947 2811 om-

157 2854 338 2915 nibus
382 2854 584 2914 multa
626 2853 973 2927 sublimiter
1000 2927 1002 2930 ¹
1029 2864 1091 2914 et
1143 2849 1459 2933 ingeniose
1514 2853 1716 2914 dicere
1770 2863 1947 2934 pote-

281 3039 345 3096 [c]
378 3040 448 3083 cf.
478 3039 622 3083 Nonn.
652 3039 727 3082 VI.
760 3038 858 3083 150.
891 3040 1157 3085 Claudianus
1185 3042 1311 3085 Iliam
1342 3042 1376 3084 I.
1406 3039 1508 3083 225.
1539 3044 1585 3082 et
1604 3040 1770 3083 Thetin
1789 3039 1943 3096 Epigr.

158 3095 342 3141 LXXII.
372 3098 413 3143 8.
442 3103 661 3143 texentem
690 3098 870 3144 inducit.
942 3100 1127 3144 Pallium
1159 3116 1185 3143 a
1214 3101 1414 3144 Minerva
1444 3099 1733 3151 elaboratum,
1776 3099 1830 3141 de
1861 3113 1944 3154 quo

160 3156 351 3199 breviter
379 3156 581 3213 Orpheus
610 3160 718 3214 Arg.
749 3156 849 3201 584.
880 3161 1053 3217 copiose
1083 3161 1238 3202 scribit
1266 3158 1516 3217 Apollonius
1546 3159 1580 3201 Ι.
1612 3158 1711 3201 722.

278 3240 341 3300 [d]
375 3244 430 3286 cf.
462 3243 617 3288 Tzetz.
649 3243 764 3288 Chil.
795 3245 830 3287 1.
861 3245 961 3288 812.
990 3247 1045 3290 de
1075 3246 1344 3290 Antisthenis
1373 3247 1609 3302 Sybaritae
1639 3246 1796 3303 pallio,
1831 3246 1945 3302 quod

160 3302 272 3345 idem
312 3307 378 3345 est
416 3301 471 3344 de
514 3317 597 3359 quo
641 3305 891 3347 Athenaeus
921 3305 1022 3348 XII.
1052 3305 1152 3349 541.
1183 3307 1234 3348 A.
1266 3320 1321 3347 ex
1351 3306 1584 3350 Aristotele
1615 3305 1762 3349 eadem
1794 3305 1944 3355 refert,

161 3361 272 3404 unde
302 3361 563 3405 Alcisthenis
589 3377 741 3408 nomen
769 3363 844 3406 illo
872 3363 968 3408 loco
997 3365 1318 3409 restituendum.
