2158 3848
0 3367 6 3421 Γ

720 248 1291 292 ELEUSINIA.
1777 236 1892 297 135

883 419 935 499 §-
1028 418 1123 479 ιτ.

281 563 352 626 In
402 563 517 623 has
567 564 877 641 angustias
935 563 1238 644 compulsi
1292 563 1727 640 mysteriorum
1758 544 1889 642 'pa-

115 663 277 725 troni
330 661 591 724 fortasse
644 664 733 722 ita
785 681 853 725 se
906 663 1267 738 defendent,
1333 672 1402 722 ut
1455 662 1890 741 hierophantas

113 762 395 839 symbola
434 763 544 824 illa
588 772 650 822 et
690 764 1014 842 allegorias
1055 766 1312 827 initiatis
1357 764 1707 825 enucleasse
1750 782 1894 822 con-

114 861 396 936 tendant,
439 865 495 924 si
537 882 661 924 non
707 866 1006 937 omnibus¹
1036 874 1304 927 atcerte
1349 863 1754 924 electioribus,
1819 863 1892 925 Id

112 981 260 1023 vero
320 963 549 1024 factum
615 985 749 1026 esse
817 975 997 1043 negat
1060 967 1265 1043 gravis
1337 974 1580 1036 auctor,
1647 963 1890 1023 Vettius

110 1062 532 1127 Praetextatus
574 1065 998 1147 hierophanta,
1042 1064 1334 1144 pontifex
1369 1063 1534 1122 Solis
1579 1071 1642 1135 et
1663 1062 1889 1121 Vestae

109 1181 542 1245 sacrorumque
596 1167 871 1229 omnium
926 1167 1201 1226 conscius
1218 1164 1292 1245 [³]
1341 1172 1402 1224 et
1444 1164 1576 1223 sine
1618 1161 1746 1223 ulla
1790 1181 1892 1220 ex-

109 1264 388 1342 ceptione
429 1275 614 1342 negat
655 1284 753 1346 ap.
795 1264 1067 1329 Macrob.
1113 1264 1242 1334 Sat.
1285 1264 1332 1325 I.
1386 1263 1481 1323 18.
1526 1262 1668 1323 236.
1725 1261 1811 1336 „S
1827 1281 1889 1321 a-

109 1364 672 1436 „turnaliorum
740 1356 1120 1443 originem
1173 1365 1362 1426 mihi
1403 1366 1496 1447 kin
1551 1360 1888 1423 medium

108 1464 506 1544 „proferre
560 1466 678 1527 fas
731 1475 880 1540 est,
931 1485 1083 1525 non
1145 1484 1340 1545 quae
1394 1464 1488 1524 ad
1532 1482 1887 1524 arcanam
1951 1477 1959 1485 “·

108 1562 613 1636 „divinitatis
670 1576 1026 1629 naturam
1080 1566 1459 1638 refertur,
1517 1563 1652 1628 sed
1699 1583 1887 1644 quae

106 1675 276 1738 „aut
329 1665 725 1736 fabulosis
778 1665 1136 1730 admixta
1196 1665 1623 1727 disseritur
1678 1673 1810 1727 aut
1852 1683 1889 1722 a

107 1766 503 1845 „physicis
546 1767 624 1824 in
666 1766 947 1844 vulgus
994 1768 1379 1846 aperitur3
1425 1784 1593 1827 nam
1638 1764 1887 1823 occul-

107 1875 267 1938 „tas
341 1875 416 1925 et
483 1875 881 1928 manantes
951 1884 1040 1926 ex
1112 1869 1281 1926 veri
1354 1865 1569 1923 fonte
1611 1864 1888 1923 ‘ratio-

105 1984 278 2039 „nes
332 1983 423 2027 ne
476 1967 554 2027 in
607 1965 805 2046 ipsis
861 1965 1170 2048 quidem
1226 1965 1472 2028 sacris
1530 1964 1888 2023 enarrari

101 2066 665 2147 „permittitun
708 2065 843 2127 sed
885 2067 952 2127 si
984 2067 1154 2146 quis
1190 2066 1378 2125 illas
1415 2066 1887 2144 assequitur,

103 2169 550 2247 „continere
597 2168 808 2231 intra
863 2166 1423 2229 conscientiam
1482 2173 1735 2226 tectas
1774 2165 1886 2241 ju-

103 2268 426 2343 ,‚betur.“
524 2267 690 2347 Ergo
742 2267 914 2329 nulla
971 2267 1091 2328 fuit
1143 2266 1609 2345 Hierophantae
1668 2265 1887 2336 oratio,

105 2388 229 2449 qua
299 2375 566 2446 epoptae
623 2365 706 2427 ad
771 2386 987 2428 veram
1054 2368 1426 2449 sapientiam
1483 2364 1887 2437 erudirentur,

103 2489 215 2532 nec
255 2467 350 2530 illi
390 2465 729 2547 quidquam
764 2471 1142 2548 consequuti,
1184 2479 1430 2549 praeter
1465 2486 1622 2547 quae
1655 2466 1779 2545 ipsi
1806 2466 1886 2524 si-

103 2570 190 2630 bi.
211 2569 577 2646 cogitatione
618 2569 911 2645 fingerent
951 2587 1067 2649 pro
1111 2585 1224 2628 suo
1268 2571 1526 2649 quisque
1569 2575 1756 2647 captu
1792 2585 1886 2627 ce-

102 2671 502 2733 rimoniarum
560 2685 774 2734 causas
829 2677 892 2731 et
946 2673 1411 2750 consequentias
1456 2668 1882 2746 conjectantes.

101 2769 261 2846 lam,
313 2771 368 2833 si
422 2766 573 2849 quid
609 2768 917 2847 intelligo,
961 2789 1086 2834 una
1125 2775 1286 2835 ratio
1342 2769 1426 2830 ad
1465 2766 1888 2833 sustinendam

104 2872 540 2948 mysteriorum
618 2870 1136 2935 existimationem
1209 2879 1518 2952 superest,
1615 2873 1670 2930 si
1746 2867 1880 2946 quis

108 2970 427 3034 ostendere
495 2969 724 3051 possit,
792 2991 867 3033 ea
931 2991 1085 3052 quae
1151 2975 1217 3033 in
1283 2974 1471 3033 sacris
1534 2968 1879 3029 dicerentur

224 3167 291 3222 [ὃ]
322 3167 389 3211 De
427 3169 509 3212 hoc
537 3169 625 3214 vid
665 3167 822 3215 Bouiun
860 3169 915 3215 de
954 3170 1115 3214 Pontis.
1153 3170 1272 3215 Max.
1317 3184 1353 3212 c.
1394 3169 1452 3211 11
1492 3166 1591 3210 243.
1631 3169 1676 3210 in
1715 3167 1875 3209 Graev.

110 3225 241 3268 Tha.
274 3224 331 3268 Τ.
370 3226 422 3268 v
464 3226 590 3271 Felix
631 3226 930 3345 eonoeloriusp
940 3229 995 3272 de
1033 3230 1249 3272 Praefect.
1296 3226 1406 3270 urb.
1445 3242 1482 3269 c
1513 3227 1588 3270 v1.
1621 3225 1720 3268 547.
1751 3225 1807 3268 T.
1838 3224 1873 3266 1.

108 3284 324 3339 &lle-gr·
374 3283 557 3340 Ignara
596 3286 651 3330 de
689 3286 885 3330 Phratr-
933 3286 1087 3333 257.
1145 3287 1295 3343 Idsing
1296 3300 1346 3331 ra
1397 3285 1637 3329 var.Jur.
1691 3283 1872 3327 Civ.1.

109 3357 155 3458 g.
183 3342 249 3444 {a
255 3342 489 3429 Burmann..
521 3343 575 3388 ad
617 3302 1026 3390 Anthol.1.at.'1'.
1070 3347 1129 3389 ΙΙ.
1176 3302 1295 3389 148.g
1314 3344 1580 3389 wernsdorf.
1621 3342 1676 3386 ad
1710 3342 1871 3386 Himer
