2158 3848
285 204 403 266 126
731 237 734 240 <
864 215 1094 261 LIBER
1139 214 1445 260 PRIMUS.

279 354 653 433 vissimaque
676 350 747 433 [¹¹]
807 354 895 412 ita
948 355 1169 413 teletae
1222 369 1372 433 prae
1427 350 1639 408 ceteris
1697 349 2037 408 cerimoniis

276 462 522 515 sanctae
563 461 624 511 et
666 470 703 510 a
745 455 1053 512 communi
1094 471 1208 511 usu
1250 457 1520 510 remotae
1562 457 1749 508 erant.
1830 447 2040 527 Neque

281 555 527 614 omnino
579 549 952 631 Chrysippus
994 551 1101 609 illo
1146 551 1280 609 loco
1324 569 1407 609 ex
1451 548 1728 629 professo
1774 547 1851 607 de
1895 549 2041 607 tele-

278 655 356 712 tis
401 654 524 729 agit
565 649 674 709 sed
718 649 1063 709 Stoicorum
1107 667 1277 707 more
1318 650 1619 708 tralaticio
1666 667 1740 706 ea
1783 667 1937 727 quae
1965 648 2041 707 de

278 752 500 830 triplici
541 747 1017 829 philosophandi
1057 749 1296 806 ratione
1333 749 1598 821 dixerat,
1642 746 2043 807 similitudine
2139 771 2141 777 ·

276 849 539 908 nominis
581 846 804 928 τελετή,
850 848 946 906 cui
987 849 1302 906 notionem
1347 847 1678 927 perfecti
1708 847 2042 924 subjectam

274 947 553 1028 putabat,
596 946 903 1006 illustrare
944 947 1173 1022 voluit3
1218 966 1373 1027 quae
1416 946 1753 1005 similitudo
1799 946 1877 1006 ad
1901 958 2043 1026 pro-

274 1046 545 1107 bandum
599 1064 724 1105 non
775 1047 915 1126 plus
967 1048 1263 1107 momenti
1303 1045 1516 1119 habet,
1573 1064 1754 1124 quam
1809 1046 2045 1105 Plutar-

275 1147 374 1207 chi
429 1146 626 1206 oratio
679 1147 743 1204 in
798 1146 899 1206 Fr.
955 1147 1032 1206 de
1085 1146 1200 1209 An.
1256 1146 1359 1206 VI.
1414 1148 1471 1206 2.
1526 1144 1670 1205 726.
1728 1146 1968 1204 exitum
2011 1166 2044 1203 e

274 1249 409 1331 vita
450 1266 587 1306 cum
629 1245 902 1322 ingressu
946 1247 1123 1323 adyti
1164 1247 1608 1328 comparantis:
1653 1246 1808 1308 ὅταν
1848 1249 1916 1308 ἐν
1956 1253 2045 1328 τῷ

274 1354 565 1429 τελευτᾷν
618 1347 738 1427 ἤδη
782 1347 1065 1431 γένηται,
1122 1346 1258 1409 τότε
1302 1345 1520 1426 πάσχει
1561 1340 1768 1415 πάθος
1812 1345 1945 1408 οἷον
1989 1348 2048 1407 οἱ

274 1453 538 1516 τελεταῖς
579 1443 872 1531 μεγάλαις
914 1445 1491 1533 κατοργιαζόμενοι,
1535 1446 1632 1509 διὸ
1677 1445 1781 1507 καὶ
1823 1445 1893 1507 τὸ
1940 1450 2046 1525 ῥῆ-

274 1573 366 1630 μα
416 1554 506 1628 τῷ
558 1543 783 1626 ῥήματι
838 1546 942 1607 καὶ
996 1548 1067 1609 τὸ
1128 1550 1309 1631 ἔργον
1350 1555 1440 1628 τῷ
1484 1548 1645 1630 ἔργῳ
1687 1553 1799 1607 τοῦ
1842 1553 2045 1606 τελευ-

273 1653 394 1728 τᾷν
445 1644 551 1708 καὶ
602 1648 914 1707 τελεῖσθαι
969 1647 1272 1729 προςέοικε
1303 1642 1420 1725 [bb]
1511 1642 2045 1717 Quemadmodum

273 1763 424 1807 vero
482 1762 566 1803 ex
601 1745 733 1819 ,hac
788 1747 1247 1825 comparatione
1301 1746 1515 1804 mortis
1572 1752 1633 1802 et
1686 1745 2046 1803 initiationis

271 1862 454 1905 nemo
498 1843 817 1904 concludet
857 1853 1135 1905 mortuos
1180 1865 1312 1906 esse
1355 1844 1694 1924 quicunque
1735 1844 2047 1904 initiaren-

273 1955 406 2018 tur,
459 1945 549 2005 ita
603 1945 792 2003 etiam
847 1942 1177 2027 Chrysippi
1231 1944 1533 2004 sententia
1585 1961 1710 2002 non
1764 1945 1854 2002 ita
1910 1945 2046 2023 pin·

274 2047 471 2122 guiter
525 2043 877 2125 accipienda
921 2053 1043 2118 est,
1099 2046 1275 2126 quasi
1316 2043 1482 2104 idem
1524 2043 1710 2102 fuerit
1749 2046 2047 2120 mysteria

203 2201 214 2216 .
274 2147 546 2224 accipere
602 2152 665 2204 et
719 2144 1116 2223 Theologiam
1169 2144 1528 2224 perdiscere.
1639 2142 1797 2202 Sunt
1849 2144 2047 2202 multa
2113 2127 2116 2130 ’

275 2263 313 2304 a
353 2243 664 2306 veteribus
721 2245 1004 2304 similiter
1059 2244 1251 2318 dicta,
1313 2263 1466 2324 quae
1519 2244 1574 2303 si
1625 2245 1758 2324 quis
1815 2242 1896 2302 ad
1951 2245 2045 2304 vi-

274 2363 422 2416 vum
464 2352 724 2417 resecet,
767 2345 948 2405 facile
993 2364 1066 2404 eo
1112 2344 1332 2404 deduci
1372 2345 1628 2426 poterit,
1672 2351 1743 2415 ut
1786 2351 2044 2423 epoptas
2108 2376 2109 2379 κ

271 2444 724 2523 metaphysicas
782 2445 1083 2524 quasdam
1134 2447 1420 2505 lectiones
1466 2443 1777 2504 audivisse
1822 2444 2044 2505 credat.

273 2540 619 2602 chalcidius
665 2562 905 2623 quoque
945 2545 1012 2602 in
1056 2544 1211 2603 Tim.
1258 2541 1550 2603 CCLXX.
1587 2544 1729 2603 378.
1771 2545 2042 2624 philoso-

270 2642 453 2723 phiae
493 2643 758 2701 naturali
799 2652 1009 2702 contra
1039 2644 1220 2724 ponit
1242 2642 1720 2722 disputationem
1746 2662 1780 2701 e
1791 2646 2042 2724 popti-

274 2761 432 2801 cam
484 2740 550 2802 id
595 2752 688 2802 est
728 2743 1245 2823 metaphysicam,
1306 2752 1581 2803 veterum
1627 2744 1907 2823 exempla
1949 2762 2041 2803 se·
2092 2763 2106 2776 ‘·

273 2850 513 2921 quutus.
556 2842 910 2902 Plutarchus
955 2841 1031 2901 de
1073 2843 1150 2901 Is.
1194 2862 1242 2901 c.
1283 2844 1384 2902 78.
1429 2843 1570 2903 209.
1616 2841 1685 2904 Τ.
1709 2842 1818 2903 ΙΧ.
1861 2841 2040 2906 Πλά-

269 2965 399 3005 των
452 2942 558 3004 καὶ
604 2943 1010 3026 Ἀριστοτέλης
1061 2950 1245 3005 τοῦτο
1292 2943 1370 3017 ,τὸ
1415 2945 1599 3027 μέρος
1639 2951 1747 3023 τῆς
1790 2953 2038 3026 φιλοσο-

388 3064 454 3122 [b]
487 3067 667 3114 Aristot.
712 3068 822 3112 Met.
860 3070 914 3112 V.
944 3069 986 3113 2.
1016 3068 1113 3111 690.
1156 3068 1233 3111 ΙΧ.
1263 3069 1351 3125 (Χ)
1380 3069 1419 3112 7.
1449 3068 1550 3114 733.
1579 3070 1630 3113 Α.
1672 3072 1772 3129 τρία
1810 3072 1920 3127 γένη
1950 3071 2038 3113 τῶν

270 3126 555 3183 θεωρητικῶν
583 3128 739 3183 ἔπιστη
779 3131 843 3172 ὦν
870 3128 975 3184 ἐστι,
1007 3125 1192 3186 φυσικὴ,
1223 3127 1540 3186 μαθηματικὴ,
1571 3126 1814 3198 θεολογικὴ
1843 3154 1902 3161 —-
1928 3124 2036 3172 τού·
2083 3161 2087 3165 .

269 3196 361 3225 των
391 3182 442 3226 δὲ
469 3186 698 3238 βέλτιστον
725 3205 752 3242 η
782 3189 1009 3231 τελευταία
1044 3187 1273 3243 λεχθεῖσα·
1315 3189 1422 3246 περὶ
1448 3186 1497 3231 τὸ
1527 3201 1792 3246 τιμιωτερον
1819 3183 1909 3245 γάρ
1939 3186 2034 3230 ἐστι

270 3243 361 3285 τῶν
389 3236 545 3286 ὄντων.

388 3296 477 3356 [bb]
517 3303 698 3345 Τελεταὶ
726 3303 971 3362 (λέγονται)
1002 3300 1061 3352 ὠς
1088 3305 1332 3347 τελειοῦσαι
1361 3303 1438 3347 καὶ
1465 3303 1510 3352 ἒς
1535 3301 1586 3347 τὸ
1625 3305 1796 3349 τέλειον
1837 3296 2032 3358 ἄγουσαι

271 3356 484 3403 Maximus
515 3360 571 3404 ad
598 3361 776 3419 Dionys.
806 3362 892 3420 Ep.
920 3361 1042 3404 VIII.
1071 3376 1114 3420 p.
1148 3361 1243 3404 120.
1274 3362 1387 3419 quod
1416 3361 1570 3405 falsum
1600 3366 1680 3405 est.
