2158 3848
823 203 1278 249 onrnch.
1814 187 1945 253 683.

163 341 618 419 scurriliterque
656 332 1047 409 et‘zdicebant
1089 341 1153 390 et
1188 329 1521 402 faciebant,
1570 348 1701 391 non
1730 342 1808 395 <ut
1831 332 1948 397 aha

167 459 347 523 quem
411 439 583 521 ἱερὸν
630 435 839 522 ’λόγον
904 431 1375 504 adumbrarem,
1407 427 1572 490 ,resed
1625 432 1945 493 scm-randi

164 541 378 620 gratia.
463 538 710 599 Etenim
778 533 1156 595 tralaticium
1205 539 1355 604 est,
1390 549 1504 612 per
1536 531 1947 610 ‚occasionem

162 641 444 723 publicae
503 637 786 696 laetitiae
845 633 1090 717 plebem
1146 632 1514 693 vitulantem
1529 683 1532 687 .
1547 631 1947 712 gestientem-

166 737 285 821 que
350 735 569 798 eadem
639 736 772 796 fere
837 735 1066 815 ubique
1133 743 1196 792 et
1256 732 1411 793 olim·
1467 732 1949 794 assumsissevet

165 841 518 901 etiamnunc
546 854 888 897 xassumere
934 835 1085 895 kfesti
1130 836 1245 893 otii
1289 833 1766 907 oblectamenta,
1799 852 1955 894 nean&

165 950 296 1014 tus,
340 937 646 1021 tripudia,
688 937 976 1010 cavilla-⁸3
1346 942 1349 947 ’
1704 940 1711 948 ’

422 1055 651 1103 Indoctus
680 1053 985 1117 quid-enim:
1001 1059 1193 1114 saperet
1226 1050 1445 1112 liberque
1481 1049 1700 1098 laborum

419 1142 631 1190 rusticus
665 1136 1143 1198 urbano,·eonfusu8,
1181 1134 1337 1197 turpis
1372 1133 1614 1190 honestos}

162 1242 330 1302 Num
352 1237 960 1320 philosopharentur.
1001 1231 1081 1291 de
1123 1233 1324 1292 causis
1367 1232 1733 1293 sacrorqu
1797 1252 1952 1295 num

163 1340 452 1418 symbola
493 1336 832 1400 olfacerem
868 1343 938 1394 >et
978 1332 1316 1410 mysteria?
1359 1334 1494 1393 Imo
1542 1335 1836 1395 conviciis
1866 1335 1955 1396 la-

166 1459 403 1503 cessere
442 1434 909 1519 praetereuntes
940 1434 1039 1515 [⁰]‚
1097 1433 1357 1495 verbera
1398 1434 1561 1494 ferre
1601 1436 1669 1494 in
1713 1431 1955 1511 obvios,

164 1558 399 1622 pronos
443 1547 506 1598 et
548 1555 804 1619 cernuos
841 1555 1045 1608 ruere,
1088 1544 1404 1616 postremo
1450 1552 1521 1594 os
1556 1534 1962 1619 habitumque.
2042 1542 2044 1545 ’

165 1640 428 1700 ridicule
496 1638 846 1699 deformare
902 1636 1020 1696 hoc
1077 1653 1267 1716 opus,
1324 1635 1424 1695 hic
1479 1634 1657 1696 labor
1711 1648 1843 1699 erat
1897 1649 1960 1700 et

169 1742 412 1802 artificii
453 1758 716 1800 summa.

340 1839 647 1922 Equidem
677 1857 826 1898 non
882 1834 1187 1897 contendo
1230 1836 1475 1897 nullum
1517 1837 1712 1899 fuisse
1755 1857 1960 1900 sacros-

168 1960 307 2001 rum
342 1936 556 2019 ‘genus
600 1958 739 2000 cum
772 1938 1087 1997 ..memoria
1124 1954 1334 1997 rerum
1376 1939 1717 2019 antiquitus
1760 1949 1961 2018 gesta-

167 2061 309 2102 rum
361 2042 795 2121 conjunctum,
843 2037 960 2098 sed
1014 2056 1123 2097 eos
1151 2064 1152 2067 ¹
1181 2056 1385 2098 errare
1426 2049 1614 2120 puto,
1659 2041 1764 2120 qui
1804 2041 1962 2102 nihil

170 2142 407 2202 ludicre
458 2141 618 2201 nihil
668 2139 921 2200 ridiculi
976 2157 1162 2216 causa
1208 2148 1270 2198 et
1313 2159 1389 2198 ex
1432 2149 1714 2220 tempore
1755 2142 1823 2200 in
1865 2131 1963 2202 sa-

173 2245 290 2304 cris
335 2242 568 2302 dictum
610 2241 927 2302 factumve
970 2257 1114 2299 esse
1149 2239 1388 2299 volunt.
1429 2239 1644 2321 Neque
1664 2261 1963 2323 repugno,

172 2345 501 2425 quominus
551 2339 879 2401 domestici
933 2337 1325 2420 quorundam
1381 2341 1754 2421 populorum
1800 2344 1965 2405 ritus

174 2463 318 2505 suas
385 2453 449 2503 et
512 2444 799 2523 proprias
863 2457 1079 2502 causas
1142 2439 1370 2501 habere
1434 2440 1794 2519 videantur,
1851 2443 1966 2505 sed

172 2545 329 2605 mihi
399 2542 774 2624 persuadere
839 2561 967 2603 non
1023 2559 1288 2622 possum
1353 2550 1597 2603 veteres
1648 2544 1824 2618 illos,
1908 2546 1968 2605 si

172 2646 395 2726 pugnis
455 2645 857 2717 certaverint,
923 2641 1144 2702 Martis
1202 2641 1511 2722 quandam
1571 2663 1708 2702 cum
1767 2653 1967 2704 matre

173 2747 375 2808 rixam
422 2743 791 2805 adumbrare
846 2743 1151 2816 voluisse,
1207 2744 1262 2802 si
1296 2742 1819 2818 discucurrerint,
1876 2743 1967 2805 di-

179 2846 339 2907 luvii
380 2845 776 2905 Deucalionii
812 2845 1183 2904 memoriam
1227 2862 1562 2905 renovasse
1580 2845 1657 2926 [¹³]
1677 2889 1693 2916 ‚
1751 2846 1806 2905 si
1849 2847 1966 2926 sal·-

179 2947 481 3019 taverint‚
538 2955 646 3007 aut
701 2941 974 3006 siderum
1017 2954 1226 3006 motus
1270 2953 1377 3004 aut
1418 2944 1757 3022 labyrinthi
1799 2965 1970 3008 mea-

301 3087 364 3144 [o]
395 3088 518 3133 Nota
557 3096 658 3132 sunt
698 3087 753 3133 τὰ
795 3088 844 3138 ἐξ
878 3085 1067 3148 ἁμαξῶν
1107 3084 1386 3146 σκώμματα,
1428 3093 1713 3150 γεφυρισμοί
1748 3094 1793 3134 et
1822 3096 1968 3135 cetera

183 3145 477 3200 lauaem-um,
509 3147 755 3200 chuerum,
787 3147 1030 3191 Steniorum
1063 3147 1346 3190 condimenta.

302 3203 363 3260 [Ρ]
396 3203 691 3263 Lupercorum
730 3220 810 3264 per
850 3220 1016 3250 sacram
1056 3206 1168 3248 viam
1210 3218 1431 3257 ascensum
1462 3211 1508 3248 et
1536 3206 1783 3250 descensum
1810 3208 1872 3250 sic
1900 3209 1967 3250 in-

184 3268 479 3318 terpretantur
519 3271 569 3310 ut
610 3268 668 3310 ab
696 3266 752 3308 iis
782 3265 930 3307 dicant
960 3264 1195 3322 significari
1225 3263 1443 3317 homines,
1474 3264 1550 3322 qui
1579 3271 1756 3322 propter
1784 3265 1960 3308 inunda-

185 3321 342 3364 tionem
384 3326 528 3365 terrae
571 3338 733 3368 summa
773 3324 973 3367 montium
1016 3324 1266 3380 petiverunt
1306 3329 1350 3366 et
1389 3336 1538 3367 rursus
1569 3325 1715 3368 eadem
1749 3325 1965 3368 residente

188 3380 239 3421 ad
273 3381 355 3423 ima
387 3380 616 3427 redierunt
647 3384 827 3439 August.
862 3383 956 3425 Civ.
991 3382 1155 3426 XVIII.
1191 3381 1276 3424 12:
