2158 3848
191 211 317 271 780
701 221 936 265 LIBER
983 222 1413 270 SECUNDUS.

192 361 315 427 arft,
358 352 706 438 συγκρίνω·
750 353 1135 437 παραβαλών
1178 354 1404 434 ὁμοίως
1448 358 1964 439 παραθείςξΠω

193 457 514 537 ραβλῶπες
585 452 812 534 ὁμοίως
882 453 1251 535 διάστροφοι
1299 456 1417 524 ’τὰς
1471 458 1661 538 ὄψειςρ
1722 457 1964 537 ··Atque

191 556 279 613 sic
322 554 507 612 etiam
550 544 664 632 pro
703 551 1036 635 Ὀφρυοέζει
1068 560 1203 622 ταῖς
1238 555 1469 635 ὄφρυοι
1502 555 1690 634 νεύειξ
1730 559 1964 640 Ὀφρυ-

186 662 309 739 γνᾷ
353 654 506 721 ὅλως
532 644 815 717 Βοιωτοί
842 651 1165 729 legendum
1195 651 1438 712 videtur
1462 657 1706 738 Ὀφρυᾷ
1735 657 1963 737 ὁμοίως

188 747 266 812 et⁴
316 761 525 811 nostro
593 744 685 809 in'
725 752 861 819 loco
928 751 1035 810 ubi
1090 751 1401 831 praecedit
1453 754 1963 840 Κογκυλεύοντες,

184 842 510 936 κογχύλιον
553 850 968 927 ἒκπιοῖζοντες,
1013 850 1170 911 illud
1216 851 1380 931 quod
1423 853 1612 913 modo
1657 855 1964 929 dicebam

183 950 352 1036 Κόγξ
395 950 642 1033 ὁμοίως,
687 951 838 1034 πάξ·
886 950 1271 1035 ἐπιφώνημα.
1317 956 1594 1034 sequitur
1633 957 1796 1015 enim
1823 974 1964 1015 con-

185 1047 360 1110 tinuo
418 1045 848 1137 Κογχαλίζειν·
905 1052 1227 1132 πεποίηται
1260 1095 1263 1097 -
1295 1055 1415 1116 ἀπὸ
1473 1063 1586 1118 τοῦ
1618 1052 1793 1135 ἤχου
1819 1062 1966 1121 τῶν

182 1146 443 1237 κογχιῦν.
518 1149 726 1230 Neque
770 1147 1093 1232 quisquam
1139 1151 1490 1227 mirabitur,
1535 1154 1845 1234 quomodo
1891 1173 1967 1214 ex

182 1251 410 1332 ὁμοίως
453 1244 694 1309 factum*
728 1253 808 1310 sit
852 1254 951 1333 ὄμ.
1038 1252 1196 1312 Nam
1241 1254 1600 1330 hujusmodi
1642 1254 1964 1327 vocabula,

182 1368 353 1430 quae⁴
381 1348 665 1408 omnibus
710 1353 950 1428 paginis
994 1346 1374 1431 repetuntur,
1419 1353 1655 1412 librarii
1700 1353 1780 1413 ad
1813 1372 1963 1432 pau-

182 1442 297 1509 cas*
339 1450 547 1509 literas
604 1446 878 1526 redigere
933 1450 1135 1509 solent
1188 1451 1477 1510 initiales.
1580 1445 1812 1531 Supra,
1855 1453 1964 1511 ubi

179 1549 498 1628 legebatur
546 1548 798 1630 Ἅβὸίου
847 1550 1072 1631 Ἑρμοῦ
1118 1551 1338 1620 δοῦλος
1381 1550 1693 1629 Bentlejus
1718 1552 1803 1609 *in
1845 1551 1962 1631 Ep.

180 1650 262 1709 ad
302 1650 454 1710 Biel.
498 1669 557 1729 p.
603 1649 746 1707 227.
803 1651 1107 1729 principio
1154 1650 1550 1733 ἑρμηνεύεται
1595 1649 1960 1730 compendio
2039 1724 2041 1726 Ι
2132 1642 2134 1647 ”

179 1754 504 1832 scriptum,
575 1747 796 1807 dehinc
861 1751 926 1808 in
986 1751 1214 1833 Ἑρμοῦ
1286 1750 1695 1832 depravatum
1764 1760 1960 1830 putat.
2015 1819 2019 1822 ,

177 1853 512 1931 Ipsumque
577 1851 695 1908 hoc
761 1848 1125 1911 adverbium
1181 1852 1409 1933 ὁμοίως
1467 1861 1722 1932 propter
1778 1860 1962 1910 notae
2019 1916 2022 1918 ,

179 1951 686 2030 tachygraphicae
773 1950 1219 2026 ignorationem
1309 1954 1555 2030 saepius
1644 1951 1960 2027 omissum,

178 2051 330 2110 alias
374 2043 601 2112 vitiose
646 2051 1030 2128 exscriptum
1077 2061 1172 2110 est
1232 2070 1291 2111 v.
1330 2051 1617 2110 Schaefer
1660 2050 1740 2109 ad
1773 2051 1959 2109 Dion.

179 2140 395 2231 Comp.
452 2150 590 2210 XII.
653 2146 790 2208 138.
848 2147 1061 2229 Neque
1105 2151 1221 2210 hoc
1264 2151 1465 2210 solum
1510 2169 1624 2230 pro
1667 2150 1777 2208 illo
1823 2136 1960 2208 bra-

176 2254 404 2311 minieo
460 2249 789 2330 scindapso
846 2269 1195 2330 supponere
1252 2253 1396 2310 licet
1439 2251 1549 2311 sed
1595 2252 1780 2310 etiam
1826 2249 1961 2309 bre-

175 2354 315 2414 vius
352 2353 542 2425 ὀἷον,
600 2369 721 2430 quo
763 2350 1116 2427 Hesychius
1171 2354 1238 2411 in
1281 2352 1738 2415 vocabulorum·
1769 2351 1960 2430 expli-

178 2454 418 2512 catione
462 2454 686 2524 utitur‚
716 2451 906 2513 'velut
942 2455 1261 2527 Ἑλέπουν,
1308 2455 1444 2517 οἷον
1487 2442 1774 2526 ἐλὲπιζον.
1820 2450 1960 2510 Hoc

175 2544 380 2612 autem
424 2546 736 2610 'concesso
802 2571 1144 2631 repugnare
1212 2571 1336 2612 non
1392 2570 1752 2632 possumuS,
1811 2552 1958 2629 quin

173 2652 474 2729 Hesychii
541 2652 742 2729 glossa
801 2650 970 2736 Κόγξ
1024 2653 1251 2734 ὁμοίως
1307 2653 1408 2713 Vel
1465 2654 1599 2716 οἷον
1652 2651 1803 2724 πάξ,
1890 2654 1956 2710 in

173 2755 334 2813 hunc
365 2754 643 2813 'modum
700 2754 1062 2833 accipiatur:
1121 2762 1445 2831 utrumque
1500 2771 1634 2811 esse
1689 2751 1955 2813 vocabu-

165 2855 303 2924 *lum
347 2857 795 2937 πεποιημένον,
852 2862 922 2912 ut
975 2853 1285 2911 Rhetorici
1329 2852 1694 2930 loquuntur,
1752 2851 1833 2911 ad
1877 2853 1954 2911 si-

173 2953 586 3013 militudinem
643 2955 782 3012 soni
840 2956 945 3033 qui
999 2955 1068 3012 fit
1121 2953 1316 3026 flictu,
1373 2953 1654 3032 planem,
1712 2952 1952 3032 plauSU,

175 3064 237 3114 et
301 3055 442 3113 hinc
495 3073 607 3133 per
663 3054 971 3135 quandam
1031 3054 1534 3130 significationem
1590 3051 1952 3110 transfertur

174 3154 255 3214 ad
308 3154 376 3213 id
433 3154 598 3233 quod
653 3155 947 3228 fractum,
1006 3154 1333 3233 abruptum
1392 3153 1663 3212 decisum
1706 3151 1950 3210 absolu-
1996 3163 2001 3167 ·

173 3265 423 3336 tumque
469 3264 575 3315 est.
663 3253 805 3316 Jam
846 3275 972 3316 non
1016 3253 1234 3327 video,
1279 3252 1432 3334 quid
1471 3255 1605 3333 spei
1631 3252 1948 3331 ‘reliquum

174 3358 269 3415 sit.
358 3353 513 3415 Nam
573 3350 739 3435 quod
794 3375 982 3416 unum
1038 3352 1258 3426 restat,
1317 3351 1469 3426 πάξ,
1524 3352 1619 3425 id,
1682 3351 1946 3414 velimus
