2158 3848
219 202 345 264 692
751 208 989 254 mnan
1035 209 1463 259 SECUNDUS.

222 366 261 407 a
304 362 429 405 non
473 341 768 404 fabulosis
814 339 1075 400 discerni
1118 340 1377 418 possint,
1426 355 1534 398 seu
1579 339 1732 418 quia⁴
1767 336 2000 396 nullam

220 444 449 506 habent
458 490 480 519 ,
568 462 675 503 seu
747 441 891 523 quia
960 437 1473 499 Ruhnkenianum
1524 435 1705 497 -illud-
1752 444 2004 508 tenent,

222 546 407 604 haec
463 563 501 603 a
555 542 841 622 peritis
885 540 1372 612 sentiuntur,
1427 537 1830 619 imperitis
1874 534 2007 594 de-

223 642 649 705 monstrari
713 624 862 697 non
931 646 1290 718 possunt,
1375 655 1496 716 quo
1565 637 1815 704 nomine
1881 653 2007 704 non

223 743 563 804 mediocres
605 739 887 799 homines
930 735 1040 796 sed
1079 735 1339 797 Wolfios
1377 735 1758 816 Vossiosque
1784 754 1834 795 a
1875 753 2010 811 my·-

225 844 426 903 steriis
482 841 610 900 suis
666 845 965 919 spernunt
1020 845 1082 896 et
1111 845 1459 913 segregant.
1495 837 1763 915 ¹,quue
1805 837 2010 917 impu-

223 944 362 1002 nius
407 940 709 1011 seremuS‚
762 940 820 998 si
864 936 940 997 ad
987 937 1097 995 illa
1140 935 1516 1012 symbolicae
1559 937 2011 1017 interpretatio-

223 1044 318 1102 nis
362 1041 753 1121 praecipitia‚
809 1056 929 1118 quo
973 1037 1299 1104 Dissenius
1331 1055 1456 1096 xnos
1513 1047 1696 1098 vocat
1714 1035 1816 1116 [⁸],
1862 1035 2013 1093 eniti

224 1143 728 1202 recusaverimus.
812 1138 1100 1214 Legimus
1166 1138 1514 1217 complures
1576 1136 1756 1208 deos,
1809 1134 2013 1193 -Vene-

224 1262 387 1315 rem,
431 1239 770 1312 Junonem,
813 1238 1195 1310 Minervam,
1241 1237 1498 1312 Orcum,
1540 1237 1835 1309 Martem,
1880 1253 2013 1312 gra-

229 1344 387 1402 viter
429 1340 786 1400 vulneratos
830 1357 996 1410 esse,
1056 1336 1344 1416 Marsque
1366 1339 1525 1417 ipse
1568 1335 1737 1417 apud
1770 1334 2013 1395 ⁴Home—

225 1459 362 1500 rum
407 1458 540 1499 sesc
580 1435 1036 1518 propemodum
1077 1447 1362 1495 necatum
1407 1435 1555 1495 dicit
1587 1453 1724 1494 non
1766 1434 2014 1511 symbo-

225 1541 340 1600 lice
384 1538 495 1600 sed
536 1558 700 1600 vere.
790 1535 1106 1609 Quantillo
1165 1536 1385 1595 dehinc
1429 1555 1618 1617 opere
1658 1533 2016 1599 hominibus

227 1640 671 1720 superstitiosis
721 1635 1082 1717 persuaderi
1134 1645 1412 1717 poterat,
1468 1645 1539 1696 ut
1594 1635 1852 1696 deorum
1905 1636 2016 1695 ali-

226 1760 406 1820 quem
464 1749 779 1800 mortuum
838 1736 1154 1797 crederent
1208 1748 1270 1796 et
1324 1738 1680 1796 solemniter
1723 1735 2017 1796 deflerent

226 1850 407 1920 atque
451 1840 920 1911 conclamarent,
963 1856 1111 1897 mox
1138 1838 1371 1898 scilicet
1392 1837 1808 1899 revicturum?
1851 1835 2016 1901 Hinc

228 1939 309 2000 ad
353 1939 792 2020 disputationis
836 1947 1083 1998 nostrae
1126 1956 1432 1999 summam
1477 1937 1936 2019 proficiscimur.

998 2166 1052 2246 ξ.
1146 2165 1239 2225 ιο.

398 2336 858 2396 Onomacritum
903 2337 1190 2414 Dionyso
1237 2337 1406 2413 orgia
1441 2333 1790 2395 condidisse
1822 2343 1886 2394 et
1919 2352 2016 2395 ca-

225 2448 404 2493 suum
450 2438 582 2513 ejus
627 2447 902 2496 auctores
947 2437 1333 2517 perhibuisse
1380 2436 1636 2495 Titanes
1679 2435 2014 2506 Pausanias

226 2543 500 2605 testatur.
551 2536 812 2600 *Bacchi
867 2548 1073 2597 autem
1132 2540 1303 2614 orgia
1358 2547 1501 2603 ante
1542 2536 2012 2604 *Onomacritum

224 2636 395 2695 nulla
430 2636 646 2708 fuisse,
690 2637 846 2713 huic⁴
876 2636 1125 2695 credulo
1170 2635 1825 2715 antiquitatis.fautori
1859 2651 2012 2691 nun-

227 2755 408 2816 quam
452 2738 517 2795 in
562 2745 834 2821 mentem
877 2738 1067 2796 venit.
1164 2737 1376 2815 Itaque
1419 2736 1537 2793 hoc
1579 2732 2010 2793 tantummodo

344 2906 412 2963 [g]
445 2907 515 2949 Ad
545 2906 671 2950 Pind.
703 2896 914 2958 Nem2X.
946 2903 1016 2947 55.
1048 2919 1090 2962 p.
1119 2903 1220 2947 471.
1250 2904 1545 2947 Doctrina
1574 2903 1638 2945 de
1681 2907 1858 2946 morte
1887 2903 2012 2946 deo-

225 2977 339 3006 rum
391 2970 522 3008 orta
575 2964 909 3008 observatis
963 2963 1486 3006 vicissitudinibus
1537 2976 1721 3005 rerum
1769 2967 2011 3005 naturae

226 3021 590 3080 siderumque
643 3023 760 3066 fuit
811 3022 1167 3078 symbolica3
1222 3023 1322 3064 ubi
1377 3026 1559 3063 autem
1603 3021 1826 3077 aliquis
1869 3020 2008 3062 deus

225 3086 537 3138 temporum
578 3096 864 3137 processu
907 3080 972 3123 ad
1016 3081 1250 3123 heroum
1281 3094 1458 3136 genus
1488 3084 1648 3122 esset
1677 3083 2007 3130 revocatus,
2042 3118 2045 3121 ,

222 3139 497 3183 inventae
550 3140 813 3193 fabulae,
867 3140 1076 3196 quibus
1124 3139 1322 3181 mortis
1379 3152 1551 3181 causa
1604 3137 2007 3194 explicaretur

220 3197 422 3253 paullo
453 3198 646 3242 aliter.
690 3199 792 3242 Scio
823 3199 879 3241 ab
910 3198 1148 3241 hominibus
1176 3197 1362 3241 indoctis
1392 3203 1436 3240 et
1465 3195 1716 3252 vaniloquis·
1735 3194 1845 3238 talia
1873 3195 2006 3238 multa

221 3255 309 3297 dici
338 3260 382 3298 et
410 3257 620 3313 imperitis
649 3257 852 3301 facillime
881 3255 1146 3314 persuaderi.
1207 3256 1296 3299 Sed
1326 3255 1548 3299 Dissenius
1562 3288 1574 3307 ,
1619 3255 1700 3297 hoc
1729 3260 1796 3298 est
1823 3254 1894 3296 vir
1927 3253 2005 3295 do-

222 3317 316 3355 ctus
347 3320 392 3356 et
420 3316 514 3358 veri
544 3315 788 3372 studiosus,
835 3316 988 3373 quibus
1030 3315 1269 3358 rationibus
1300 3315 1539 3373 opinionem
1569 3312 1871 3371 inopinabilem
1904 3325 2006 3352 con—

220 3371 467 3415 firmaturus
498 3374 569 3426 sit,
600 3388 683 3417 non
713 3373 910 3430 dispicio.
