2158 3848
717 253 1291 300 ELEUSINIA.
1812 240 1893 303 91

121 395 323 457 Schol.
377 388 552 450 Pind.
608 387 784 466 Pyth.
840 385 944 446 IV.
1001 382 1147 446 281.
1204 387 1351 454 ἔθος
1404 381 1483 463 ἦν
1522 393 1653 449 τῶν
1693 395 1898 452 τελευ*

121 492 446 575 τησάντων
488 491 575 553 ἐπ’
621 487 974 566 ἀλλοδαπῆς
1014 486 1128 569 τὰς
1171 485 1380 568 ψυχὰς
1413 482 1520 546 διά
1552 494 1744 549 τινων
1776 514 1900 569 μυ-

124 591 392 674 στηρίων
436 589 963 654 ἀνακαλέσασθαι.
1059 584 1352 646 Annaeus
1398 585 1549 644 GaZ.
1594 585 1899 666 Theophr.

120 713 182 775 p.
226 690 328 752 24.
387 690 566 768 (Bibl.
610 688 781 765 Bing.
827 687 897 747 T.
942 686 1079 747 XII.
1125 686 1294 765 627.)
1349 687 1520 770 παρὰ
1561 687 1903 758 Χαλδαίοις

122 793 227 856 καὶ
278 789 642 877 Αἰγυπτίοις
697 788 803 851 καὶ
840 788 1123 868 Ἕλλησιν
1177 789 1236 850 οἱ
1287 786 1400 858 τὰς
1455 783 1697 856 τελετὰς
1751 788 1904 874 ἐγεί-

124 915 334 976 ροντες
374 891 480 953 καὶ
521 888 837 977 γοητεύειν
876 897 1009 951 τῶν
1042 886 1232 950 πάλαι
1263 885 1764 967 τελευτησάντων
1794 889 1908 960 τὰς

122 992 330 1077 ψυχὰς
374 989 912 1078 ἐπαγγελλόμενοι,
957 992 1011 1050 εἰ
1051 989 1167 1066 τὴν
1201 986 1475 1069 Ὁμήρου
1512 992 1811 1063 ἐκκαλεῖν,
1856 995 1910 1052 εἰ

123 1093 239 1173 τὴν
276 1095 571 1176 Ὀρφέως,
615 1097 668 1153 εἰ
701 1089 1066 1172 Φορωνέως,
1112 1092 1166 1149 εἰ
1205 1087 1322 1166 τὴν
1354 1088 1686 1170 Κέκροπος,
1734 1091 1910 1151 ἄλεκ-

125 1191 362 1276 τρυόνα
414 1191 682 1262 θύοντες
736 1189 842 1252 καὶ
886 1194 1250 1271 χαρακτῆρα
1304 1186 1775 1273 ὑπογράφοντες
1819 1190 1910 1251 λε’-

124 1314 308 1379 γουσι
362 1295 811 1376 προκαλεῖσθαι
862 1289 967 1351 καὶ
1007 1286 1344 1352 δεικνύναι.
1433 1288 1705 1352 Simonis
1750 1291 1915 1368 magi

126 1392 516 1474 praestigiaS‚
569 1391 790 1473 quibus
833 1390 1010 1470 pueri
1053 1389 1320 1469 speciem
1365 1408 1441 1448 ex
1484 1404 1626 1449 aere
1668 1390 1914 1463 format,

127 1493 372 1574 τελετήν
412 1503 598 1556 vocat
641 1490 924 1553 Clemens
965 1490 1225 1567 Recogn.
1268 1490 1344 1549 II.
1389 1490 1490 1550 26.
1534 1491 1677 1551 637.
1725 1490 1795 1550 T.
1838 1492 1916 1551 Π.

130 1594 330 1673 Sagae
387 1604 703 1656 mortuum
747 1591 1059 1654 evocantis
1103 1590 1400 1651 miracula
1440 1589 1753 1675 μυστήρια
1788 1590 1919 1651 He-

131 1695 352 1756 liodor.
395 1696 575 1757 Aeth.
619 1694 722 1755 VI.
768 1691 867 1751 14.
894 1688 1055 1750 251.
1133 1692 1218 1750 Et
1259 1692 1356 1750 his
1398 1710 1721 1770 magorum
1766 1692 1920 1751 offu-

136 1798 244 1857 ciis
297 1797 597 1876 proxima
653 1790 991 1854 similitudo
1047 1810 1187 1852 cum
1243 1792 1703 1852 Platonicorum
1757 1801 1921 1854 τελε-

136 1902 271 1966 ταῖς
309 1893 733 1983 ιᾶγιωτάταις,
789 1910 943 1972 quae
985 1893 1276 1971 quoniam
1321 1894 1490 1973 turpi
1534 1890 1920 1973 quorundam

138 2015 343 2056 errore
395 1997 539 2055 huic
594 2012 816 2054 causae
869 1992 1223 2072 implicatae
1282 2002 1455 2067 sunt,
1514 2013 1741 2074 operae
1783 2013 1921 2075 pre-

139 2099 294 2158 tium
336 2098 456 2156 erit
498 2114 711 2156 earum
754 2093 1151 2154 simulacrum
1194 2091 1311 2153 hoc
1352 2094 1490 2154 loco
1533 2090 1820 2156 inserere.

911 2262 964 2344 ξ.
1053 2262 1149 2324 14.

299 2409 560 2484 ¹Etenim
602 2422 714 2482 illo
757 2421 933 2482 fatali
975 2431 1274 2503 tempore,
1320 2442 1441 2504 quo
1489 2427 1690 2487 omnis
1714 2426 1927 2486 huma-

145 2544 260 2586 nus
318 2534 381 2584 et
432 2523 631 2586 civilis
688 2523 884 2582 cultus
940 2523 1128 2582 seculi
1186 2524 1252 2582 in
1293 2525 1470 2604 pejus
1514 2528 1748 2588 ruentis
1791 2547 1929 2589 ver-

146 2628 336 2706 tigine
400 2623 656 2685 haustus
709 2641 958 2704 pessum
1013 2625 1105 2683 ire
1163 2626 1394 2705 coepit,
1461 2628 1623 2688 inter
1691 2637 1932 2689 caetera

149 2727 457 2808 gliscentis
501 2720 808 2786 barbariei
851 2726 1023 2803 signa
1065 2734 1128 2784 et
1151 2736 1438 2806 portenta
1465 2728 1802 2809 pullulavit
1822 2731 1932 2790 illa

151 2846 236 2888 ex
289 2829 482 2889 variis
536 2827 812 2887 fontibus
872 2832 1217 2906 temperata
1260 2815 1682 2911 Theosophia‚
1739 2830 1933 2890 futuri

152 2930 490 3003 scientiam,
533 2928 805 2989 fatorum
847 2927 1120 3006 regimen
1137 2927 1210 3012 [g]
1258 2937 1319 2989 et
1361 2930 1659 3011 quidquid
1689 2931 1932 2991 hiantes

157 3069 236 3114 ἐπὶ
260 3067 517 3131 προγνώσει
541 3071 732 3113 τελετῶν
759 3067 862 3120 τοὺς
889 3066 1164 3130 ἱεροφάντας
1191 3070 1281 3116 ἀπὸ
1311 3074 1402 3115 τῶν
1468 3075 1658 3130 εγίστων
1671 3069 1934 3132 τιμημάτων

159 3129 388 3185 αἱροῦνται
428 3130 677 3187 (operosum
717 3135 972 3188 apparatum
1013 3131 1257 3187 requirunt)
1300 3132 1377 3174 καὶ
1447 3136 1491 3174 εῖ
1528 3128 1732 3187 δαπάνης
1769 3136 1936 3191 συχνῆς

161 3189 241 3230 καὶ
274 3183 406 3245 τύχης
443 3191 721 3248 συγκομίσαι
756 3190 976 3259 Κρῆσσαν
1013 3186 1206 3245 βοτάνην
1246 3192 1322 3233 καὶ
1361 3193 1529 3249 πτέρον
1565 3188 1821 3251 Αἰγύπτιον
1857 3195 1935 3236 καὶ

162 3244 321 3290 ὀστέον
353 3242 583 3305 Ἰβηρικόν.
626 3246 866 3290 Dioscond.
897 3250 950 3292 V.
982 3247 1078 3292 113.
1110 3265 1150 3307 p.
1180 3249 1277 3293 296.
1308 3250 1350 3291 b.
1383 3253 1590 3310 χρῶνταί
1622 3266 1739 3301 τινες
1768 3253 1844 3296 καὶ
1874 3253 1937 3302 εἰς

162 3301 338 3352 τελετὰς
365 3303 473 3367 αὐτῇ
500 3307 643 3363 (terra
669 3305 884 3363 Lemnia).

193 3421 222 3464 u
250 3363 345 3465 t'[8]
376 3363 463 3407 vid.
491 3364 726 3424 l’orphyrii
766 3365 903 3410 locum
933 3380 961 3411 a
990 3367 1138 3410 Fic'mo
1171 3367 1225 3409 ad
1256 3366 1366 3410 Enn.
1398 3368 1455 3412 II.
1500 3368 1552 3411 L.
1583 3368 1664 3412 ΙΙΙ.
1697 3386 1733 3414 c.
1764 3369 1805 3413 8.
1837 3370 1934 3414 126.

164 3435 190 3463 a
224 3435 249 3465 a
271 3436 353 3465 um.
