2176 3886
780 228 1358 271 ELEUSINIA.
1879 218 1962 280 39

194 362 422 445 σοφίαν
454 357 686 441 μύησιν
718 359 872 443 φαίη
911 383 1004 430 τις
1039 358 1124 423 ἂν
1148 361 1425 439 ἀληθοῦς
1448 366 1685 438 τελετῆς
1707 362 1961 426 καὶτῶν

191 466 395 525 ὄντων
427 459 512 529 ὥς
547 461 801 540 ἀληθοῦς
833 457 1596 543 μυστηρίων-παράδοσιν.
1652 460 1960 540 Μυήσεως

188 559 259 623 δὲ
301 560 454 643 μέρη
502 561 696 624 πέντε.
801 560 885 624 Τὸ
936 558 1054 641 μὲν
1099 557 1568 645 προηγούμενον
1612 561 1958 643 καθαρμός·

187 658 334 723 οὐδὲ
387 659 512 744 γὰρ
573 659 767 723 ἅπασι
825 665 956 729 τοῖς
1014 661 1416 743 βουλομένοις
1475 656 1773 742 μετουσία
1833 667 1962 723 τῶν

185 758 547 842 μυστηρίων
600 760 799 834 ἐστὶν,
858 762 983 823 ἀλλ’
1034 761 1190 825 εἰσὶν
1240 760 1349 830 οὓς
1397 760 1609 823 αὐτῶν
1643 762 1965 844 εἴργεσθαι

185 857 702 945 προαγορεύεται,
761 860 896 925 οἷον
942 861 1090 930 τοὺς
1124 866 1343 943 ’χεῖρας
1389 859 1475 941 μὴ
1521 860 1812 944 καθαρὰς
1859 861 1965 924 καὶ

186 960 407 1043 φωνὴν
443 958 740 1032 ἀξύνετον
778 963 1066 1041 ἔχοντας,
1127 961 1233 1022 καὶ
1267 959 1496 1028 αὐτοὺς
1530 960 1677 1030 τοὺς
1710 960 1797 1045 μὴ
1840 966 1964 1046 εἶρ-

184 1063 487 1147 γομένους
536 1059 778 1147 ἀνάγκη
817 1064 1156 1142 καθαρμοῦ
1195 1082 1363 1128 τινος
1395 1055 1960 1142 πρότεροντυχεῖν.

184 1162 371 1224 Μετὰ
418 1160 488 1224 δὲ
529 1160 653 1243 τὴν
700 1158 1020 1243 κάθαρσιν
1068 1159 1326 1243 δευτέρα
1372 1158 1540 1222 ἐστὶν
1585 1144 1625 1238 ἦ
1663 1167 1771 1239 τῆς
1803 1167 1965 1222 τελε-

184 1268 292 1340 τῆς
315 1259 662 1345 παράδοσις
683 1256 776 1342 [¹].
871 1259 1057 1343 Τρίτη
1105 1258 1175 1322 δὲ
1207 1259 1246 1338 ἡ
1284 1258 1782 1342 ἐπονομαζομένη
1823 1263 1964 1323 ἕπο-

183 1360 378 1424 πτεία.
470 1359 746 1446 Τετάρτη
797 1359 867 1424 δὲ
878 1406 899 1434 ,
959 1360 1125 1440 ὃδὴ
1179 1360 1284 1424 καὶ
1325 1361 1493 1429 τέλος
1534 1364 1643 1440 τῆς
1685 1359 1962 1423 ἐποπτεί-

184 1486 288 1536 ας,
346 1459 639 1531 οἷνάδεσις
691 1460 798 1524 καὶ
856 1458 1229 1544 στεμμάτων
1287 1459 1590 1534 ἐπίθεσις,
1658 1461 1807 1531 ὥςτε
1862 1460 1968 1522 καὶ

183 1563 406 1646 ἑτέροις
472 1561 546 1632 ἅς
603 1585 696 1632 τις
754 1563 1064 1645 παρέλαβε
1120 1561 1362 1631 τελετὰς
1419 1561 1814 1644 παραδοῦναι
1851 1557 1967 1622 δύ-

183 1667 457 1735 νασθαι,
514 1661 853 1743 δᾳδουχίας
897 1659 1171 1741 τυχόντα
1214 1660 1254 1740 ἢ
1301 1660 1697 1744 ἱεροφαντίας
1728 1662 1768 1740 ἢ
1800 1682 1967 1729 τινος

186 1765 370 1842 ἄλλης
416 1759 769 1845 ἱερωσύνης.
849 1762 932 1825 Ἡ
969 1759 1038 1823 δὲ
1086 1762 1326 1842 πέμπτη
1370 1762 1410 1840 ἡ
1449 1765 1511 1831 ἐξ
1550 1763 1761 1823 αὐτῶν
1797 1782 1967 1840 περι-

182 1863 479 1949 γενομένη
531 1863 690 1924 κατὰ
743 1863 814 1924 τὸ
869 1860 1157 1943 θεοφιλὲς
1217 1861 1323 1922 καὶ
1378 1865 1553 1930 θεοῖς
1605 1858 1969 1922 συνδιαιτὸν

183 1960 566 2044 εὐδαιμονία.
635 1959 774 2020 Hoc
815 1962 1002 2039 igitur
1043 1960 1181 2020 loeo
1224 1959 1488 2041 probare
1530 1959 1771 2032 volunt,
1815 1956 1968 2017 Hie-

180 2062 518 2142 rophantas
570 2060 923 2122 Eleusinios
967 2061 1192 2141 quibus
1235 2061 1470 2123 vellent
1512 2079 1693 2140 quem
1737 2057 1970 2120 vellent

181 2161 444 2241 gradum
485 2163 842 2240 assignasse.
897 2160 1229 2235 Quaeritur
1272 2179 1394 2241 quo
1430 2162 1588 2239 jure.
1643 2159 1742 2219 De
1785 2158 1970 2217 Eleu-

182 2264 357 2323 siniis
398 2262 509 2321 illa
551 2260 703 2335 diei,
747 2281 903 2343 quae
945 2261 1134 2322 modo
1177 2262 1530 2333 retulimuS‚
1575 2278 1762 2340 quum
1794 2257 1967 2317 Theo

182 2364 320 2444 ipse
359 2362 533 2420 nullo
576 2361 768 2423 verbo
814 2363 1127 2440 significet,
1188 2363 1276 2420 sic
1320 2360 1567 2420 demum
1605 2357 1780 2418 credi
1823 2374 1968 2437 pos-

184 2472 311 2536 set,
371 2463 427 2521 si
477 2460 733 2520 illorum
785 2479 1102 2520 sacrorum
1157 2460 1459 2540 quaedam
1514 2459 1770 2539 propria
1821 2466 1970 2517 nota

186 2563 475 2644 apposita
528 2567 704 2620 esset.
791 2557 976 2633 Quod
1027 2577 1153 2619 non
1209 2568 1301 2618 est
1344 2560 1452 2619 ita.
1537 2557 1696 2640 Nam
1738 2558 1967 2638 impios

185 2671 249 2723 et
289 2661 615 2722 sceleratos
667 2659 842 2721 aditu
886 2659 1158 2733 excludi,
1201 2661 1319 2718 rite
1362 2658 1658 2719 adeuntes
1701 2658 1967 2730 lustrari,

303 2785 364 2846 [f]
395 2788 566 2832 Nomen
589 2787 688 2831 ‘hoc
726 2787 916 2831 solemne
957 2792 1026 2830 est
1065 2786 1142 2829 sed
1171 2787 1230 2829 ex*
1253 2800 1302 2828 re
1331 2785 1428 2844 ipsa
1458 2790 1617 2829 natum.
1647 2783 1775 2827 Diod.
1806 2784 1859 2826 V.
1888 2779 1962 2824 49.

182 2848 240 2894 τὰ
269 2848 320 2894 ἔν
351 2843 621 2907 ἀπορῤήτοις
647 2843 896 2907 τελούμενα
924 2842 1088 2904 μόνοις
1115 2845 1422 2904 παραδίδοται
1450 2850 1544 2893 τοῖς
1595 2847 1815 2897 υηθεῖσιν.
1844 2840 1965 2884 Idem

184 2908 246 2954 11.
278 2903 349 2949 54.
391 2906 442 2951 ἐν
483 2900 722 2967 ἀποῤῥὴτῳ
753 2903 868 2949 κατὰ
896 2903 1077 2960 τελετὴν
1104 2899 1495 2962 παραδιδόμενον.
1571 2902 1763 2958 umolpus
1791 2893 1966 2948 τελετάς

185 2965 359 3024 ecl-ipsit
399 2965 478 3008 καὶ
515 2962 599 3019 τὴν
637 2967 729 3008 τῶν
755 2968 1018 3025 μυστηρίων
1045 2960 1305 3024 παράδοσιν
1331 2961 1414 3017 τὴν
1442 2966 1539 3011 ταῖς
1565 2954 1849 3019 θυγατράσιν
1878 2957 1964 3003 αὐ-

186 3026 555 3125 Ξέἷγεῑνομένηιί
584 3022 733 3126 131?ng
772 3038 808 3066 s.
847 3038 889 3067 v.
913 3023 1517 3124 'traditigds'acrofugn
1547 3017 1716 3119 Assulaelzj.
1747 3017 1855 3118 Mrtif.
1885 3015 1962 3116 XIII.

190 3155 233 3197 p.
261 3098 361 3184 2950).
390 3098 446 3187 ἒα
474 3097 584 3185 ἔοξὰ
611 3093 1448 3200 Λεέἴτιςὲστττῖιῖὶιοῒλῖρῗέιῗνωνοἴξδιξρῑιῖι
1451 3092 1558 3180 81Πί
1587 3089 1962 3196 πῗραῖαμβὲιᾙιν

189 3196 245 3242 τὰ
272 3195 495 3260 μυστήρια
525 3198 669 3242 Schol.
699 3198 834 3242 Arist.
861 3200 1000 3243 Rann.
1025 3197 1127 3244 745.
1160 3196 1309 3250 τελετὴ
1340 3198 1517 3255 λέγεται
1545 3192 1572 3250 ἡ
1603 3197 1693 3238 τῶν
1705 3195 1962 3253 μυστηρίων

190 3253 429 3316 μετάδοσις
454 3258 603 3309 schol.
631 3258 677 3304 in
705 3258 885 3315 Dionys.
915 3259 1142 3304 Hierarch.
1175 3257 1294 3300 Coel.
1323 3271 1364 3312 p.
1395 3253 1438 3298 3.
1469 3259 1514 3297 et
1539 3253 1693 3297 iisdem
1716 3251 1860 3295 verbis
1878 3250 1960 3293 Ni-

192 3315 319 3375 ceph.
356 3316 403 3358 in
442 3316 594 3372 Synes.
624 3333 666 3376 p.
696 3315 796 3361 366.
828 3317 880 3362 C.
931 3317 1212 3373 Acceptio
1251 3315 1295 3357 in
1324 3312 1680 3372 Inscriptionibus
1717 3308 1964 3354 Mithriacis

191 3373 432 3420 v.—Walch.
463 3375 519 3420 ad
547 3377 679 3421 Inscr.
711 3376 840 3420 Grut.
869 3371 914 3421 in
944 3378 1041 3422 Act.
1073 3377 1172 3420 Soc.
1203 3375 1371 3418 Jenens.
1396 3372 1460 3416 T.
1490 3372 1567 3416 IV.
1598 3386 1640 3429 p.
1673 3368 1770 3413 115.
