2158 3848
223 176 348 238 576
753 190 992 235 huma
1035 190 1465 236 SECUNDUS.

222 324 391 404 ὄρεσι
447 320 648 405 τάφος
671 322 747 402 [⁸]
794 320 1132 394 δείκνυται,
1179 325 1246 386 ἐν
1289 330 1363 403 τῇ
1403 321 1778 405 Ἀχερουσία
1823 323 2006 405 λίμνῃ

226 420 603 491 Πλούτωνος
633 422 739 484 καὶ
767 420 1169 490 Ποσειδῶνος
1185 421 1276 500 [²]‚
1312 421 1524 486 Ἡλίου
1558 421 1628 485 δὲ
1665 426 1731 487 ἐν
1751 425 2010 506 ”Ατροις

221 524 326 585 καὶ
370 520 645 601 Σελήνης
690 526 757 584 ἐν
799 518 1100 600 Κάρραις,
1149 520 1460 587 Διονύσου
1506 524 1574 588 ἐν
1622 520 1854 606 Θήβαις
1898 533 2007 583 etc.

223 622 348 683 Sed
392 630 672 684 revertor
713 622 777 679 in
823 621 1008 681 viam.

1001 850 1056 932 ξ.
1144 850 1244 912 38.

390 1021 729 1086 Numerum
775 1021 1033 1084 deorum
1060 1022 1498 1104 principalium
1524 1033 1841 1103 persenset
1865 1022 2006 1082 Pro-

220 1125 391 1185 culus
435 1126 502 1184 in
547 1123 708 1183 Tim.
753 1123 826 1183 V.
863 1124 1006 1185 303.
1052 1124 1160 1184 ubi
1205 1144 1282 1183 ex
1324 1123 1601 1184 Platonis
1649 1123 1856 1185 verbis
1899 1148 2012 1186 πα-

217 1224 331 1309 τήρ
386 1251 451 1289 τε
495 1225 602 1288 καὶ
643 1222 896 1304 ποιητής
951 1243 1076 1284 non
1125 1226 1327 1284 minus
1373 1243 1556 1304 quam
1602 1234 1866 1304 quatuor
1909 1243 2012 1282 ex-

218 1327 446 1406 sculpit
505 1325 686 1385 deos:
744 1324 946 1408 πατὴρ
1004 1324 1120 1407 μὲν
1180 1326 1212 1387 ὂ
1259 1332 1504 1407 πρῶτος
1549 1325 1671 1387 ἀπὸ
1717 1332 1830 1387 τοῦ
1876 1324 2013 1393 ἑνὸς

219 1423 522 1508 (Chrono)
564 1423 897 1509 προελθών
942 1423 1224 1506 Αἰθήρ,
1269 1425 1472 1506 πατὴρ
1520 1422 1590 1486 ’δὲ
1624 1425 1731 1486 καὶ
1763 1424 2014 1504 ποιητὴς
2108 1478 2114 1486 ,

217 1526 251 1589 ὅ
308 1525 470 1589 κατὰ
526 1524 927 1611 παράδειγμα
974 1522 1280 1594 θεόςἽὶν
1323 1549 1400 1585 τε
1447 1523 1775 1603 Φάνητα
1818 1549 2014 1607 πρω-

215 1625 553 1713 τόγονον
595 1622 934 1707 μάκαρες
977 1621 1288 1688 κάλεον·
1334 1625 1601 1705 ποιητὴς
1631 1623 1701 1688 δὲ
1745 1625 1851 1687 καὶ
1893 1649 2014 1688 πα-

215 1728 331 1811 τὴρ
390 1728 421 1790 ὃ
482 1726 670 1799 Ζεὺς,
733 1726 802 1794 ὃς
856 1725 964 1787 καὶ
1017 1734 1142 1789 νῦν
1199 1725 1435 1810 λέγεται
1480 1725 2011 1812 ὃημιουργὸςψῦᾳῖ

219 1832 483 1901 ἑαυτοῦ,
541 1824 787 1908 πατήρ
843 1850 919 1887 τε
966 1828 1214 1910 ἔργων
1249 1830 1436 1907 φαῖεν
1481 1825 1566 1889 ἂν
1609 1825 2008 1909 οἱὊρφικοί·

215 1928 469 2008 ποιητὴς
513 1926 583 1990 δὲ
627 1923 821 2008 μόνος
864 1925 896 1987 ὃ
943 1932 1051 2004 τῆς
1093 1934 1384 2007 μεριστῆς
1429 1929 1572 1988 ἐστι’
1600 1925 2013 2011 δημιουργίας

216 2029 560 2113 (Zagreus).
646 2025 1009 2085 Accuratius
1066 2044 1218 2086 vero
1279 2026 1611 2103 syrianus,
1670 2027 1776 2106 qui
1818 2025 1907 2085 dii
1952 2041 2014 2085 et
2102 2101 2111 2116 ι

216 2149 338 2210 quo
401 2127 618 2186 ordine
661 2126 782 2185 sibi
824 2128 1260 2198 successerint,
1323 2125 1594 2185 ostendit
1637 2124 1719 2185 ad
1759 2126 1918 2186 Met.
1951 2147 2012 2208 p.
2104 2117 2108 2122 ¹

219 2230 360 2290 114.
407 2248 462 2288 a.
506 2227 614 2287 ubi
649 2226 1003 2287 Aristotelis
1046 2225 1240 2288 verba
1282 2225 1449 2286 XIV.
1486 2226 1630 2286 301.
1675 2228 1733 2289 οἱ
1754 2227 2014 2306 ποιηταὶ

218 2333 277 2394 οἱ
322 2333 571 2413 οἷρχαῖοι
614 2326 813 2410 ταύτῃ
860 2327 1123 2410 ὁμοίως,
1167 2324 1207 2408 ᾗ
1250 2326 1606 2411 βασιλεύειν
1648 2328 1755 2390 καὶ
1799 2329 2013 2410 ἄρχει-ν

217 2431 416 2514 φασὶν
470 2432 546 2492 οὓ
602 2429 749 2498 τοὺς
792 2426 1079 2511 πρώτους
1123 2428 1259 2491 οἷον
1302 2427 1519 2492 Νύκτα
1563 2428 1670 2491 καὶ
1718 2428 2013 2511 Οὐρανὸν
2093 2499 2097 2503 .
2154 2502 2158 2513 ι

214 2530 254 2612 ἢ
315 2527 492 2599 Χάος
544 2528 582 2608 ἢ
636 2529 941 2592 Ὠκεανὸν
999 2529 1156 2590 ἀλλὰ
1198 2529 1312 2591 τὸν
1358 2528 1508 2590 Δία·
1569 2529 1726 2591 ἀλλὰ
1769 2525 2011 2596 τούτοις

215 2630 335 2715 μὲν
377 2629 485 2694 διὰ
527 2629 598 2692 τὸ
643 2625 1053 2710 μεταβάλλειν
1095 2627 1242 2698 τοὺς
1287 2630 1596 2711 ἄρχοντας
1639 2635 1771 2712 τῶν
1804 2629 2010 2691 ὄντων

335 2802 400 2858 [⁸]
434 2799 654 2843 Plutarch.
697 2798 752 2841 de
793 2798 978 2842 Flumin.
1019 2797 1138 2841 XIX.
1183 2797 1310 2841 1089.
1360 2797 1594 2842 Saturnum
1632 2798 1678 2841 in
1719 2797 2007 2854 Gigantoma-

218 2862 319 2905 chia
351 2861 509 2904 victum
541 2858 595 2902 ad
627 2858 868 2901 Caucasum
897 2872 944 2900 se
974 2858 1190 2915 recepisse
1218 2856 1370 2900 tradit.

336 2948 398 3005 [t]
431 2947 662 2990 Excidisse
692 2946 864 2988 videtur
893 2945 944 2989 ἐν
979 2941 1126 3001 Τήνῳ.
1188 2945 1388 2987 Clemens
1418 2944 1541 2987 Adm.
1571 2959 1614 3001 p.
1644 2942 1716 2987 26.
1743 2941 2008 2998 Ἀσκληπιὸς

217 3012 360 3051 κεῖται
391 3006 697 3066 κεραυνωθεὶς
725 3005 776 3048 ἐν
804 3008 897 3054 τοῖς
926 3003 1266 3063 Κυνοσουρίδος
1295 3001 1436 3062 ὁρίοις
1450 3017 1461 3028 ·
1507 2998 1759 3060 Φιλόχορος
1789 3003 1839 3047 ἐν
1875 2998 2006 3058 Τήνῳ

216 3060 487 3110 Ποσειδῶνά
518 3077 632 3122 φησι
661 3065 882 3122 τιμᾶσθαι
911 3060 1068 3122 ἰατρὸν
1096 3062 1232 3118 (unde
1261 3062 1336 3105 isti
1365 3062 1575 3118 colligunt
1596 3062 1804 3105 medicum
1822 3061 2007 3108 'senium
2029 3097 2033 3101 .

217 3125 349 3168 fuisse
378 3125 400 3179 )
429 3121 611 3180 Κρόνον
642 3122 692 3167 δὲ
722 3123 980 3166 ἐπικεῖσθαι
1011 3121 1116 3176 (scr.
1147 3120 1423 3165 ἀποκεῖσθαι
1453 3122 1526 3176 ἐν)
1554 3122 1755 3176 Σικελίᾳ.
1815 3121 1868 3163 In
1897 3120 2006 3163 Pas-

217 3183 338 3226 sione
368 3183 414 3224 S.
445 3182 639 3238 Philippi
668 3196 710 3238 p.
741 3178 841 3224 446.
885 3179 1078 3223 Ruinart.
1121 3180 1218 3222 Act.
1261 3180 1379 3223 Sine.
1408 3179 1687 3223 Hercules
1715 3180 1778 3221 in
1808 3178 2004 3234 Ygiae

215 3246 405 3284 monte
446 3241 806 3292 combustus,
847 3239 1200 3295 Aesculapiu
1218 3254 1239 3281 s
1278 3239 1333 3282 in
1373 3243 1557 3282 monte
1602 3236 2000 3295 Cynosuridos
2067 3242 2072 3247 ’

216 3300 588 3352 fulminatus,
629 3299 704 3342 ubi
733 3298 883 3354 Phry
896 3297 1023 3354 giae
1053 3298 1348 3350 scribendum,
1388 3311 1539 3341 nomen
1569 3296 1655 3342 loci
1682 3297 1729 3340 in
1758 3296 1894 3349 Oeta,
1929 3295 2001 3351 qui

217 3358 339 3416 Pyra
366 3363 562 3403 vocatur.
593 3373 635 3401 v.
665 3357 889 3402 Muncker.
920 3357 976 3400 ad
1005 3356 1169 3413 Hygin.
1202 3371 1245 3414 p.
1279 3355 1349 3399 83.
