2158 3848
766 241 1237 286 onpnch:
1762 230 1892 292 739

0 379 2 414 ὲ
97 373 401 452 repetenti
435 371 631 447 cedet,
675 390 854 451 quem
890 371 1099 450 ipsum
1133 370 1417 446 mysterii
1453 369 1655 433 divini
1689 376 1893 452 cogni-

98 473 333 532 tionem
376 470 708 532 undeunde
736 479 1067 551 acceptam
1111 469 1402 530 habuisse
1447 480 1704 531 constat.
1764 473 1893 534 Au-

95 573 376 649 gustinus
435 571 577 634 adv.
630 570 843 631 Faust.
900 570 971 631 L.
1025 569 1195 631 XIII.
1255 568 1352 631 15.
1407 592 1468 652 p.
1518 568 1656 635 185.
1701 571 1773 631 Ε.
1822 573 1895 632 Τ.

96 671 261 732 VIII.
331 670 648 749 Sibylla
690 690 929 752 porro
976 681 1052 731 et
1095 670 1460 753 Orpheus
1505 681 1581 731 et
1622 674 1894 732 nescio

94 773 272 852 quis
315 771 640 833 Hermes
687 782 760 832 et
803 773 869 833 si
914 772 1045 853 qui
1089 772 1232 832 alii
1266 781 1488 834 vates
1524 772 1652 833 vel
1688 772 1895 831 theo-

94 871 258 950 logi
318 873 447 937 vel
503 872 969 954 philosophi
1012 873 1356 950 gentium
1402 871 1494 931 de
1532 872 1723 940 filio
1770 871 1898 931 dei

95 982 227 1033 aut
271 971 362 1032 de
406 983 634 1054 patre
679 970 822 1032 deo
868 991 1054 1034 vera
1096 972 1605 1054 praedixisse
1647 974 1898 1053 perhi-

94 1072 410 1146 bentur,
455 1073 669 1135 valet
713 1070 1021 1153 quidem
1064 1071 1368 1151 aliquid
1412 1071 1507 1131 ad
1562 1089 1895 1151 pagano-

94 1192 256 1233 rum
334 1175 775 1234 vanitatem
854 1170 1446 1244 revincendam,
1544 1190 1695 1231 non
1777 1181 1897 1233 ta-

93 1291 260 1333 men
304 1271 396 1331 ad
440 1274 772 1332 istorum
818 1271 1380 1331 auctoritatem
1425 1271 1901 1352 amplecten-

94 1369 386 1452 dam[†].
475 1369 611 1430 Sed
660 1379 727 1430 ut
784 1370 938 1430 haee
995 1371 1200 1429 curiae
1245 1389 1458 1431 sacrae
1503 1373 1900 1434 vaframenta

93 1473 620 1545 transmittamuS,
668 1469 765 1530 vde
821 1471 1130 1530 sententia
1172 1473 1342 1551 ipsa,
1389 1490 1573 1552 quam
1617 1471 1899 1534 Justinus

96 1572 382 1652 Orpheo,
439 1571 818 1652 posteriores
873 1569 1160 1630 Hermeti
1216 1571 1530 1647 tribuunt,
1575 1574 1900 1654 paululum

96 1672 507 1734 dubitationis
550 1680 851 1753 superest.
937 1671 1188 1730 Etenim
1244 1672 1311 1731 hi
1356 1676 1747 1735 accusativos
1791 1667 1902 1737 οὖ-

97 1772 296 1857 ρανόν
352 1781 416 1833 et
474 1771 679 1853 αὐδήν
733 1770 925 1833 modo
982 1773 1260 1833 vocativi
1310 1772 1448 1831 loco
1493 1776 1737 1853 positos
1781 1793 1904 1853 pu-

96 1883 261 1947 tant,
321 1872 511 1933 modo
568 1883 641 1935 ut
697 1871 1014 1950 objectum
1072 1874 1370 1932 remotius
1414 1874 1904 1954 interpretantur

96 1974 378 2053 adjuro
426 1982 502 2034 te
538 1992 682 2053 per
727 1973 1070 2046 coelum,
1117 1992 1384 2052 quorum
1423 1975 1580 2034 illud
1614 1974 1904 2034 Hermeti

97 2075 566 2136 convenientius
600 2071 872 2146 videtur,
908 2073 1024 2132 hoc
1058 2071 1307 2153 Orpheo
1338 2073 1662 2134 Musaeum
1700 2094 1904 2148 suum,

99 2179 283 2255 quem
342 2172 631 2234 omuibus
690 2172 843 2233 locis
905 2173 1224 2253 appellare
1280 2174 1474 2248 solet,
1542 2183 1653 2234 aut
1711 2175 1906 2234 alium

96 2275 514 2346 initiatorum,
612 2274 713 2333 cui
785 2273 1101 2332 doctrinae
1174 2292 1401 2334 arcana
1462 2275 1904 2335 commissurus

99 2385 266 2449 erat,
353 2394 467 2455 per
522 2373 763 2433 coelum
820 2373 1096 2453 coelique
1156 2374 1503 2436 effectorem
1550 2375 1906 2449 obtestanti,

99 2485 209 2536 aut
253 2485 322 2537 ut
362 2473 548 2536 fidem
597 2472 852 2535 haberet
896 2473 1078 2534 dictis
1125 2486 1233 2535 aut
1275 2495 1354 2534 ne
1400 2478 1753 2537 enuntiaret
1797 2495 1905 2535 au-

101 2574 259 2652 dita3
342 2594 462 2658 quo
532 2582 720 2657 pacto
790 2573 1145 2636 Alexander
1216 2576 1569 2637 Trallianus
1641 2576 1906 2638 verbum

103 2677 369 2761 ὁρκίζειν
426 2695 563 2736 cum
623 2674 861 2758 duplici
919 2676 1273 2738 accusativo
1321 2677 1637 2754 conjungit
1680 2676 1907 2760 ὁρκίζω

107 2798 174 2841 σε
226 2779 297 2842 τὸ
355 2779 562 2861 ὄνομα
611 2776 688 2839 τὸ
745 2777 906 2862 μέγα
946 2773 1166 2850 Ἰσώθ,
1213 2774 1508 2859 Σαβαιόὸ
1555 2786 1669 2836 etc.
1757 2776 1907 2836 Pos—
1980 2844 1985 2852 ,

105 2894 246 2958 sum
298 2876 447 2951 hoc,
518 2875 683 2958 quod
739 2877 1057 2955 intelligo,
1114 2896 1241 2936 non
1297 2876 1520 2937 melius
1579 2876 1909 2950 illustrare,

106 2992 320 3060 quam'
351 2979 404 3037 si
461 2976 795 3038 formulam
855 2976 1293 3056 adjurationiS‚
1338 2994 1459 3056 qua
1503 2985 1746 3037 veteres
1791 2977 1909 3038 Ar-

108 3079 439 3139 chemistae
482 3080 579 3138 usi
624 3086 800 3150 sunt,
857 3078 976 3137 huc
1017 3088 1457 3157 transposuero
1505 3097 1540 3135 e
1583 3078 1742 3137 libro
1790 3078 1908 3137 Isi-

110 3178 206 3238 dis
251 3178 714 3260 transscriptam
762 3197 799 3237 a
844 3177 1161 3240 Borrichio
1218 3180 1282 3236 in
1327 3176 1605 3238 Hermet.
1653 3178 1799 3259 Sap.
1845 3198 1905 3258 p.

231 3349 298 3405 [Η
331 3348 391 3392 Si
428 3353 562 3391 sunt
591 3349 820 3406 aliqua,
852 3354 914 3390 ut
944 3350 1090 3393 fama
1119 3354 1236 3399 est,
1267 3347 1541 3403 Sibyllae
1571 3347 1635 3389 de
1667 3347 1910 3389 Christo

113 3406 435 3466 praesagIa
466 3412 565 3451 aut
595 3407 846 3466 Orphei,
878 3407 1031 3451 Fausti
1062 3407 1199 3450 verba
1227 3411 1326 3449 sunt
1355 3406 1462 3450 ibid.
1496 3422 1532 3448 c.
1568 3406 1634 3448 17.
1670 3406 1766 3449 187.
1799 3407 1849 3448 Α.

1402 3480 1569 3539 47*
