2158 3848
815 245 1268 290 ORPHICA.
1803 237 1930 298 447

153 379 265 439 bus
291 395 475 458 quam
499 373 800 449 Clemens,
841 391 1042 454 neque
1079 373 1180 434 hic
1216 382 1313 434 tot
1353 376 1732 457 apposuerit,
1777 395 1930 462 quot

152 477 540 538 Aristobulus
582 474 985 537 Eusebianus.

940 686 993 769 ξ.
1083 656 1183 748 2.’

311 872 403 933 Ac
444 876 712 953 primum
759 871 1045 954 quidem,
1103 870 1268 952 quod
1313 870 1392 931 ad
1435 870 1759 936 Justinum‘
1791 877 1929 936 atti-

143 984 278 1046 net,
359 984 430 1033 ut
485 974 666 1034 facile
722 972 903 1032 credo
961 991 1104 1031 eum
1160 990 1287 1031 non
1344 973 1582 1046 omnia,
1652 992 1809 1053 quae
1862 976 1928 1035 in

72 1144 76 1147 ,
140 1083 393 1152 promtu
437 1073 720 1147 haberet,
763 1072 1039 1153 proferre
1083 1071 1392 1144 voluisse,
1435 1073 1527 1130 ita
1569 1076 1926 1148 sententiaS,

141 1193 300 1252 quae
342 1173 423 1233 ad
467 1174 904 1253 disputationis
949 1179 1253 1231 summam
1296 1173 1705 1251 pertinerent,
1750 1192 1920 1253 quas-

140 1291 259 1352 que
301 1275 440 1354 ipsa
483 1275 671 1333 series
716 1282 778 1331 et
823 1272 1208 1331 continuatio
1257 1290 1547 1333 versuum
1595 1274 1789 1333 oculis
1833 1276 1926 1333 in-

138 1384 403 1451 gereret,
464 1373 541 1432 ab
589 1392 662 1431 eo
707 1373 1008 1451 neglectas
1054 1391 1188 1432 esse
1230 1391 1455 1452 parum
1501 1372 1791 1433 credibile
1835 1375 1927 1434 vi-

140 1474 334 1533 detur.
418 1474 631 1553 Itaque
673 1473 783 1532 illa
827 1473 1018 1533 verba
1047 1479 1125 1534 Εἰ
1161 1474 1246 1554 μὴ
1291 1474 1674 1559 μουνογενὴς
1716 1500 1770 1537 κ.
1798 1499 1852 1537 τ.
1879 1478 1923 1538 ἑ.

140 1594 296 1654 quae
339 1584 402 1633 et
444 1575 506 1633 in
549 1572 759 1640 medio
804 1575 1256 1653 conspicuoque
1299 1573 1437 1632 loco
1481 1575 1687 1654 posita
1742 1586 1803 1634 et
1846 1574 1926 1636 ad

139 1673 367 1733 Justini
413 1692 660 1751 causam
709 1676 1236 1753 opportunissima
1281 1684 1442 1747 sunt,
1486 1693 1613 1734 non
1644 1694 1787 1734 casu
1820 1694 1926 1734 ne-

140 1795 257 1854 que
304 1775 557 1833 consilio
602 1775 962 1833 transmissa
1018 1773 1128 1832 sed
1174 1779 1425 1832 omnino
1488 1776 1546 1832 ei
1598 1793 1725 1832 non
1768 1756 1926 1834 lecta

139 1875 419 1934 arbitror.
508 1873 864 1953 Eademque
922 1873 999 1932 de
1059 1870 1373 1932 Clemente
1441 1876 1744 1933 sententia
1813 1885 1923 1947 est,

138 1976 241 2054 qui
287 1993 474 2053 quum
517 1973 717 2046 idem,
780 1972 946 2052 quod
989 1974 1128 2046 ille,
1192 1973 1538 2053 approbare
1584 1985 1922 2048 conaretur,

135 2076 503 2135 veterrimos
574 2073 872 2132 Graeciae
937 2083 1156 2154 poetas
1228 2074 1539 2133 Mosaicae
1611 2073 1923 2132 doctrinae

135 2175 361 2234 notitia
402 2174 674 2233 imbutos
718 2174 937 2246 fuisse,
999 2192 1125 2233 non
1181 2173 1352 2233 aliud
1407 2175 1772 2233 luculentius
1828 2193 1921 2232 re-

135 2277 341 2356 perire
397 2283 647 2355 poterat
702 2292 924 2333 causae
982 2292 1130 2332 suae
1185 2275 1672 2347 firmamentum,
1739 2292 1920 2353 quam

138 2393 393 2435 versum
438 2374 807 2448 secundum,
867 2375 965 2432 cui
1009 2373 1403 2435 Aristobulus
1446 2392 1743 2454 perquam
1801 2374 1922 2433 cal-

135 2473 264 2533 lide
308 2475 458 2553 legis
506 2474 754 2536 divinae
799 2492 1026 2533 nomen
1083 2477 1367 2548 inseruit,
1433 2484 1496 2532 et
1538 2476 1920 2552 trigesimum

133 2585 374 2635 sextum
441 2594 512 2635 ac
570 2584 922 2655 sequenteS,
1009 2573 1229 2654 quibus
1303 2574 1579 2652 decalogi
1638 2574 1920 2634 conditor

131 2675 540 2756 praedicatur.
597 2672 768 2748 Quos
815 2693 1030 2737 versus
1076 2694 1264 2755 quum
1311 2676 1588 2760 omiserit
1615 2672 1917 2748 Clemens,

132 2775 445 2853 ignorasse
500 2774 946 2835 existimandus
1005 2785 1097 2834 est
1151 2776 1301 2841 haec
1354 2764 1768 2855 posteriorum
1811 2795 1918 2837 ve-

134 2881 471 2936 teratorum
527 2874 967 2936 additamenta.
1056 2876 1126 2934 In
1180 2878 1536 2938 universum
1592 2877 1776 2953 igitur
1830 2878 1918 2935 sic

137 2975 437 3035 contendo
457 3020 474 3049 ,
519 2973 868 3036 Justiniano
912 2976 1256 3054 fragmento
1304 2979 1580 3036 omnium
1626 2973 1916 3036 brevissi-

135 3090 242 3132 mo
285 3075 714 3155 primigeniam
759 3078 1044 3136 carminis
1091 3075 1373 3156 Orphici,
1420 3076 1619 3155 qualis
1665 3074 1912 3156 quidem

133 3170 259 3230 illis
303 3175 680 3253 temporibus
725 3175 874 3249 fuit,
939 3177 1206 3236 formam
1262 3177 1738 3256 repraesentari3
1804 3194 1912 3234 no-

134 3289 254 3332 vae
298 3263 790 3354 interpolationis
845 3277 1156 3356 specimen
1212 3275 1507 3356 praebere
1562 3277 1911 3357 exemplum

137 3367 499 3447 Clementis,
542 3375 703 3455 quod
750 3373 1095 3435 Justiniano
1141 3378 1450 3457 copiosius
1496 3388 1606 3448 est,
1672 3376 1907 3436 Aristo-
