2176 3886
200 243 286 304 28
786 252 1022 298 LIBER
1066 254 1376 301 PRIMUS.

202 386 271 446 Si
312 385 496 462 igitur
536 400 660 444 non
705 383 1038 448 admodum
1082 390 1330 450 ariolari
1370 405 1566 468 neque
1607 398 1821 448 nostro
1863 408 1985 468 pe-

197 484 390 544 riculo
406 527 423 558 ,
477 483 772 565 quidquid
828 506 1098 568 unquam
1155 488 1233 548 de
1293 488 1420 548 ullo
1475 507 1692 566 genere
1743 498 1972 565 myste-

198 585 431 644 riorum
483 594 795 658 narratur,
859 586 928 646 id
986 597 1238 668 propter
1291 589 1560 647 nominis
1614 589 1969 648 societatem

199 683 281 745 ad
322 685 638 745 Eleusinia
679 686 1006 770 transferre
1049 688 1355 762 volumuS,
1398 694 1533 747 tota
1573 688 1684 746 illa
1718 697 1973 747 tessera·
2046 746 2051 750 ,

195 803 335 845 rum
379 794 440 844 et
481 783 903 861 symbolorum
945 788 1220 849 inventio
1266 786 1693 867 explodenda,
1735 789 1972 868 potius-

197 903 315 964 que
369 886 456 943 sic
498 883 893 944 statuendum
939 896 1062 960 est,
1124 886 1384 964 adytum
1428 888 1815 948 Eleusiniam
1860 908 1973 948 sua

196 983 390 1060 magis
443 983 738 1062 religione
792 1004 974 1066 quam
1034 986 1328 1046 custodiis
1375 996 1437 1045 et
1481 987 1758 1047 excubiis
1804 990 1973 1048 circi-

196 1091 402 1143 torum
447 1091 674 1144 tectum
718 1084 925 1145 fuisse.
986 1086 1071 1145 Et
1107 1106 1262 1167 quae
1303 1086 1552 1147 tandem
1598 1106 1783 1147 causa
1826 1098 1973 1162 erat,

198 1201 303 1242 cur
359 1183 492 1263 quis
551 1185 709 1245 clam
768 1195 829 1246 et
870 1186 1082 1247 furtim
1127 1195 1476 1268 surreperet
1517 1187 1975 1269 periculumque

194 1281 395 1343 adiret
433 1286 688 1344 minime
729 1289 1156 1361 necessarium,
1200 1307 1386 1369 quum
1429 1289 1862 1367 unusquisque,
1905 1294 1976 1345 ut

195 1380 785 1459 demonstravimus,
840 1404 1014 1447 sacra
1064 1388 1177 1447 illa
1215 1390 1524 1469 suscipere
1566 1396 1779 1468 posset
1820 1397 1975 1447 tem-

194 1501 346 1563 pore
413 1493 476 1543 et
538 1484 674 1544 loco
728 1486 1043 1564 legitimo?
1112 1507 1300 1568 quum
1354 1490 1478 1569 ipsi
1533 1490 1841 1569 peregrini
1896 1486 1972 1546 ab

192 1582 538 1663 hospitibus
594 1587 818 1665 quique
872 1589 999 1646 suis
1056 1591 1302 1647 nemine
1355 1588 1720 1668 prohibente
1770 1590 1976 1648 initia-

191 1682 444 1743 rentur'.l
514 1681 714 1743 Credo
779 1683 848 1743 id
913 1687 1293 1766 insperatum
1362 1687 1634 1747 accidere
1699 1690 1805 1763 iis,
1871 1690 1977 1767 qui

191 1784 396 1842 nescio
450 1801 604 1862 quos
662 1783 1036 1863 Theologiae
1103 1789 1435 1847 esotericae
1489 1788 1808 1848 thesauros
1862 1786 1975 1847 sub

193 1884 327 1942 istis
372 1875 653 1942 claustris
698 1884 952 1944 latuisse
996 1887 1115 1947 sibi
1158 1898 1608 1968 persuaserunt.
1698 1886 1823 1948 Sed
1855 1905 1974 1961 res,

195 1984 248 2043 si
302 2001 423 2063 qua
478 1984 629 2058 alia,
698 1993 924 2044 testata
982 1995 1089 2046 est.
1200 1988 1420 2066 Lysias
1479 1990 1741 2060 amicam
1797 2005 1974 2056 suam

194 2082 465 2143 Athenas
507 2085 804 2146 invitavit
844 2086 951 2148 καὶ
1002 2087 1190 2158 αὐτὸς
1226 2089 1518 2169 ὑπέσχετο
1556 2087 1816 2173 μυήσειν
1848 2088 1974 2146 De-

193 2184 413 2244 mosth.
459 2205 507 2243 c.
550 2185 765 2245 Neaer.
793 2183 997 2246 1352.
1024 2183 1096 2267 [¹]
1146 2188 1218 2247 cf.
1265 2189 1511 2266 Taylor.
1555 2189 1700 2266 Lys.
1744 2188 1866 2248 Vit.
1911 2207 1972 2268 p.

199 2282 336 2347 151.
382 2284 451 2344 Τ.
495 2283 599 2347 VI.
669 2283 1023 2346 Andocides
1067 2306 1248 2361 Vero,
1305 2291 1410 2368 qui
1454 2287 1755 2366 Cerycum
1796 2288 1976 2347 fami-

193 2385 342 2444 liam
400 2387 761 2462 cognatione
816 2387 1180 2466 attingebat,
1240 2390 1450 2470 plures
1491 2390 1788 2451 initiavit:
1832 2387 1976 2471 τρία

195 2485 311 2568 μὲν
347 2488 447 2565 ἔτη
482 2485 800 2568 ἐπιδημῶν
835 2489 949 2549 οὐκ
989 2490 1239 2571 ἀσεβεῖν
1276 2491 1484 2559 αὐτοῖς
1510 2488 1771 2554 ἐδόκουν
1791 2496 1976 2572 μυῶν

194 2584 311 2668 μὲν
354 2586 468 2650 τὸν
519 2586 795 2670 ἀδελφὸν
825 2583 914 2665 [ff]
962 2590 1051 2649 ἔτι
1089 2587 1159 2650 δὲ
1196 2591 1418 2659 ἄλλους
1451 2590 1660 2660 ξένους
1700 2593 1973 2671 ἐμαυτοῦ

196 2685 300 2748 καὶ
349 2685 549 2756 εἲςιών
595 2692 679 2756 εἷς
730 2686 801 2748 τὸ
841 2687 1211 2752 Ἐλευσίνιον
1246 2688 1323 2749 de
1365 2689 1551 2767 Myst.
1595 2710 1655 2771 p.
1701 2687 1802 2749 64.
1887 2688 1973 2747 Μ.

195 2784 481 2847 Aurelius
534 2787 602 2845 in
656 2786 940 2866 Epistola
993 2788 1257 2867 quadam
1311 2789 1393 2850 ad
1446 2789 1762 2851 Herodem
1814 2787 1973 2848 Atti-

198 2905 334 2947 cum
369 2907 467 2970 ap.
503 2887 786 2948 Philostr.
846 2887 968 2947 Vit.
1008 2889 1196 2971 Soph.
1235 2892 1312 2951 ΙΙ.
1356 2890 1452 2951 12.
1494 2889 1779 2974 ηὐξάμην
1812 2915 1973 2973 μυη-

196 2990 408 3066 θῆναι·
454 2993 542 3068 εἴη
589 2987 659 3052 δὲ
710 2989 824 3052 σοῦ
871 3000 1468 3077 μυσταγωγοῦντος,
1538 2991 1645 3050 ubi
1691 2990 1972 3050 Olearius

275 3145 277 3147 ¹
316 3153 380 3215 [f]
415 3157 578 3202 Midias
607 3160 903 3217 Anagyrasius
931 3161 1246 3204 meretriculam
1277 3162 1488 3219 quandam
1527 3164 1590 3212 εἰς
1658 3157 1840 3220 υστήρια
1870 3156 1972 3219 ἄγει

198 3214 318 3258 Dem.
350 3231 386 3259 c.
416 3215 526 3260 Mid.
555 3215 656 3260 565.
685 3218 756 3262 24.
786 3218 1030 3291 Aristippus
1058 3220 1175 3277 Epp.
1207 3221 1328 3264 Socr.
1358 3222 1541 3266 XXVII.
1626 3225 1750 3277 yrtus
1779 3224 1824 3263 et
1852 3219 1971 3263 Xan-

197 3273 373 3330 thippae
409 3278 567 3332 rogatu
605 3277 737 3321 filiam
779 3278 857 3323 ἐπὶ
895 3293 950 3322 τα
988 3276 1212 3338 μυστήρια
1243 3276 1371 3339 ἄγειν
1401 3280 1636 3325 constituit.
1686 3279 1806 3331 Quid
1832 3278 1915 3322 hoc
1944 3291 1970 3320 a

198 3333 332 3376 verbo
359 3338 496 3392 μυεῖν
524 3334 724 3390 differat,
753 3351 903 3394 parum
932 3342 1113 3382 constat.

316 3402 378 3462 [ff]
410 3422 451 3450 v.
482 3407 656 3452 Sluiter.
685 3408 827 3453 Lectt.
857 3410 1062 3455 Andocid.
1093 3426 1136 3469 p.
1171 3410 1268 3455 158.
