2158 3848
822 203 1274 252 oRPnch.
1806 187 1929 248 735

161 346 328 421 ρῖνος
383 334 644 417 Pupam-5·
687 330 1010 416 (Γύριννα.
1069 347 1127 390 v.
1186 330 1402 411 Toups
1441 330 1523 389 ad
1575 331 1830 410 Longin.
1874 352 1934 412 p.

162 435 330 511 511.)
389 455 427 495 a
478 437 824 505 Μέλισσος,
879 432 1199 503 Μέλισσα,
1244 429 1500 501 Masoga}
1545 430 1850 511 (Theocr.)
1895 451 1937 490 a

159 535 479 606 κάλλιστος
519 529 843 597 Καλλιστώ
887 530 1105 590 zonar.
1150 549 1212 610 p.
1248 528 1391 589 459.
1436 529 1648 589 Valck.
1683 531 1747 588 in
1784 528 1934 590 Call.

157 638 398 714 Fragm.
452 654 513 714 p.
574 630 712 692 150.
772 629 1049 691 accidere
1102 630 1308 708 potuit
1363 640 1432 688 ut
1486 630 1696 689 Inachi
1727 631 1938 707 ‘cujus-

161 736 308 796 dam
363 751 591 793 nomen
646 731 871 791 Inacho
928 731 1231 809 acciperet
1272 748 1396 789 non
1440 730 1937 810 patronymicum

159 834 270 894 sed
337 832 538 894 simile
603 841 861 912 paterno
930 840 1000 888 ut
1051 827 1357 889 Nausiclis
1421 830 1548 889 filia
1616 829 1943 890 Nausiclea

160 932 481 994 Heliodor.
537 932 641 991 VI.
682 933 740 992 8.
796 930 1103 991 Nausonis
1145 928 1513 1010 Nauphante
1556 928 1745 990 Arist.
1788 929 1943 1010 qu.

165 1035 347 1096 1314.
390 1033 724 1094 Melanthis
770 1031 1053 1090 Melaena
1102 1028 1302 1087 Schol.
1349 1029 1569 1088 Aeseh.
1615 1030 1796 1089 Eum.
1845 1030 1942 1088 16.

163 1144 226 1194 et
284 1135 543 1215 parasiti
599 1129 967 1208 Syracusani
1010 1128 1204 1187 filiola
1243 1126 1621 1204 Agathoclea
1665 1128 1943 1188 denomi-

54 1219 57 1222 4
162 1245 306 1294 nata
347 1236 414 1292 in
455 1234 753 1291 honorem
798 1227 1071 1303 tyranni3
1117 1243 1272 1306 quae
1315 1246 1499 1287 nemo
1540 1229 1607 1287 in
1650 1238 1947 1310 patrony-

162 1335 336 1393 micis
391 1347 712 1390 numerare
766 1327 1110 1388 sustinebit.
1183 1327 1295 1386 'Et
1349 1346 1463 1407 pro
1522 1331 1735 1408 paucis
1788 1348 1949 1410 quae

162 1434 278 1493 huc
330 1431 547 1491 referri
603 1437 894 1510 possunt,
950 1427 1425 1488 innumerabilia
1481 1431 1723 1504 extant,
1791 1448 1946 1509 quae

162 1532 332 1592 nullo
377 1529 567 1591 modo
610 1547 864 1610 prorsus
908 1538 1187 1608 possunt,
1231 1528 1549 1588 Themisto
1594 1528 1840 1611 Hypsei
1885 1539 1948 1588 et

164 1631 384 1709 eodem
438 1632 689 1694 nomine
744 1627 1017 1689 Critonis
1072 1629 1197 1687 filia
1264 1629 1571 1706 Polyaen.
1623 1629 1786 1691 VIII.
1846 1629 1948 1691 46.

162 1732 426 1811 Megisto
483 1731 828 1809 Pelagontis
882 1729 1103 1790 Athen.
1159 1727 1327 1791 XIII.
1377 1729 1521 1790 560.
1582 1728 1647 1790 C.
1693 1728 1949 1791 Comae-

165 1827 606 1904 tho'Pterelai‚
650 1829 978 1907 Hyrnetho
1022 1829 1315 1903 Temeni,
1360 1830 1615 1907 Strymo
1659 1828 1951 1890 Scaman-

166 1932 295 2004 dri,
336 1932 542 1991 Damo
587 1930 992 2008 Pythagorae,
1035 1929 1248 2005 Eryxo
1292 1930 1480 2003 Batti,
1528 1928 1714 1991 Crino
1759 1930 1951 1991 Ante-

169 2033 337 2091 noris
383 2041 447 2090 et
489 2037 744 2090 centena
787 2028 1111 2108 ejusmodi.

334 2130 509 2191 Idem
566 2131 881 2215 Diaconus
937 2129 1017 2189 ad
1075 2150 1135 2189 v.
1191 2130 1335 2190 381.
1390 2122 1456 2194 ἐι)
1510 2141 1599 2213 τῷ
1645 2133 1957 2216 λεγομένῳ

171 2239 447 2315 Κρατῆρι

296 2343 482 2397 ’Έστιν
517 2342 582 2395 δῖῆ
614 2340 819 2395 πάντων
857 2342 987 2413 ἀρχὴ
1024 2340 1171 2404 Ζεύς.
1245 2341 1378 2404 Ζεὺς
1412 2343 1507 2412 γὰρ
1543 2342 1695 2395 ἔδωκε

311 2429 415 2494 ζῶά
449 2428 490 2481 τ’
531 2429 790 2498 ἐγέννησεν
805 2469 821 2493 ,
859 2430 943 2480 καὶ
980 2427 1103 2496 Ζῆν’
1144 2426 1301 2480 αὐτὸν
1334 2426 1569 2480 καλέουσι

268 2526 271 2529 ’
311 2517 396 2567 καὶ
432 2516 540 2568 Δία
575 2513 616 2566 τ’
656 2513 766 2582 ἧδ’,
806 2513 884 2566 ὅτι
921 2513 985 2581 δὴ
1021 2512 1110 2564 διὰ
1145 2518 1327 2564 τοῦτον
1364 2511 1568 2564 ἅπαντα
1604 2515 1850 2569 τέτυκται,

312 2597 383 2662 εἷς
419 2601 477 2652 δὲ
511 2599 679 2670 πατὴρ
717 2591 866 2661 οὗτος
902 2596 1107 2651 πάντων
1142 2601 1325 2667 θηρῶν
1360 2618 1412 2649 τε
1447 2602 1650 2668 βροτῶν
1682 2621 1734 2652 τε
1753 2603 1814 2668 [ἔ]

102 2743 105 2747 ›
173 2703 340 2775 sive,
383 2710 453 2761 ut
495 2701 787 2760 Proculus
833 2701 923 2759 ait
965 2702 1031 2758 in
1076 2696 1236 2759 Crat.
1280 2720 1341 2780 p.
1388 2698 1487 2759 56.
1531 2702 1601 2763 τὸ
1645 2701 1763 2783 μὲν
1806 2703 1952 2768 ὄνο-

177 2827 266 2883 μα
311 2801 432 2863 Δία
472 2802 587 2880 τὴν
630 2802 720 2864 δι’
769 2796 844 2863 οὗ
889 2800 1097 2863 αἰτίαν
1141 2800 1348 2878 δηλοῖ,
1392 2800 1462 2887 τὸ
1508 2799 1577 2862 δὲ
1621 2809 1793 2881 Ζῆνα
1836 2803 1952 2882 τὴν

179 2900 538 2987 ζωογονίαν.
637 2898 839 2972 Quam
881 2902 1449 2981 interpretationem
1493 2901 1626 2960 sive
1670 2899 1952 2982 Orpheus

177 3020 215 3060 a
275 2997 625 3081 Chrysippo
681 3009 997 3060 mutuatus
1073 3010 1166 3060 est
1222 3001 1291 3078 (v
1348 2999 1517 3059 Stob.
1572 3000 1700 3061 Ecl.
1759 3003 1804 3061 Ι.
1850 3003 1949 3062 26.

179 3099 308 3180 48.)
353 3102 489 3163 sive
532 3099 879 3160 Stoicorum
923 3103 1207 3181 princeps
1239 3098 1486 3181 Orpheo
1531 3119 1643 3161 suo
1677 3101 1951 3175 abstulit,

299 3239 1284 3341 [ε]111ν..100.ἰ11ἔστιδὲτῶνὰάπτων
1331 3241 1921 3343 ιιηᾱθὲστιιίιδὲσμπάτων

182 3307 227 3343 et
255 3300 341 3342 alia
370 3299 468 3342 eilci
496 3306 695 3356 possunt,
743 3306 843 3342 nte
846 3300 926 3342 rtio
958 3303 1033 3343 καὶ
1064 3299 1157 3341 δὀι
1207 3299 1292 3340 ‘el
1270 3314 1377 3355 egen
1353 3300 1435 3341 nud
1411 3314 1476 3342 um
1499 3315 1543 3343 vi
1530 3300 1685 3353 indetu
1733 3309 1926 3359 neposrt

184 3373 248 3401 mo
279 3360 457 3412 θνητῶν
486 3372 532 3401 τε
562 3360 738 3416 θξῶντ
716 3372 775 3400 τε.
