2158 3848
245 198 372 258 674
768 208 1484 254 LIBERSECUNDUS.

247 358 552 422 ponamus
634 341 842 399 animo
917 346 1196 400 veterum
1265 338 1704 399 Dicelistarum
1771 338 2027 415 ludicra,

247 459 525 522 quaeque
589 440 1076 519 peregrinatores
1145 436 1224 496 de
1289 439 1564 515 gentium
1623 438 2028 520 barbararum

213 560 216 564 ‘
247 540 608 623 spectaculis
663 556 922 597 narrare
958 537 1187 610 solent3
1247 545 1381 598 tum
1425 538 1691 619 denique
1732 540 2030 618 intellige-

244 662 414 714 mus,
470 657 624 718 quae
678 637 896 696 diebus
952 636 1247 715 profestis
1299 639 1460 697 serio
1518 641 1616 717 agi
1655 642 2030 719 tractarique

243 741 476 810 solent,
531 736 746 796 eadem
802 737 1038 795 feriatis
1079 756 1192 816 per
1235 737 1449 797 ludum
1483 740 1819 819 jocumque
1863 737 2031 798 effin-

243 842 334 917 gi,
400 838 672 911 scholas,
732 836 1000 915 judicia,
1042 836 1264 909 furta,
1335 856 1573 917 pugnas
1626 840 2030 919 funerumque

240 957 505 1019 pompas
552 947 614 997 et
657 939 1032 1017 nuptiarum.
1097 936 1330 997 Verum
1373 938 1442 997 id
1486 940 1723 1018 optime
1761 941 2031 1020 perspici

240 1048 447 1120 potest
491 1058 574 1098 ex
617 1037 926 1097 luculenta
969 1036 1402 1118 Xenophontis
1445 1040 1800 1098 narratione
1831 1038 2030 1099 Anah.

242 1141 343 1199 VI.
394 1142 445 1199 l.
492 1139 548 1199 5.
595 1140 669 1199 cf.
711 1138 878 1197 Max.
923 1137 1068 1215 Tyr.
1113 1137 1401 1200 XXVIII.
1436 1138 1496 1199 4.
1536 1137 1639 1200 58.
1683 1158 1805 1220 qua
1840 1138 2028 1199 Thra·
2121 1142 2128 1150 ’

242 1262 377 1301 cum
425 1252 486 1299 et
517 1240 866 1300 Aenianum
909 1238 1271 1299 saltationes
1315 1241 1675 1302 convivales
1709 1239 2028 1300 describit:

239 1343 512 1401 Primum
590 1336 931 1418 procedunt
1006 1339 1243 1417 aliquot
1315 1342 1540 1400 armati
1600 1342 1665 1400 in
1730 1338 2028 1412 medium,

238 1442 412 1522 quasi
458 1439 844 1500 diversarum
878 1440 1152 1517 partium
1189 1439 1447 1513 milites3
1492 1441 1666 1516 signo
1702 1436 1850 1498 dato
1887 1458 2028 1499 con-

238 1543 501 1603 curritur
512 1559 527 1615 ;
573 1556 732 1598 unus
773 1536 941 1596 cadit
975 1538 1234 1598 vulnere
1268 1540 1521 1598 mimico
1554 1547 1616 1597 et
1643 1538 1891 1598 effertur
1912 1557 2028 1619 pro

237 1652 513 1716 mortuo;
555 1641 654 1698 hic
697 1638 945 1697 fabulae
991 1641 1208 1697 exitus.
1284 1639 1442 1698 Ecce
1484 1637 1826 1716 ingreditur
1868 1639 2028 1698 alius

235 1752 539 1803 aratorem
596 1757 779 1817 agens
836 1738 946 1797 sed
998 1742 1149 1799 item
1194 1741 1386 1799 armis
1429 1741 1765 1799 instructus
1807 1739 2026 1801 adver-

235 1862 339 1904 sus
393 1840 776 1923 praedonum
831 1841 1134 1921 impetus,
1194 1859 1457 1920 quorum
1515 1857 1677 1899 unus
1731 1850 1882 1899 m‘ox
1925 1859 2025 1900 su-

232 1946 517 2023 pervenit
561 1951 622 1998 et
665 1949 1071 2019 posteaquam
1119 1941 1406 2020 utrinque
1447 1949 1786 2021 pugnatum
1836 1957 2026 2020 quan-

234 2053 367 2103 tum
411 2043 590 2115 satiS,
652 2041 904 2100 abducit
960 2042 1196 2101 victum
1257 2059 1396 2099 cum
1447 2041 1748 2118 jumentis
1793 2042 2026 2118 agrico-

232 2144 378 2202 lam.
481 2142 646 2202 Num
705 2139 977 2200 dubitari
1019 2150 1260 2220 potest,
1306 2141 1455 2219 quin
1497 2139 1652 2198 haec
1693 2149 1757 2198 et
1797 2141 2027 2200 similia

232 2251 591 2321 argumenta
645 2243 833 2300 etiam
891 2240 1110 2301 diebus
1166 2240 1342 2300 festis
1397 2240 1715 2321 explicata
1756 2239 2025 2300 fuerint'l

232 2343 638 2403 Athenienses
716 2341 966 2422 quidem
1041 2360 1230 2422 quum
1298 2341 1559 2420 Dipo’lia
1625 2339 2025 2415 celebrarent,

170 2499 173 2501 ,
232 2444 393 2501 hunc
456 2462 695 2501 morem
759 2444 1031 2501 tenuisse
1085 2442 1400 2501 feruntur:
1487 2450 1896 2522 posteaquam
1949 2461 2025 2501 ex

231 2541 509 2621 pluribus
552 2539 753 2599 bubus
799 2561 969 2600 aram
1015 2542 1251 2601 adactis
1295 2543 1380 2614 is,
1450 2543 1556 2620 qui
1598 2543 1838 2620 primus
1880 2542 2025 2602 hor-

233 2641 419 2701 deum
489 2640 854 2712 delibasset,
926 2643 1125 2698 securi
1184 2642 1341 2699 ictus
1393 2640 1643 2712 cecidit,
1699 2659 2025 2722 percussor

231 2743 498 2814 hostiae,
544 2739 719 2802 velut
759 2741 993 2816 ingenti
1036 2739 1266 2798 scelere
1308 2741 1669 2813 commisso,
1712 2743 1779 2801 in
1814 2743 2022 2820 fugam

232 2861 298 2902 se
354 2841 763 2920 conjiciebat,
798 2839 967 2898 unde
1021 2847 1320 2898 retractus
1376 2858 1514 2898 cum
1569 2841 1819 2921 reliquis
1863 2846 2023 2905 sacri

234 2942 613 3002 administris
650 2940 749 3000 —ad
795 2939 1099 3018 judicium
1158 2937 1605 3015 deducebatur;
1659 2951 1803 3001 tunc
1860 2962 2020 3004 unus

233 3042 413 3101 alteri
453 3029 697 3121 culpam
743 3040 1034 3112 tribuere,
1078 3038 1519 3119 hydrophoroe
1560 3040 1738 3100 sabro
1784 3046 1891 3123 qui
1924 3063 2019 3104 se-

236 3143 533 3222 cespitam
579 3143 859 3214 acuisset,
903 3141 1002 3199 hic
1046 3140 1351 3214 cultrario,
1397 3141 1718 3201 cultrarius
1754 3146 2017 3224 secespi-

234 3252 365 3315 tae,
408 3259 563 3322 quae
608 3261 796 3321 quum
838 3241 1074 3325 crimen
1119 3238 1354 3299 diluere
1395 3258 1521 3299 non
1564 3250 1810 3321 posset,
1846 3243 2017 3321 judi-

234 3361 371 3402 cum
426 3344 744 3402 sententiis
800 3339 1092 3400 damnata
1148 3351 1209 3398 et
1261 3342 1326 3399 in
1383 3359 1551 3400 mare
1609 3343 1849 3420 abjecta
1904 3354 2013 3403 est.
