2176 3886
745 277 1319 322 ELEUslNlA.
1847 266 1929 326 37

147 413 346 483 docet,
389 418 506 469 sex
538 407 853 481 mensibus
886 412 1049 469 inter
1078 410 1380 486 mysteria
1407 408 1486 470 τὰ
1518 412 1924 494 πρὸς-Ἄγραν

147 521 225 570 et‘
260 510 370 569 illa
413 527 572 588 quae
615 509 1226 586 majora==vocantur‚
1279 509 1632 585 interjectis».
1722 509 1922 569 Schol.

145 609 225 670 ad
265 608 580 688 Aristoph.
607 607 993 669 .Rann.<745.
1016 609 1399 688 «simpliciter
1441 606 1673 690 μύησιν
1717 617 1779 666 et
1822 612 1925 670 ἐπ-

143 710 396 773 οπτείαν
439 709 582 768 anni
602 709 1046 786 interjectione
1091 708 1378 768 distincta
1420 708 1611 767 fuisse
1640 706 1924 767 affirmat.

141 810 242 870 De
295 809 710 888 quinquennio
761 827 945 869 nemo
988 810 1293 889 loquitur,
1356 827 1553 888 neque
1595 807 1663 867 id
1705 826 1928 869 conve··

140 910 236 968 nit
276 927 414 967 cum
446 926 657 967 eorum
694 910 1059 982 rationibuS‚
1104 929 1256 988 quos
1295 920 1440 989 post
1473 909 1726 970 brevem
1763 926 1928 968 com-

140 1010 551 1068 morationem
604 1007 864 1069 Athenis
895 1010 1195 1068 ⁴initiatos
1252 1027 1386 1097 esse
1440 1009 1699 1080 scimuS‚
1755 1007 1931 1069 velut

143 1108 319 1168 Sulla
360 1107 518 1167 Plut.
563 1128 611 1167 c.
654 1107 884 1168 XXVI.
936 1106 1244 1167 Antonius
1286 1107 1397 1166 Id.'
1420 1129 1469 1167 c.
1513 1106 1743 1166 XXIII.
1787 1106 1928 1165 Phi-

36 1244 45 1252 ·
141 1208 350 1287 lippus
391 1226 500 1266 rex
540 1206 678 1268 Liv.
720 1206 955 1267 XXXI.
997 1207 1100 1268 47.
1146 1209 1370 1288 aliique
1414 1207 1610 1267 multi.
1643 1283 1646 1286 ,
1693 1204 1927 1279 Cicero,

141 1308 246 1386 qui
300 1305 379 1364 de
432 1305 769 1367 Eleusiniis
821 1309 911 1367 ita
965 1308 1265 1388 loquitur,
1321 1317 1392 1366 ut
1431 1308 1748 1366 initiatum
1794 1323 1928 1365 esse

141 1414 439 1487 appareat
455 1449 472 1478 ‚
535 1406 726 1466 semel
769 1425 878 1466 sex
920 1426 1165 1467 menses
1207 1407 1475 1468 Athenis·
1514 1414 1929 1466 commoratus

143 1515 235 1566 est
277 1505 480 1588 (674.)
534 1515 596 1564 et
647 1506 866 1566 multis:
920 1509 1095 1567 annis
1149 1517 1294 1588 post
1337 1506 1540 1590 (702.)
1580 1524 1767 1585 quum
1811 1524 1928 1586 pro

143 1606 391 1667 consule
432 1607 514 1664 in'
545 1602 827 1665 Ciliciam
871 1609 1388 1686 proficisceretur,
1433 1606 1644 1667 decem
1688 1605 1819 1665 dies
1862 1607 1931 1664 in

143 1707 257 1767 hac
308 1705 460 1764 urbe
502 1705 651 1776 fuit,
718 1705 907 1784 paulo
953 1706 1184 1766 diutius
1226 1709 1292 1765 in
1334 1705 1539 1765 reditu
1582 1705 1749 1785 apud
1790 1705 1931 1764 Ari-

143 1815 383 1866 stonem
428 1803 792 1865 diversatus.
849 1805 1224 1868 Octavianus
1268 1815 1550 1885 tempore
1589 1805 1720 1876 illo,
1765 1802 1933 1882 quod

142 1914 287 1986 post
353 1903 667 1964 Actiacam
733 1906 1063 1964 victoriam
1135 1904 1578 1965 constituendis
1636 1905 1930 1962 Graeciae

142 2004 327 2065 rebus
370 2002 707 2083 impendit,
765 2023 938 2064 sacra
983 2003 1222 2065 Cereris
1269 2007 1539 2085 suscepit
1583 2004 1796 2086 (723.).
1841 2003 1927 2062 cf.

142 2103 365 2164 Jacobs
409 2102 490 2163 ad
537 2100 847 2182 Crinagor.
891 2106 1007 2186 Ep.
1051 2105 1255 2166 XXX.
1299 2105 1443 2165 404.
1499 2104 1568 2163 T.
1611 2104 1774 2164 VIII.
1818 2122 1931 2163 nec

144 2214 286 2264 ante
341 2204 460 2263 huc
511 2223 796 2264 reversus
842 2215 935 2264 est
979 2225 1160 2284 quam
1205 2208 1448 2265 firmato
1493 2205 1927 2283 iamimperio

144 2306 212 2364 in
277 2302 591 2363 Orientem
660 2303 939 2363 tenderet
953 2346 978 2376 ‚.
1036 2304 1202 2362 unde
1257 2303 1570 2362 reducem.
1601 2303 1927 2362 Zarmarus

144 2403 335 2464 Indus
377 2413 669 2482 sequutus
713 2413 806 2462 est
848 2403 1154 2463 secundae
1185 2404 1509 2480 legationis
1545 2420 1582 2460 a
1615 2401 1930 2465 Pandione

147 2515 211 2565 et
250 2505 412 2564 Poro
453 2505 677 2564 missae
718 2505 1024 2583 princeps,
1068 2522 1247 2582 quem
1281 2503 1687 2563 Athenienses
1720 2520 1934 2580 quam—

146 2606 245 2667 vis
302 2605 503 2663 alieno
561 2612 842 2683 tempore
886 2605 1072 2662 sacris
1114 2605 1453 2663 initiarunt.
1498 2602 1624 2660 Dio
1668 2600 1824 2661 LIV.
1871 2599 1928 2660 9.

147 2705 564 2783 Similiterque
604 2702 1004 2783 Apollonius,
1070 2723 1256 2783 quum
1315 2713 1640 2784 peragrato.
1681 2701 1934 2760 Oriente

148 2805 260 2866 sub
303 2806 511 2885 ipsum
557 2813 954 2862 auctumnum
1001 2806 1146 2862 anni
1188 2813 1332 2884 post
1376 2802 1515 2864 Chr.
1549 2822 1608 2862 n.
1638 2802 1932 2881 qui-nqua-

151 2905 367 2983 gesimi
410 2906 597 2984 primi
627 2903 900 2964 Athenas
926 2905 1200 2965 venisset
1222 2923 1348 2963 non
1373 2913 1555 2963 antea
1583 2903 1766 2972 visas,
1810 2906 1930 2957 sta-

152 3007 267 3065 tim
332 3004 410 3065 ab
465 3004 871 3084 hierophanta
912 3005 1095 3084 petiit
1135 3014 1206 3063 ut
1247 3004 1367 3063 sibi
1410 3002 1595 3061 sacris
1637 3000 1933 3058 interesse

155 3105 364 3164 liceret
417 3102 525 3164 sed
581 3103 840 3181 rejectus
896 3114 989 3163 est
1042 3114 1297 3186 propter
1351 3102 1593 3179 magiae
1636 3096 1933 3177 suspicio—

157 3222 332 3278 nem,
403 3206 768 3264 circumacto
823 3213 1030 3264 autem
1088 3224 1249 3264 anno
1306 3211 1522 3282 quarto
1577 3200 1715 3261 voti
1770 3213 1936 3255 com-

160 3321 276 3385 pos
329 3303 522 3363 factus
576 3303 861 3364 Philostr.
915 3306 1018 3365 IV.
1079 3306 1173 3366 18.
1258 3302 1484 3363 Iisdem
1538 3295 1936 3377 religionibus

161 3422 294 3465 sese
328 3395 792 3467 obstrinxerunt
823 3403 1132 3467 Adrianus
1168 3423 1356 3486 quum
1387 3402 1643 3465 Athenis
1673 3398 1941 3460 hiemem
