2158 3848
178 2792 183 2796 ·
254 2769 438 2822 Quaest.
482 2769 605 2811 Rom.
633 2768 844 2812 XXXVII

257 191 385 252 432
790 203 1021 248 meaa
1063 203 1492 253 SECUNDUS.

256 332 434 396 Unde
459 333 980 412 Pythagoreorum
1007 333 1238 414 pendet
1263 343 1673 396 commentum
1707 338 1818 402 τὸν
1841 337 2028 420 Ἡρα-

256 436 398 497 κλέα
443 435 658 513 ἀκλινῆ
702 432 1000 519 γεγονότα
1043 432 1292 516 τετράδι
1335 439 1746 520 γεγενῆσθαι,
1804 437 1883 494 ob
1928 436 2031 496 dei

253 533 543 595 videlicet
586 532 1049 592 similitudinem
1104 550 1243 590 cum
1299 532 1524 594 hermis
1579 533 1910 614 quadratis,
1967 555 2028 596 v.

253 633 601 694 Nicomach.
656 630 917 690 Arithm.
961 629 1063 689 IV.
1119 629 1220 688 24.
1293 631 1365 690 cf.
1412 633 1622 693 Tzetz.
1682 631 1835 696 Chil.
1890 633 2029 694 XII.

257 731 398 793 508.
487 728 731 802 Cetera,
799 720 953 808 quae
1015 727 1097 787 ad
1152 729 1312 788 hunc
1354 730 1675 793 numerum
1719 735 2033 814 pertinent

255 831 623 908 collegerunt
685 827 1063 905 Adagiorum
1136 838 1515 915 enarratores
1542 874 1559 904 ‚
1657 834 1721 892 Ρ.
1791 833 2034 894 Merula

254 929 458 993 Cosm.
511 930 558 990 I.
620 929 720 988 22.
778 929 836 987 7.
915 927 1218 988 Meursius
1288 929 1514 988 Denar.
1587 950 1633 989 c.
1689 931 1791 992 VL
1877 933 2032 992 Mei-

252 1031 472 1090 nekius
529 1028 609 1089 ad
651 1027 966 1087 Menandr.
1027 1048 1086 1109 p.
1148 1027 1284 1088 110.
1369 1028 1470 1087 De
1527 1028 2032 1110 subsequentibus

255 1129 472 1191 diebus
518 1128 720 1189 Schol.
763 1128 862 1188 ad.
888 1128 1045 1187 Plut.
1087 1127 1127 1187 l.
1168 1148 1215 1187 c.
1261 1130 1372 1199 ἔξω
1416 1138 1548 1194 τῶν
1590 1133 1851 1215 ἑορτῶν.-
1867 1130 2035 1213 ἱεραί

253 1257 414 1301 τινες
454 1238 568 1294 τοῦ
611 1229 806 1311 μηνὸς
848 1228 1069 1311 ἡμέραι
1111 1229 1472 1310 νομίζονται
1523 1229 2034 1311 Ἀθήνῃσιθεοῖς

231 1318 451 1404 ’τισιν,
514 1330 648 1392 οἷον
701 1329 1013 1410 νουμηνία
1073 1329 1181 1391 καὶ
1235 1327 1474 1411 ἑβδόμη
1513 1328 1844 1394 Ἀπόλλωνι
1854 1359 1907 1404 ,ι
1931 1347 2033 1392 τε-
2104 1380 2114 1394 .

254 1430 406 1514 τροὶς
454 1429 642 1511 Ἐρμῇ
686 1428 792 1490 καὶ
816 1427 1029 1511 ,ὀγδόη
1081 1425 1348 1508 ΘησεῖΓῙ]
1408 1430 1587 1508 -ἦ
1630 1432 1786 1509 ἕκτη
1834 1431 2033 1511 Ἀρτέ-

252 1530 391 1612 μιδι
434 1526 695 1591 ἑκάστου
741 1525 934 1608 μηνός
952 1529 1044 1608 [Ἴ.
1110 1526 1299 1608 Apud
1330 1526 1819 1606 Theophrastum
1855 1527 2031 1591 Char.
2110 1594 2113 1598 ,

248 1627 415 1691 XIV.
471 1628 954 1708 superstitiosus.
978 1626 1084 1685 ille
1125 1626 1702 1707 Hermaphroditus
1737 1645 2034 1711 mosaco}-

249 1738 433 1789 ronat
473 1735 609 1798 ταῖς
651 1725 972 1809 τετάρταις
1006 1728 1110 1788 καὶ
1143 1733 1278 1798 ταῖς
1321 1727 1887 1812 ἑβδομάταις,ἰὶὶ)ἰ
1917 1745 2031 1807 pro

251 1825 572 1912 τετάρταις
617 1825 875 1887 Coraius
919 1825 1236 1886 substituit
1279 1830 1500 1902 ἕκταις,
1545 1830 1690 1908 quia
1732 1826 2036 1904 Pythago-

249 1946 354 1989 ras
400 1928 590 2005 jussit
635 1925 965 2009 Ἀφροδίτῃ
1008 1926 1346 2003 θυσιάζειν·
1391 1935 1466 2009 τῇ
1525 1931 1665 2008 ἕκτῃ
1710 1925 2032 1988 JambliGh.

250 2027 324 2088 V.
374 2025 512 2087 152.
599 2025 725 2085 Sed
768 2027 902 2105 quis
948 2026 1278 2087 contendat
1331 2028 1515 2106 hujus
1539 2028 1871 2108 praecepti
1919 2042 2034 2109 'au-

252 2138 481 2189 ctorem
524 2127 718 2186 sastos
755 2123 995 2185 Atticos
1040 2136 1369 2206 sequutum
1412 2136 1548 2187 esse
1573 2129 1802 2207 potius,
1846 2145 2031 2206 quam

222 2223 535 2311 proprias
590 2226 1117 2303 Pythagoreorum
1173 2229 1474 2301 rationes,
1549 2229 1655 2307 qui
1702 2245 2032 2305 nnmerum

250 2329 560 2389 senarium
616 2325 844 2385 Veneri
904 2325 1285 2386 dedicarunt
1320 2326 1513 2386 Procl.
1561 2329 1654 2387 -in'
1703 2327 1935 2410 Parm..
1970 2343 2032 2405 p.

250 2427 394 2488 203.
440 2426 510 2486 T.
553 2426 657 2486 IV.
704 2423 885 2487 Cous.
930 2446 1194 2506 eumque
1230 2427 1585 2510 Ἁρμονίαν,
1629 2426 1858 2513 γάμον,
1903 2434 2034 2505 Ζυ-

249 2527 429 2613 γίαν,
473 2534 536 2585 et
578 2526 903 2607 Γαμηλίαν
943 2526 1411 2607 nuncuparunt?
1479 2525 2035 2607 Jamblidms-,jpse
2130 2577 2136 2595 ,

251 2712 406 2767 λοῦσι,
448 2712 696 2769 φθίνοντος
734 2711 814 2754 τοῦ
845 2707 995 2810 ἰιηνὸς
1033 2705 1249 2781 τετράδα,
1293 2713 1469 2767 τρίτην,
1513 2709 1741 2767 δευτέραν.
1772 2707 2032 2752 Plutarchus

911 2766 1010 2811 334.
1052 2783 1130 2817 τας
1168 2766 1437 2817 ἀποκλίτους
1476 2765 1645 2826 ἡμέρας
1684 2765 1743 2817 ὠς
1781 2767 2034 2826 ἄχρηματίὲ-
2125 2761 2128 2811 ³:

251 2841 385 2878 στους
413 2823 752 2886 φυλαττόμεθα.
782 2827 865 2870 His
895 2826 1135 2884 appositum
1164 2832 1209 2868 et
1235 2827 1518 2884 propinquum
1548 2833 1639 2878 est,
1670 2826 1785 2883 quod
1804 2827 1924 2887 zidern
1954 2826 2031 2869 do-
2126 2838 2128 2847 ¹

251 2893 322 2931 cet
350 2902 386 2930 c.
416 2886 620 2929 XXXIV.
650 2885 749 2929 382.
790 2882 959 2945 ἡμέρας
998 2880 1219 2941 ληγούσης
1258 2887 1335 2927 καὶ
1364 2883 1507 2943 μηνὸς
1537 2881 2031 2949 φθίνοντος’,εῖώθασιν
2124 2901 2128 2918 =

252 2946 472 3003 ἐναγίζειν
502 2945 546 2988 οἱ
574 2945 751 2988 πολλοί.
773 2945 884 2986 unde
911 2940 1155 3003 τριακάδας
1184 2944 1400 2986 vocabant
1428 2941 1510 2998 τὴν
1538 2938 1805 3001 τριακοστὴνΙ
1833 2946 1924 2987 τῶν
1951 2955 2030 2989 νε*

255 3006 378 3064 κρῶν
420 3003 578 3046 Anecd.
609 3003 748 3046 Bekk.
779 3018 819 3060 p.
850 3001 948 3045 308.
979 3009 1024 3044 et
1051 3002 1296 3044 Hemsterh.
1329 3002 1384 3044 ad
1413 3001 1521 3043 Luc.
1552 3001 1666 3043 Dial.
1700 3002 1832 3045 Mort.
1862 3003 1899 3044 I.
1929 2999 2029 3044 399.

251 3070 298 3105 et
326 3062 496 3105 Theod.
526 3062 653 3104 Gaza
675 3062 736 3104 de
766 3061 906 3104 Mens.
937 3060 1029 3103 Att.
1059 3075 1100 3117 p.
1132 3060 1232 3103 305.
1263 3066 1311 3103 ut
1339 3057 1438 3104 Jovi
1453 3056 1706 3103 Nu‘meniam
1734 3061 1798 3104 ita
1821 3058 1903 3115 τῆν
1923 3059 2030 3113 ἔνην

257 3120 432 3164 Plutoni
461 3125 751 3164 consecratam
779 3120 915 3164 fuisse
944 3119 1144 3162 affirmat.
2015 3119 2018 3123 ’

369 3200 440 3256 [α]
471 3214 513 3242 v.
544 3199 713 3243 cotan.
742 3200 858 3243 mss.
887 3181 1011 3242 xm.
1041 3195 1141 3260 342.

370 3278 449 3335 [0]
475 3278 784 3323 Antiochenses
836 3283 987 3322 contra
1043 3292 1301 3322 communem
1350 3291 1507 3321 morem
1550 3278 1697 3321 eode'm
1737 3276 1916 3336 septimo
1957 3273 2026 3315 die

253 3336 490 3395 Apollinem
519 3336 785 3396 Dianamque
813 3337 1131 3382 venerabantur
1160 3337 1314 3381 Liban.
1345 3336 1465 3380 Decl.
1495 3335 1549 3379 Τ.
1580 3336 1617 3379 Ι.
1647 3334 1745 3380 236.
