2158 3848
742 234 1193 280 onrurcA.
1520 271 1522 273 .
1729 220 1852 283 397

87 374 220 433 ban.
264 373 432 433 Deci.
478 371 546 432 T.
590 371 636 431 1.
675 367 820 430 419.
866 366 936 427 Τ.
970 366 1046 427 11.
1080 362 1225 426 601.
1270 359 1591 442 Progymn.
1638 366 1706 427 T.
1750 364 1851 427 IV.

83 472 226 533 956.
295 481 358 530 et
424 469 548 528 alii.
605 487 665 530 v.
724 466 1020 527 Wetsten.
1085 465 1166 526 ad
1220 462 1485 542 Praxap.
1540 463 1734 524 XVII.
1793 467 1853 525 4.

81 573 219 632 Non
282 571 486 628 minus
539 568 686 627 trita
740 576 834 626 est
889 567 1084 626 altera
1141 564 1615 640 enthymematis
1673 582 1853 643 pars,

80 670 392 729 Justitiam
476 667 754 728 divinam
821 667 1142 727 hominum
1207 665 1372 724 facta
1443 663 1653 722 omnia
1726 663 1855 721 ani-

79 748 498 840 madvertere,
543 767 715 844 cujus
756 767 1042 847 ,exempla
1086 783 1441 826 enumerare
1484 761 1853 842 supersedeo

77 870 269 928 fretus
324 868 622 927 lectorum
679 870 1027 927 memoriae.
1113 866 1324 944 Itaque
1367 863 1447 923 ad
1488 862 1857 922 Demosthe-

76 987 219 1028 nem
272 985 615 1048 provocare
669 969 735 1026 in
790 967 903 1027 hac
961 983 1144 1026 causa
1197 965 1448 1030 omnino
1513 980 1637 1019 non
1693 962 1855 1035 licet,

77 1070 221 1149 quia
275 1076 338 1126 et
394 1068 689 1127 orationis
742 1076 954 1126 auctor
1010 1065 1233 1124 dubius
1291 1072 1352 1121 et
1394 1063 1732 1121 sententiae
1775 1060 1852 1120 ab

77 1187 151 1227 eo
216 1168 575 1248 propositae
645 1184 792 1225 usus
858 1165 1255 1245 pervulgatus
1323 1171 1415 1221 est
1437 1205 1454 1233 ,
1539 1170 1853 1239 postremo

76 1266 242 1346 quod
297 1268 526 1325 multae
581 1267 852 1324 rationes
911 1272 1304 1335 concurrunt,
1372 1281 1478 1320 cur
1529 1259 1851 1336 Hymnum

73 1369 260 1426 istum
318 1384 443 1423 non
498 1364 809 1438 ducentiS,
868 1373 938 1424 ut
994 1364 1254 1425 Wolfius
1299 1361 1539 1423 divinat
1579 1361 1851 1438 Prolegg.

66 1464 257 1541 Hom.
295 1485 355 1544 p.
391 1463 668 1524 XLVIII.
704 1475 845 1525 ante
883 1464 1367 1524 Demosthenem
1394 1463 1566 1521 annis
1595 1460 1707 1520 sed
1730 1461 1853 1519 for-

74 1575 237 1625 tasse
273 1566 461 1644 triplo
484 1565 765 1644 pluribus
793 1575 937 1645 post
976 1584 1118 1624 eum
1157 1565 1452 1643 scriptum
1486 1571 1849 1622 statuamus.

242 1664 455 1724 Restat
499 1666 776 1744 quaestio
812 1664 889 1724 de
920 1663 1335 1737 Onomacrito‚
1381 1682 1418 1722 a
1443 1681 1559 1743 quo
1586 1663 1851 1738 hymnos

78 1763 378 1843 Orphicos
423 1764 704 1824 conditos
751 1783 883 1824 esse
925 1773 1054 1824 tam
1099 1765 1439 1824 communis
1483 1772 1574 1822 est
1599 1780 1851 1841 persua-

74 1864 169 1922 sio
192 1864 271 1943 [*]
319 1873 389 1923 ut
429 1863 932 1923 Hemsterhusius
990 1863 1072 1923 ad
1113 1864 1271 1923 Plut.
1327 1883 1387 1925 v.
1440 1862 1584 1922 701.
1641 1861 1852 1920 Blom-

70 1962 313 2022 fieldius
386 1962 466 2022 ad
534 1961 772 2023 Callim.
843 1983 903 2043 p.
974 1961 1072 2023 56.
1130 1963 1512 2042 Boettigerus
1575 1959 1653 2020 de
1706 1963 1850 2042 pict.

72 2059 247 2121 Vasc.
303 2063 349 2121 I.
407 2064 465 2123 2.
531 2063 668 2124 199.
713 2064 939 2144 aliique
982 2062 1148 2124 haud
1192 2065 1373 2144 pauci
1418 2061 1850 2122 Onomacri-

78 2169 236 2221 tum
290 2163 368 2221 in
422 2161 780 2239 Hymnis‚
835 2164 952 2223 hoc
1002 2164 1106 2225 vel
1147 2163 1302 2223 illud
1346 2163 1574 2223 dixisse
1615 2181 1851 2221 memo-

72 2271 229 2333 rent,
274 2260 615 2322 Adrianum
648 2263 921 2342 Heringa
963 2266 1222 2344 sequuti,
1266 2263 1371 2343 qui
1407 2264 1471 2322 in
1503 2261 1848 2323 Observatt.

74 2380 120 2418 c.
179 2359 287 2420 XI.
346 2380 407 2440 p.
464 2359 565 2422 85.
625 2363 889 2440 hymnos
934 2363 1181 2444 Orpheo
1226 2363 1474 2444 quidem
1519 2361 1848 2440 abjudicat,

72 2457 183 2518 sed
226 2470 432 2520 tamen
475 2464 916 2542 antiquissimis
943 2465 1313 2523 Graecarum
1355 2465 1673 2522 literarum
1716 2479 1848 2522 mo—

70 2560 360 2619 nimentis
415 2549 905 2643 aequiparandos
961 2563 1154 2624 ducit:
1210 2562 1419 2637 „Nisi
1463 2563 1666 2621 enim
1710 2561 1846 2621 fal-

0 2677 7 2757 ᾗ
71 2657 224 2730 „lit
307 2659 772 2737 Pausanias,
873 2662 1460 2751 Onomacritum
1541 2671 1844 2741 patrem

75 2771 575 2836 „agnoscunt3
641 2762 747 2823 ille
815 2765 1013 2824 enim
1086 2764 1194 2823 IX.
1252 2760 1351 2823 35.
1411 2761 1844 2823 Hesiodum

76 2855 319 2928 „dicit
384 2860 696 2922 Gratias
762 2861 985 2926 Jovis
1054 2873 1128 2923 et
1190 2864 1679 2941 Eurynomae
1753 2863 1842 2923 fi-

0 2951 7 2992 *
76 2954 281 3027 „lias
321 2975 836 3043 nuncupasse,
878 2964 1463 3045 Euphrosynen,
1506 2962 1841 3041 Aglaian

161 3201 172 3212 ι
191 3143 247 3213 [s]
279 3145 447 3192 Schoell
473 3150 590 3195 Hine.
622 3151 677 3194 de
705 3151 750 3195 la
778 3150 935 3198 Litter.
967 3155 1129 3212 Grecq.
1163 3155 1221 3198 T.
1250 3155 1288 3197 Ι.
1319 3169 1362 3211 p.
1393 3153 1435 3196 4.
1466 3153 1552 3197 Ed.
1575 3154 1634 3197 11.
1665 3154 1837 3212 d'apres

0 3201 15 3258 ’ξ
71 3201 277 3259 l'opimon
316 3219 528 3252 commune
566 3210 620 3253 ils
660 3215 735 3254 ont
775 3213 844 3253 ete
884 3216 1103 3270 compones
1145 3227 1243 3255 sous
1283 3213 1324 3255 le
1362 3227 1458 3255 nom
1499 3212 1719 3270 d'Orphee
1755 3226 1838 3270 par

12 3267 15 3281 ¹
75 3260 352 3306 Onomacrite
378 3286 434 3297 -
478 3266 695 3325 Quelques
724 3269 928 3325 critiquea
957 3276 1032 3315 out
1061 3274 1217 3329 pense,
1250 3285 1333 3327 que
1361 3271 1402 3314 le
1431 3271 1621 3329 sophiste
1648 3271 1834 3328 Hippias

75 3331 196 3419 τάξι
218 3326 340 3421 aaz
378 3319 406 3365 ὃ,
442 3322 495 3367 00
519 3327 724 3371 travail.“
775 3327 884 3379 Quis
926 3327 1008 3373 hoo
1046 3331 1247 3387 opinatus
1287 3329 1371 3381 sit,
1414 3343 1551 3386 neque
1579 3329 1669 3373 scio
1698 3342 1834 3386 neque
