2158 3848
243 238 364 299 386
760 247 995 291 LIBER
1039 245 1464 289 SECUNDUS,

238 382 458 441 mentis
501 379 778 440 docuisse
819 377 1031 437 refert:
1078 381 1224 457 Πῦρ
1267 374 1384 457 μὲν
1426 374 1530 437 καὶ
1570 380 1688 461 γῆν
1732 376 1766 437 ὃ
1814 380 1994 457 Παρ-

236 480 486 563 μενίδης
528 481 841 542 eugamon
865 476 1062 538 ταῦτα
1105 474 1173 536 δὲ
1217 473 1373 555 μετὰ
1414 482 1526 536 τοῦ
1571 476 1746 556 ἀέρος
1775 477 1921 537 Ἴων
1961 475 1994 536 ὃ

239 587 405 649 Χῖος.
447 580 478 641 ὖ
524 574 1020 663 τραγῳδοποιός·
1085 591 1266 651 quae
1295 583 1468 633 terna
1524 573 1823 633 elementa
1865 574 2002 631 Plu·

242 688 335 737 tar
339 679 481 736 chus
533 676 620 734 ad
672 675 917 733 fabulae
971 672 1386 750 Aegyptiacae
1422 674 2000 753 interpretationem

244 798 320 836 ex
364 794 518 855 aqua
561 774 874 854 producit:
917 773 953 851 ἡ
998 772 1186 857 ὑγροὶ
1206 770 1392 873 φύσις
1435 774 1617 853 ἀρχή]
1634 774 1739 835 καὶ
1773 775 2006 858 γένεσις

246 875 401 938 οὖσα
441 873 695 937 πάντων
729 878 789 943 ἐξ
825 875 1014 994 ἀρχῆς
1047 871 1126 934 τὰ
1162 879 1378 952 πρῶτα
1419 872 1562 953 τρία
1588 871 1846 954 σωματα
1867 880 2005 957 γῆν,

248 1002 397 1058 αερα
442 975 546 1036 καὶ
587 983 712 1056 πῦρ
758 972 1034 1051 ἐποίησεν
1078 969 1154 1028 de
1197 971 1273 1028 Is.
1311 970 1423 1043 36,
1463 968 1600 1029 151.
1645 971 2007 1031 dissentiens

243 1075 321 1134 ab
344 1075 638 1134 Hermete
671 1076 841 1153 ipso,
886 1075 990 1150 qui
1032 1088 1115 1129 ex
1153 1071 1413 1128 materia
1428 1055 1752 1149 ειψὶωιιοῐ
1785 1073 2008 1148 ignem,
2110 1088 2121 1093 ·

243 1192 328 1232 ex
369 1185 626 1252 utroque
669 1181 926 1243 terram,
983 1187 1069 1228 ex
1108 1169 1321 1228 ‘tribus‘
1346 1170 1512 1229 hisce
1555 1175 1760 1230 aerem
1805 1180 2009 1245 ortum

245 1273 394 1332 dicit
453 1272 620 1332 Stob.
678 1271 804 1329 Ecl.
847 1271 893 1328 I.
937 1268 1051 1350 a42.
1106 1289 1165 1348 p.
1210 1269 1354 1327 742.
1389 1318 1391 1321 .
1437 1269 1640 1349 Atque
1697 1270 2010 1351 Orpheum

244 1391 482 1452 quoque
554 1389 747 1450 aquae
812 1370 1224 1447 principatum
1293 1368 1555 1428 dedisse*
1591 1369 2010 1447 Athenagoras

242 1472 429 1530 refert
483 1470 664 1549 Apol.
721 1488 780 1547 p.
832 1468 968 1527 144.
1034 1466 1114 1547 ἦν
1166 1469 1341 1551 ὕδωρ
1402 1471 1558 1550 ἀρχὴ
1624 1472 1780 1532 κατ’
1817 1469 2011 1532 αὐτὸν
2099 1460 2102 1464 ’

242 1577 369 1640 τοῖς
413 1577 608 1642 ὅλοις,
665 1568 786 1629 ἀπὸ
831 1567 900 1629 δὲ
943 1575 1055 1629 τοῦ
1099 1568 1327 1640 ὕδατος
1384 1569 1514 1647 ἰλὺς
1556 1571 1843 1647 κατέστη·
1902 1566 2013 1626 sed
2076 1563 2078 1565 ’
2122 1617 2128 1623 .

241 1673 400 1729 inter
444 1687 581 1741 θος,
627 1668 730 1746 qui
764 1685 986 1725 nomen
1014 1666 1246 1745 Orphei
1276 1676 1680 1746 usurparunt,
1723 1687 1849 1727 non
1875 1685 2014 1726 con-

243 1771 485 1830 venisse
529 1765 894 1840 admodum,
960 1775 1218 1846 apparet
1274 1785 1308 1823 e
1364 1766 1551 1826 Sexto
1595 1767 1763 1848 Hyp.
1805 1767 1910 1826 III.
1953 1765 2012 1825 4.

247 1861 502 1926 136.131ῑ
560 1886 605 1923 c.
662 1866 842 1941 Phys,
886 1865 993 1924 IX.
1054 1863 1110 1924 5.
1155 1865 1213 1924 6.
1271 1865 1413 1924 620.
1465 1866 1904 1949 Ὀνομάκριτος
1947 1868 2013 1929 ἐν

243 1972 371 2035 τοῖς
408 1967 719 2049 Ὀρφικοῖς
761 1973 884 2047 πῦρ
929 1966 1034 2027 καὶ
1076 1965 1248 2056 ὕδωρ
1292 1964 1398 2025 καὶ
1437 1974 1558 2050 γῆν
1599 1967 1715 2045 τὴν
1755 1965 2012 2029 πάντων
2115 1960 2118 1965 ’

246 2066 442 2146 ἀρχὴν
497 2064 654 2128 εἶναι
709 2067 933 2148 ε’·λεγεν
1002 2053 1168 2142 quod
1223 2065 1542 2124 confirmat
1583 2063 1894 2126 Ausonius
1947 2066 2014 2123 in

246 2163 482 2242 Gripho
527 2180 584 2223 V.
620 2162 728 2222 74.

455 2276 670 2340 Orpheos
714 2278 828 2325 hinc
875 2277 1114 2339 tripodes,
1169 2279 1280 2340 quia
1324 2286 1438 2325 sunt
1486 2279 1606 2338 tria,
1654 2286 1816 2341 terra,
1869 2294 2011 2342 aqua,
2093 2335 2095 2338 ¹

1164 2362 1366 2414 flamma.

245 2477 364 2540 quo
423 2460 490 2517 in
544 2459 678 2517 loco
735 2458 889 2517 nihil
941 2461 1269 2539 proficiunt
1322 2461 1714 2542 interpretes,
1782 2460 2014 2542 Orphei
2150 2524 2158 2547 ἑ

244 2559 655 2617 immemores,
742 2557 1048 2636 Equidem
1092 2558 1373 2617 arbitror·
1399 2561 1662 2639 aliquem
1688 2561 1869 2638 hujus
1912 2580 2013 2638 ge·
2136 2550 2158 2597 <¹

245 2658 408 2716 neris
449 2665 696 2737 poetam
739 2657 807 2715 in
848 2655 1105 2739 tripode
1133 2658 1252 2715 tria
1296 2659 1585 2734 genitalia
1627 2677 1885 2739 corpora
1926 2661 2012 2718 si-
2136 2658 2138 2667 ‘

246 2757 514 2834 gnificari
556 2755 857 2828 voluisse,
913 2756 1073 2815 sicut·
1101 2755 1467 2834 Pythagorei
1512 2776 1650 2817 eum
1693 2757 1878 2817 modo
1929 2757 2012 2817 ad

243 2857 368 2916 tria
408 2867 689 2937 tempora
728 2853 1075 2916 referebant
1116 2855 1304 2915 modo
1353 2855 1432 2914 ad
1475 2863 1598 2916 tres
1641 2857 2011 2940 principales
2061 2845 2067 2855 ⁶

249 2973 554 3015 numeros
641 2953 1015 3015 Jamblichus
1058 2954 1129 3014 V.
1184 2956 1248 3014 P.
1293 2955 1515 3016 XVHI.
1573 2957 1713 3017 320.
1773 2962 2010 3020 Πυθα-

250 3054 441 3141 γόρας
486 3058 645 3141 ἔλεγε
687 3057 800 3120 ’τὸν
835 3053 1099 3119 Ἀπόλλω
1141 3055 1563 3138 μαντεύεσθαι
1619 3061 1684 3119 ἐκ
1724 3057 1847 3120 τοῦ
1878 3056 2010 3140 τρί-

253 3154 441 3234 ποδος
484 3154 592 3217 διὰ
633 3156 704 3218 τὸ
750 3155 907 3229 κατὰ
959 3154 1075 3234 ’τὴν
1133 3154 1360 3238 τριάδα
1403 3164 1676 3239 φανῆναι
1717 3157 1831 3220 τὸν
1873 3157 2023 3238 ἄριέ

252 3251 446 3335 θμόν,
532 3254 813 3314 Martian.
871 3253 1017 3335 Cap.
1073 3253 1234 3314 VIII.
1293 3256 1433 3316 303.
1502 3257 1773 3336 tripus
1815 3255 2007 3338 trini

256 3371 519 3413 cursus
563 3356 970 3433 praesagia
1011 3355 1471 3433 pollicetur,
1513 3355 1654 3414 hoc
1696 3347 1838 3426 est,
1882 3372 2007 3412 ex·-
2050 3367 2056 3374 ·
