2158 3848
188 207 314 267 648
541 288 544 291 f
660 203 662 205 ’
719 219 958 264 mnan
1001 218 1432 265 SECUNDUS.

187 350 420 410 sthenis
473 350 740 411 invectio
800 347 1069 408 ostendit
1124 346 1412 408 Aeschini
1469 342 1631 407 hunc
1673 355 1962 427 tanquam

189 448 512 509 infandum
570 458 889 528 quaestum
944 447 1400 527 exprobrantis3
1470 446 1549 506 de
1604 455 1965 525 argumento

187 551 354 609 nihil‘
381 568 495 609 nos
540 551 827 606 certiores
871 546 1094 620 reddit,
1138 556 1382 626 praeter
1427 546 1594 627 quod
1638 566 1672 605 e
1698 546 1968 605 formula

184 650 294 709 illa
323 653 439 733 ’qu
443 647 868 733 9292..2„zaz1>u,
883 642 1102 729 ,έῦρσν
1120 715 1123 719 ,
1139 648 1441 726 &ammom
1466 647 1764 725 conjicere
1807 646 1966 705 licet.

184 748 358 807 Haec
402 749 565 806 enim
602 745 793 806 verba
825 747 892 804 in
926 745 1113 804 sacris
1147 746 1527 825 nuptialibus
1561 748 1969 826 pronunciare

185 848 422 906 solebat
488 863 643 926 puer
697 847 1000 924 patrimus
1055 847 1378 904 matrimus
1439 845 1631 923 (idem
1684 847 1968 919 fortasse,

184 943 794 1028 φιίΛουτροφόρου
853 944 1117 1005 officium
1175 945 1450 1024 gerebat)
1495 943 1660 1025 quod
1701 963 1827 1004 non
1871 964 1969 1005 so-
2056 982 2059 986 ,

182 1048 326 1105 lum*
371 1045 594 1106 Suidas
651 1055 911 1105 testatur
925 1090 941 1118 ‚
1001 1047 1098 1104 cui
1142 1045 1448 1122 Taylorus
1503 1044 1691 1104 fidem
1743 1043 1973 1104 habere

183 1155 429 1205 recusat
442 1188 459 1219 ‚
514 1144 626 1205 sed
686 1147 873 1205 etiam
930 1146 1290 1205 Plutarchus
1347 1146 1527 1208 Prov.
1586 1144 1761 1205 Alex.
1805 1144 1970 1205 XVI.

187 1247 218 1304 l
229 1244 370 1305 255.
416 1244 608 1327 νόμος
650 1243 729 1325 ἦν
764 1245 1100 1326 Ἀθήνῃσιν
1144 1251 1212 1309 ἐν
1253 1252 1382 1316 τοῖς
1416 1244 1639 1332 γάμοις
1657 1243 1726 1324 [¹]
1774 1247 1971 1329 ἄμφι-

182 1350 351 1424 θαλῆ
396 1346 592 1407 παῖδα
639 1346 850 1409 λίκνον
892 1345 1296 1428 βαστάζοντα
1343 1348 1554 1426 ἄρτων
1596 1347 1799 1410 πλέων
1841 1346 1972 1408 εἶτα

184 1446 476 1529 ἐπιλέγειν
529 1447 808 1531 Ἕφυγον
878 1446 1074 1507 κακὸν
1141 1440 1327 1523 εὗρον
1384 1446 1660 1526 ἄμεινον.
1739 1488 1741 1491 .
1759 1445 1972 1526 anue

182 1545 449 1603 formula
489 1544 872 1603 absolutoria
910 1545 1102 1604 fuisse
1137 1540 1406 1617 videtur,
1452 1561 1574 1623 qua
1596 1546 1795 1604 'sacris
1829 1565 1973 1626 per-

183 1646 376 1703 functi
453 1644 770 1724 probeque
849 1644 1152 1703 defaecati
1217 1654 1643 1723 recuperatam
1699 1643 1971 1704 deorum

184 1746 444 1822 gratiam
467 1773 470 1778 ·
490 1745 607 1804 sibi
652 1745 1101 1823 gratularentur
1112 1789 1128 1818 ‚
1174 1754 1510 1825 praeeunte
1537 1743 1746 1806 *verba
1789 1746 1975 1804 sacri-

182 1846 380 1903 ficulo.
449 1845 509 1903 is
556 1854 718 1904 certe
764 1846 960 1904 exitus
1007 1845 1165 1903 alius
1209 1846 1386 1902 mimi
1430 1845 1777 1904 sacrificalis
1822 1864 1860 1904 a
1893 1847 1975 1904 si-

185 1945 322 2003 mili
367 1943 622 2002 exordio
642 1946 647 1951 ’
667 1946 866 2004 luctus
913 1954 976 2003 et
1020 1945 1426 2004 afflictationis
1472 1944 1554 2003 ad
1596 1936 1972 2005 hilaritatem

185 2044 450 2103 traducti
465 2088 482 2117 ‚
539 2044 617 2103 de
673 2064 794 2125 quo
849 2045 1154 2104 Firmicus
1211 2043 1289 2103 de
1344 2044 1478 2103 Err.
1536 2045 1632 2104 Pr.
1667 2046 1868 2124 Rselig.
1911 2066 1971 2127 p.

184 2142 287 2203 45.
345 2143 454 2203 No
473 2154 587 2203 cte
644 2145 971 2225 quadam
1018 2145 1522 2203 simulacrum
1567 2146 1643 2203 in
1687 2145 1975 2205 lectica

182 2246 515 2325 ponitur
585 2255 658 2304 et
712 2266 850 2326 per
915 2262 1310 2305 numerum
1370 2244 1725 2332 digestis'
1757 2246 1975 2306 fleti-

184 2345 326 2403 bus
358 2345 818 2424 ‚plangitur3
880 2345 1161 2405 deinde
1218 2363 1441 2425 quum
1501 2364 1581 2405 se
1636 2347 1831 2427 ficta
1871 2348 1975 2407 la-

185 2446 673 2502 mentatione
729 2448 937 2505 satia
955 2447 1248 2518 verint,
1304 2446 1455 2505 lum
1473 2465 1560 2504 en
1617 2447 1972 2506 infertur.

189 2542 398 2601 Tunc
470 2560 508 2601 a
566 2545 976 2604 sacerdote
1033 2548 1406 2623 omnium,
1462 2548 1590 2625 qui
1646 2547 1973 2620 flebant,

186 2642 453 2701 fauces
496 2654 920 2720 unguntur,
965 2645 1246 2723 quibus
1283 2648 1686 2724 perunctis
1730 2665 1976 2706 sacer-

191 2743 231 2801 d
250 2761 330 2803 os
374 2744 517 2803 hoc
559 2743 776 2803 lento
822 2762 1208 2803 murmure
1252 2754 1642 2804 susurrat:
1680 2750 1973 2828 ’θαῤῥεῖτε

190 2843 424 2926 μύσται
477 2852 592 2907 τοῦ
648 2848 806 2907 θεοῦ
853 2845 1243 2925 σεσωσμένον
1255 2891 1276 2917 ,
1334 2847 1502 2907 ἔσται
1545 2847 1668 2931 γὰρ
1711 2846 1866 2928 ὑμῖν
1909 2851 1975 2910 ἐκ

191 2942 406 3008 πόνων
450 2945 726 3027 σωτηρία
739 2968 753 2981 ·
800 2944 967 3025 quod
1011 2945 1088 3005 ab
1133 2946 1242 3004 illo
1279 2944 1601 3005 Aeschinis
1635 2946 1972 3025 ephymnio

192 3062 317 3103 non
373 3046 636 3104 multum
695 3045 1017 3127 discrepat.
1113 3045 1324 3125 Neque
1380 3045 1575 3107 verba
1618 3047 1820 3107 solum
1863 3045 1972 3106 sed
2060 3096 2062 3099 f

193 3146 379 3205 etiam
436 3146 591 3205 ritus
647 3146 956 3226 nuptiales
1000 3147 1186 3206 saeris
1230 3147 1508 3223 mysticis
1551 3147 1974 3207 intercurrisse

256 3312 380 3415 ·d[¹]
414 3314 537 3358 Haec
587 3315 672 3359 tria
724 3317 859 3360 verba
914 3316 1114 3360 omittunt
1155 3315 1399 3372 Hesychius
1439 3322 1481 3359 et
1526 3316 1795 3374 Apostolius‚
1863 3316 1972 3360 male

196 3386 270 3428 qui
306 3386 385 3415 em.
