2158 3848
808 194 1271 242 onPHIOA.
1802 176 1926 239 553

282 333 483 402 Καῖπερ
514 327 648 383 ἐόντι
677 327 774 400 νέῳ
805 324 890 377 καὶ
921 321 1086 394 νηπίῳ
1124 320 1455 390 εἶλαπιναστῇ

145 448 206 496 et
247 456 309 517 p.
343 432 486 494 336.
531 432 565 494 ὃ
609 430 733 516 γὰρ
777 426 903 488 εἷπε
947 422 1087 507 περὶ
1129 429 1238 502 τῆς
1277 419 1558 506 μονάδος
1601 431 1732 488 τῶν
1765 429 1925 491 νέων

144 542 317 600 θεῶν
359 534 393 595 ὃ
432 527 710 614 Ὀρφεύς

281 647 472 717 Κραῖνε
507 642 602 711 μὲν
638 632 727 694 οὖν
755 637 888 701 Ζεὺς
923 634 1092 691 πάντα
1118 634 1304 708 πατὴρ,
1341 634 1548 704 Βάκχος
1579 636 1623 689 δ’
1648 636 1931 710 ’ἕπέκραινε

141 746 485 826 Utrumque
529 743 718 804 deum
762 742 1057 803 societate
1087 737 1356 820 quadam
1391 736 1791 818 conjunctum
1830 762 1934 802 ex-

138 847 311 908 hibet
349 845 826 906 hemistichium‘
854 840 1194 922 Orphicum
1239 859 1278 901 a
1312 840 1571 900 Proculo
1617 852 1933 904 servatum

140 949 208 1008 in
249 947 450 1007 Parm.
493 946 540 1005 I.
583 965 645 1027 p.
690 942 793 1004 91.
840 939 1047 1002 Cous-
1078 941 1185 1011 καὶ
1226 939 1350 1026 γὰρ
1410 941 1606 1005 αὐτὸν
1650 943 1764 1007 τὸν
1807 944 1931 1006 Δία

141 1049 250 1111 καὶ
284 1049 402 1112 ,τὸν
427 1044 742 1111 Διόνυσον
784 1042 1016 1111 παῖδας
1058 1041 1165 1103 καὶ
1206 1041 1386 1109 νέους
1427 1041 1465 1120 ἡ
1492 1043 1791 1128 θεολογία
1818 1071 1932 1107 κα-

144 1155 258 1212 λεῖ·
301 1147 576 1229 καίπέρ
620 1146 796 1208 ὄντε
838 1142 1017 1217 νέω,
1062 1140 1257 1225 φησὶν
1292 1139 1576 1223 Ὀρφεύς.
1667 1143 1793 1204 Sed
1838 1145 1932 1204 di-

141 1267 390 1310 versam
451 1243 830 1325 eandemque
891 1242 1203 1304 veriorem
1265 1241 1595 1301 lectionem
1657 1245 1937 1323 sequitur

140 1347 310 1408 idem
352 1348 419 1407 in
462 1345 621 1407 Tim.
644 1344 719 1403 V.
765 1341 910 1404 334.
955 1341 988 1405 ὃ
1017 1341 1175 1412 Ζεὺς
1215 1343 1475 1424 βασιλέα
1518 1342 1777 1422 τίθησιν
1817 1348 1934 1409 αὕ-

141 1449 256 1513 τόν
306 1445 609 1512 ἁπάντων
649 1453 781 1508 τῶν
824 1442 1174 1530 ἐγκοσμίων
1213 1446 1392 1508 θεῶν
1434 1444 1541 1507 καὶ
1582 1445 1935 1529 πρωτίστας

145 1551 319 1633 αὐτῷ
359 1549 529 1630 νέμει
569 1544 756 1629 τιμάς

284 1662 487 1731 Καίπερ
521 1656 656 1712 ἐόντι
687 1656 785 1731 νέῳ
817 1658 903 1710 καὶ
936 1657 1100 1729 νηπίῳ
1134 1657 1468 1729 εἶλαπιναστῇ

144 1765 268 1824 nisi
322 1762 607 1844 Orpheus
664 1760 821 1821 duos
876 1777 1092 1821 versus
1152 1760 1462 1819 consimili
1518 1759 1709 1819 modo
1755 1779 1939 1823 exor-

143 1883 253 1926 sus
314 1872 426 1924 est.
513 1859 640 1922 Sed
699 1877 968 1941 pergam.
1054 1858 1411 1936 Dionysum
1475 1861 1726 1921 coelesti
1779 1864 1941 1923 inse-

149 1964 316 2025 disse
357 1964 583 2024 throno
630 1960 882 2040 Origeni
924 1977 1167 2040 quoque
1209 1961 1482 2019 innotuit
1527 1963 1632 2041 qui
1688 1984 1736 2023 c.
1784 1961 1941 2024 Cels,

148 2066 219 2127 L.
262 2065 369 2125 HI.
414 2064 516 2125 23.
557 2062 703 2123 460.
752 2058 819 2121 C.
873 2068 1059 2139 negat
1101 2060 1520 2123 venerabilem
1577 2062 1698 2122 sibi
1755 2063 1939 2125 deum

152 2165 358 2229 videri
402 2160 916 2247 σπαραττόμενον
957 2161 1079 2224 ὑπὸ
1133 2159 1422 2225 Τιτάνων
1475 2163 1581 2224 καὶ
1622 2169 1941 2248 καταβαλ-

153 2265 417 2349 λόμενον
460 2264 582 2327 ἀπὸ
626 2253 742 2326 τοῦ
787 2261 1087 2345 οὐρανίου
1131 2258 1398 2345 θρόνου.
1464 2261 1592 2321 Sed
1629 2263 1782 2324 haec
1825 2268 1943 2326 mi-

152 2368 413 2428 serrima
455 2362 672 2424 caedes
727 2364 1089 2444 priusquam
1146 2370 1524 2441 exponatur,
1589 2382 1791 2443 pauca
1834 2366 1942 2426 ad-

151 2469 272 2529 huc
315 2465 394 2526 de
438 2465 652 2545 Zagrei
698 2463 1062 2524 educatione
1108 2461 1369 2524 dicenda
1412 2472 1570 2523 sunt.

921 2664 976 2746 ξ.
1064 2665 1166 2727 29.

323 2839 513 2918 Regio
568 2839 755 2917 igitur
807 2856 1003 2918 puero
1047 2836 1292 2920 Jupiter
1347 2837 1608 2900 Junonis
1663 2838 1942 2915 insidiaS,

158 2948 229 2999 ut
269 2938 347 3000 ab
390 2941 530 3001 aliis
573 2937 857 3014 traditur,
899 2940 1136 3002 veritus
1179 2939 1539 3021 Apollinem
1584 2948 1646 2999 et
1686 2938 1945 3018 Curetes

159 3038 441 3119 adjungit
482 3038 787 3101 custodes.
872 3040 1168 3101 Proculus
1212 3042 1278 3100 in
1319 3040 1516 3101 Alcib.
1559 3061 1621 3123 p.
1661 3041 1763 3102 83.
1801 3043 1945 3125 Ὀρ-

161 3141 314 3225 φεὺς
374 3141 656 3224 ἐφίστησι
714 3148 806 3223 τῷ
864 3143 1112 3224 βασιλεῖ
1169 3140 1459 3224 Διονύσῳ
1518 3141 1635 3223 τὴν
1693 3141 1958 3224 μονάδα

161 3243 278 3322 τὴν
314 3241 804 3322 Ἀπολλωνιακὴν
848 3243 1323 3327 ἄποτρέπουσαν
1353 3242 1549 3306 αὐτὸν
1591 3251 1698 3322 τῆς
1743 3249 1828 3314 εἰς
1872 3245 1942 3307 τὸ

170 3342 498 3407 Τιτανικὸν
545 3346 784 3423 πλῆθος
841 3342 1116 3427 προόδου
1172 3345 1278 3407 καὶ
1323 3353 1443 3423 ’τῆς
1487 3343 1945 3415 ἐξαναστάσεως
