2158 3848
267 202 391 262 200
856 207 1091 251 hinnu
1133 206 1442 250 PRIMUS.

271 344 447 403 rilis
490 339 924 413 revelatur,
969 342 1024 399 si
1067 338 1257 399 modo
1285 336 1695 396 doctus³Aser
1740 353 2040 414 conspon-

271 461 472 504 sorem
508 440 776 501 afferret
834 454 1075 499 morum
1142 456 1498 516 graecorum
1557 437 1842 515 peritum.
1944 434 2042 494 Ab

270 545 386 604 hoc
410 560 551 601 ‘non
594 540 818 619 procul·
852 540 1095 598 aberrat
1138 537 1559 597 Theodoretus
1605 535 1866 613 Therap.
1911 532 2043 591 VII.

271 641 414 703 885.
471 641 541 701 Τ.
587 638 718 696 vll.
781 637 1020 696 Schulz.
1081 641 1147 700 ἐν
1204 636 1458 707 ταύταις
1516 642 1651 705 ταῖς
1690 619 2046 719 Ἐμηγύρεσι

272 750 400 804 πᾶν
444 740 604 807 εἶδος
659 736 992 804 ἀκολασίας
1036 736 1234 804 ἀδεῶς
1277 741 1601 818 ἐτολμᾶτο·
1669 734 1775 797 καὶ
1816 734 1938 819 γὰρ
1984 735 2049 793 αἱ

272 838 504 901 τελεταὶ
544 837 649 899 καὶ
689 837 769 898 τὰ
829 838 1013 921 ὄργια
1067 836 1146 897 τοὶ
1200 834 1442 898 τούτων
1486 838 1641 914 εἶχεν
1686 833 2049 918 αἰνίγματα,

271 939 384 1000 τὸν
439 938 623 1000 κτένα
675 935 794 1018 μὲν
847 936 885 1014 ἡ
922 936 1222 1008 Ἐλευσὶς,
1283 936 1320 1015 ἡ
1367 935 1771 1019 φαλλαγωγία
1808 935 1894 998 ’δὲ
1938 937 2052 998 τὸν

274 1035 538 1121 φάλλον·
601 1037 760 1118 ἀτὰρ
819 1036 897 1115 δὴ
954 1036 1060 1098 καὶ
1113 1036 1278 1116 δίχα,
1312 1042 1444 1097 τῶν
1488 1033 1882 1119 αἰνιγμάτων
1923 1043 2054 1097 τῶν

273 1138 352 1200 τὰ
396 1136 566 1220 παρὰ
623 1144 753 1199 τῶν
808 1138 1163 1221 ὄργιαστῶν
1217 1132 1511 1219 δρώμενα
1566 1139 1649 1203 εἰς
1691 1143 1820 1198 πᾶν
1877 1137 2055 1196 ἅσελ-

274 1237 458 1324 γείας·
483 1237 629 1306 τοὺς
673 1237 951 1319 ὁρῶντας
993 1235 1238 1318 ἠρέθιζε
1282 1273 1367 1281 --
1429 1235 1625 1296 ὁποῖα·
1668 1241 1798 1296 τῶν
1841 1231 2056 1296 Σατύ-

277 1362 407 1420 ρων
460 1338 491 1399 ὅ
543 1336 731 1419 χορὸς
784 1337 1073 1421 ἠσέλγησε
1127 1335 1397 1416 δημοσία
1451 1332 1790 1416 πομπεύων
1800 1369 1853 1406 ,·
1897 1336 2056 1413 ἔχων

279 1442 344 1501 ἐν
399 1438 566 1519 μέσῳ
623 1436 736 1498 τὸν
792 1436 1098 1514 Σειληνὸν
1152 1435 1257 1496 καὶ
1310 1436 1446 1516 τὸν,
1479 1441 1708 1508 Πᾶνα,
1773 1433 1886 1497 τὸν
1939 1432 2059 1515 μὲν

279 1541 696 1617 ἐπιλυττῶντα
738 1542 874 1604 ταῖς
924 1532 1215 1617 Νύμφαις
1268 1535 1383 1598 τὸν
1435 1534 1504 1597 δὲ
1560 1534 1890 1615 λελυμένον
1931 1532 2055 1595 ’ὑπὸ

278 1637 492 1719 μέθης.
539 1633 649 1694 sed
690 1635 900 1714 paullo
946 1643 1129 1694 antea
1185 1653 1393 1694 rerum
1449 1634 1905 1692 obscoenarum
1937 1632 2060 1690 cul-

281 1746 412 1797 tum
458 1734 964 1814 Thesmophoriis
1009 1733 1337 1808 adscribit,
1406 1753 1581 1814 quae·
1616 1731 1834 1793 eadem
1878 1732 2063 1791 Eleu-

283 1838 414 1894 sine
470 1835 773 1893 celebrata
830 1845 891 1894 et
957 1853 1094 1893 cum
1150 1834 1484 1894 Eleusiniis
1552 1853 1738 1916 saepe
1808 1834 2064 1894 confusa
2155 1911 2156 1914 Ἴ

285 1944 452 1994 sunt:
495 1935 609 1998 τὸν
650 1942 763 1998 τοῦ
809 1932 1119 1999 Διονύσου
1166 1936 1406 2017 φαλλὸν
1448 1940 1628 2017 ἴσμεν
1671 1940 1738 1999 ἐν
1778 1942 1854 2013 τῇ
1901 1942 2063 2016 φαλ-

290 2034 564 2120 λαγωγίᾳ
607 2034 776 2116 παρὰ
818 2043 948 2099 τῶν
1006 2034 1467 2120 ὀργιαζομένων
1523 2029 2065 2118 προςκυνούμενον
2154 2080 2156 2090 .

286 2135 392 2197 καὶ
444 2135 558 2197 τὸν
614 2135 799 2197 κτένα
850 2135 963 2198 τὸν
1015 2140 1371 2219 γυναικεῖον
1427 2138 1494 2199 ἐν
1551 2142 1680 2204 τοῖς
1743 2140 2066 2217 Θεσμοφο-
2154 2182 2158 2208 2

290 2236 441 2317 ρίοις
484 2235 651 2316 παρὰ
696 2242 827 2295 τῶν
859 2235 1311 2315 τετελεσμένων
1353 2243 1672 2319 γυναικῶν
1709 2242 1890 2316 τιμῆς
1935 2236 2066 2304 ἄξι-

290 2328 555 2415 οὖμενον
596 2334 702 2392 ΙΙΙ.
748 2331 888 2391 521.
974 2333 1196 2391 Pecten
1238 2333 1345 2392 ille
1385 2334 1646 2394 fortasse
1689 2335 1844 2393 nihil
1895 2332 2067 2393 aliud

290 2434 408 2493 fuit
450 2452 631 2511 quam
677 2433 992 2512 placentae
1034 2434 1298 2512 species,
1358 2434 1550 2492 mullo
1587 2434 1815 2493 similis
1873 2453 1935 2495 v.
1981 2432 2066 2493 ad
2155 2456 2158 2513 ζ

291 2535 360 2593 L.
403 2533 478 2591 II.
534 2533 829 2611 Epimetr.
873 2530 1038 2590 XIV.
1095 2532 1366 2610 nihilque
1429 2533 1510 2591 ad
1555 2535 2065 2593 contestationem
2155 2581 2158 2588 .

293 2631 690 2712 turpitudinis
755 2629 1037 2710 publicae
1102 2630 1373 2705 confert3
1458 2650 1601 2690 nam
1674 2634 1728 2690 si
1799 2635 2064 2711 pistores
2144 2656 2158 2684 -.·

295 2732 458 2792 male
501 2730 698 2791 seduli
740 2731 889 2803 talia
930 2728 1265 2806 fingebant,
1325 2730 1473 2809 quid
1515 2732 1631 2790 hoc
1687 2730 1768 2790 ad
1810 2732 2066 2791 Eumol·
2144 2735 2146 2737 ’

295 2830 513 2912 Ρίᾶειείῑ
598 2831 854 2910 Reliqua
907 2828 1281 2889 Theodoreti
1337 2832 1678 2890 criminatio
1737 2850 1775 2889 a
1834 2840 2064 2908 myste-

298 2933 405 2990 riis
448 2932 627 3008 longe
669 2949 887 2992 aversa
928 2930 1441 3005 Dionysiacarum
1483 2949 1853 3011 pomparum
1908 2931 2065 2990 ludi-
2142 2930 2144 2935 ’

300 3030 434 3089 bria
474 3032 851 3110 perstringit3
908 3026 1116 3110 itaque
1159 3032 1403 3110 saepius
1456 3032 1550 3090 illi
1593 3049 1904 3091 sacrorum
1956 3050 2065 3111 pa-

302 3130 650 3207 ganicorum
698 3139 1146 3210 oppugnatores
1186 3130 1687 3212 Thesmophoria,
1731 3133 2065 3207 Eleusinia,

303 3230 626 3306 Dionysia,
668 3230 1074 3290 Bacchanalia
1105 3232 1171 3290 in
1206 3250 1394 3292 unum
1433 3234 1606 3311 quasi
1644 3234 1888 3292 cinnum
1924 3248 2065 3289 con-

305 3328 570 3390 fundunt
611 3331 844 3407 majore
897 3349 1043 3391 suae
1097 3350 1314 3392 causae
1355 3350 1540 3413 quam
1595 3342 1839 3392 nostrae
1882 3348 2056 3409 quae-
