<?xml version="1.0" encoding="UTF-8"?>
<!DOCTYPE html PUBLIC "-//W3C//DTD XHTML 1.0 Transitional//EN"
    "http://www.w3.org/TR/xhtml1/DTD/xhtml1-transitional.dtd">
<html xmlns="http://www.w3.org/1999/xhtml" xml:lang="en" lang="en">
 <head>
  <title>
</title>
<meta http-equiv="Content-Type" content="text/html;charset=utf-8" />
  <meta name='ocr-system' content='tesseract 3.04.00' />
  <meta name='ocr-capabilities' content='ocr_page ocr_carea ocr_par ocr_line ocrx_word'/>
</head>
<body>
  <div class='ocr_page' id='page_1' title='image "./aglaophamussived01lobeuoft_0269.png"; bbox 0 0 2158 3848; ppageno 0'>
   <div class='ocr_carea' id='block_1_1' title="bbox 709 206 1858 269">
    <p class='ocr_par' dir='ltr' id='par_1_1' title="bbox 709 206 1858 269">
     <span class='ocr_line' id='line_1_1' title="bbox 709 206 1858 269; baseline 0.009 -10"><span class='ocrx_word' id='word_1_1' title='bbox 709 219 1199 264; x_wconf 49' lang='lat' dir='ltr'>,onrnlcm</span> <span class='ocrx_word' id='word_1_2' title='bbox 1733 206 1858 269; x_wconf 83' lang='lat'>253</span> 
     </span>
    </p>
   </div>
   <div class='ocr_carea' id='block_1_2' title="bbox 0 351 1942 1533">
    <p class='ocr_par' dir='ltr' id='par_1_2' title="bbox 0 351 1942 1533">
     <span class='ocr_line' id='line_1_2' title="bbox 80 351 1861 418; baseline -0.002 0"><span class='ocrx_word' id='word_1_3' title='bbox 80 359 421 418; x_wconf 80' lang='lat' dir='ltr'>Pausanias</span> <span class='ocrx_word' id='word_1_4' title='bbox 471 355 517 413; x_wconf 94' lang='grc' dir='ltr'><strong>Ι.</strong></span> <span class='ocrx_word' id='word_1_5' title='bbox 564 353 665 413; x_wconf 84' lang='grc'><strong>37.</strong></span> <span class='ocrx_word' id='word_1_6' title='bbox 732 351 816 412; x_wconf 83' lang='lat' dir='ltr'>ad</span> <span class='ocrx_word' id='word_1_7' title='bbox 870 352 1040 412; x_wconf 81' lang='lat' dir='ltr'>viam</span> <span class='ocrx_word' id='word_1_8' title='bbox 1095 367 1332 410; x_wconf 84' lang='lat' dir='ltr'>sacram</span> <span class='ocrx_word' id='word_1_9' title='bbox 1389 363 1861 414; x_wconf 83' lang='lat' dir='ltr'><strong>monumentum</strong></span> 
     </span>
     <span class='ocr_line' id='line_1_3' title="bbox 79 450 1862 531; baseline -0.003 -13"><span class='ocrx_word' id='word_1_10' title='bbox 79 478 233 518; x_wconf 86' lang='lat' dir='ltr'>esse·</span> <span class='ocrx_word' id='word_1_11' title='bbox 258 456 407 515; x_wconf 86' lang='lat' dir='ltr'>dicit</span> <span class='ocrx_word' id='word_1_12' title='bbox 446 452 808 525; x_wconf 85' lang='lat' dir='ltr'>Mnesithei‚</span> <span class='ocrx_word' id='word_1_13' title='bbox 869 469 1053 531; x_wconf 91' lang='lat' dir='ltr'>quem</span> <span class='ocrx_word' id='word_1_14' title='bbox 1095 450 1419 530; x_wconf 85' lang='lat' dir='ltr'>complura</span> <span class='ocrx_word' id='word_1_15' title='bbox 1471 451 1646 527; x_wconf 83' lang='lat' dir='ltr'>signa</span> <span class='ocrx_word' id='word_1_16' title='bbox 1689 451 1862 513; x_wconf 89' lang='lat' dir='ltr'>dedi-</span> 
     </span>
     <span class='ocr_line' id='line_1_4' title="bbox 81 547 1861 632; baseline -0.002 -15"><span class='ocrx_word' id='word_1_17' title='bbox 81 576 267 628; x_wconf 84' lang='lat' dir='ltr'>casse,</span> <span class='ocrx_word' id='word_1_18' title='bbox 311 558 379 618; x_wconf 77' lang='grc' dir='ltr'>ἐν</span> <span class='ocrx_word' id='word_1_19' title='bbox 422 554 514 624; x_wconf 84' lang='grc' dir='ltr'><em>οἷς</em></span> <span class='ocrx_word' id='word_1_20' title='bbox 554 553 662 615; x_wconf 81' lang='grc' dir='ltr'>καὶ</span> <span class='ocrx_word' id='word_1_21' title='bbox 703 552 736 614; x_wconf 84' lang='grc' dir='ltr'><em>ὃ</em></span> <span class='ocrx_word' id='word_1_22' title='bbox 769 553 1006 630; x_wconf 79' lang='grc' dir='ltr'><em>Ἴακχος</em></span> <span class='ocrx_word' id='word_1_23' title='bbox 1023 547 1096 631; x_wconf 74' lang='lat'>[¹¹]</span> <span class='ocrx_word' id='word_1_24' title='bbox 1145 549 1486 629; x_wconf 86' lang='grc' dir='ltr'><em>πεποίηται·</em></span> <span class='ocrx_word' id='word_1_25' title='bbox 1539 549 1861 632; x_wconf 71' lang='grc' dir='ltr'><em>ᾠκοδόμη-</em></span> 
     </span>
     <span class='ocr_line' id='line_1_5' title="bbox 77 649 1942 736; baseline -0.003 -18"><span class='ocrx_word' id='word_1_26' title='bbox 77 682 180 718; x_wconf 87' lang='grc' dir='ltr'>ται</span> <span class='ocrx_word' id='word_1_27' title='bbox 220 654 291 718; x_wconf 76' lang='grc' dir='ltr'>δὲ</span> <span class='ocrx_word' id='word_1_28' title='bbox 331 654 490 716; x_wconf 78' lang='grc' dir='ltr'><em>κατὰ</em></span> <span class='ocrx_word' id='word_1_29' title='bbox 533 653 651 732; x_wconf 84' lang='grc' dir='ltr'>τὴν</span> <span class='ocrx_word' id='word_1_30' title='bbox 693 651 848 715; x_wconf 74' lang='grc' dir='ltr'><em>ὁδὸν</em></span> <span class='ocrx_word' id='word_1_31' title='bbox 889 651 1043 721; x_wconf 87' lang='grc' dir='ltr'><em>ναὸς</em></span> <span class='ocrx_word' id='word_1_32' title='bbox 1085 653 1161 714; x_wconf 79' lang='grc' dir='ltr'>οὐ</span> <span class='ocrx_word' id='word_1_33' title='bbox 1203 652 1426 736; x_wconf 75' lang='grc' dir='ltr'><em>μέγας,</em></span> <span class='ocrx_word' id='word_1_34' title='bbox 1481 649 1861 734; x_wconf 82' lang='grc' dir='ltr'><em>καλούμενος</em></span> <span class='ocrx_word' id='word_1_35' title='bbox 1940 711 1942 713; x_wconf 83' lang='grc'><em>,</em></span> 
     </span>
     <span class='ocr_line' id='line_1_6' title="bbox 79 751 1864 837; baseline -0.002 -19"><span class='ocrx_word' id='word_1_36' title='bbox 79 754 401 836; x_wconf 80' lang='grc' dir='ltr'><em>Κυαμίτου</em></span> <span class='ocrx_word' id='word_1_37' title='bbox 420 751 523 833; x_wconf 92' lang='lat'>[¹]</span> <span class='ocrx_word' id='word_1_38' title='bbox 571 751 764 836; x_wconf 77' lang='grc' dir='ltr'><em>σαφὲς</em></span> <span class='ocrx_word' id='word_1_39' title='bbox 807 751 876 814; x_wconf 75' lang='grc' dir='ltr'>δὲ</span> <span class='ocrx_word' id='word_1_40' title='bbox 922 751 1110 815; x_wconf 75' lang='grc' dir='ltr'><em>οὐδὲν</em></span> <span class='ocrx_word' id='word_1_41' title='bbox 1147 754 1264 832; x_wconf 71' lang='grc' dir='ltr'>ἔχω</span> <span class='ocrx_word' id='word_1_42' title='bbox 1294 753 1491 837; x_wconf 78' lang='grc' dir='ltr'><em>λέγειν</em></span> <span class='ocrx_word' id='word_1_43' title='bbox 1532 756 1649 815; x_wconf 83' lang='grc' dir='ltr'><em>εἴτε</em></span> <span class='ocrx_word' id='word_1_44' title='bbox 1692 761 1864 835; x_wconf 81' lang='grc' dir='ltr'><em>πρῶ-</em></span> 
     </span>
     <span class='ocr_line' id='line_1_7' title="bbox 0 848 1863 936; baseline -0.001 -20"><span class='ocrx_word' id='word_1_45' title='bbox 0 904 1 936; x_wconf 45' lang='lat'><em>3</em></span> <span class='ocrx_word' id='word_1_46' title='bbox 74 879 180 924; x_wconf 80' lang='grc' dir='ltr'>τος</span> <span class='ocrx_word' id='word_1_47' title='bbox 235 850 519 934; x_wconf 81' lang='grc' dir='ltr'><em>κυάμους</em></span> <span class='ocrx_word' id='word_1_48' title='bbox 578 855 854 935; x_wconf 71' lang='grc' dir='ltr'><em>ἔσπειρεν</em></span> <span class='ocrx_word' id='word_1_49' title='bbox 910 848 1121 925; x_wconf 84' lang='grc' dir='ltr'><em>οὗτος,</em></span> <span class='ocrx_word' id='word_1_50' title='bbox 1194 857 1310 914; x_wconf 81' lang='grc' dir='ltr'><em>εἴτε</em></span> <span class='ocrx_word' id='word_1_51' title='bbox 1368 851 1511 915; x_wconf 77' lang='grc' dir='ltr'><em>τινὰ</em></span> <span class='ocrx_word' id='word_1_52' title='bbox 1536 881 1538 883; x_wconf 95' lang='grc'><strong><em>·</em></strong></span> <span class='ocrx_word' id='word_1_53' title='bbox 1567 851 1863 936; x_wconf 50' lang='grc' dir='ltr'>ἐπεφήμιᾳ</span> 
     </span>
     <span class='ocr_line' id='line_1_8' title="bbox 76 950 1919 1042; baseline 0 -26"><span class='ocrx_word' id='word_1_54' title='bbox 76 975 197 1016; x_wconf 90' lang='grc' dir='ltr'>σαν</span> <span class='ocrx_word' id='word_1_55' title='bbox 237 954 438 1036; x_wconf 74' lang='grc' dir='ltr'><em>ἥρωα·</em></span> <span class='ocrx_word' id='word_1_56' title='bbox 486 953 705 1042; x_wconf 67' lang='grc' dir='ltr'><em>(δῆλον</em></span> <span class='ocrx_word' id='word_1_57' title='bbox 747 952 986 1030; x_wconf 77' lang='grc' dir='ltr'><em>ὃὲ)’ὃ’τι</em></span> <span class='ocrx_word' id='word_1_58' title='bbox 1025 960 1158 1015; x_wconf 84' lang='grc' dir='ltr'>τῶν</span> <span class='ocrx_word' id='word_1_59' title='bbox 1201 950 1467 1033; x_wconf 79' lang='grc' dir='ltr'><em>κυάμων</em></span> <span class='ocrx_word' id='word_1_60' title='bbox 1512 954 1863 1038; x_wconf 73' lang='grc' dir='ltr'><em>ἀνενεγκεῖν</em></span> <span class='ocrx_word' id='word_1_61' title='bbox 1917 985 1919 989; x_wconf 96' lang='grc'><strong><em>·</em></strong></span> 
     </span>
     <span class='ocr_line' id='line_1_9' title="bbox 74 1050 1861 1135; baseline -0.001 -19"><span class='ocrx_word' id='word_1_62' title='bbox 74 1056 190 1116; x_wconf 79' lang='grc' dir='ltr'><em>οὐκ</em></span> <span class='ocrx_word' id='word_1_63' title='bbox 234 1056 402 1117; x_wconf 79' lang='grc' dir='ltr'><em>’ἔστιν</em></span> <span class='ocrx_word' id='word_1_64' title='bbox 457 1057 517 1123; x_wconf 76' lang='grc' dir='ltr'><em>ἐς</em></span> <span class='ocrx_word' id='word_1_65' title='bbox 569 1051 871 1135; x_wconf 83' lang='grc' dir='ltr'><em>Δήμητρα</em></span> <span class='ocrx_word' id='word_1_66' title='bbox 921 1051 1035 1131; x_wconf 86' lang='grc' dir='ltr'>τὴν</span> <span class='ocrx_word' id='word_1_67' title='bbox 1094 1052 1364 1134; x_wconf 56' lang='grc' dir='ltr'><em>εὕρεσιν</em></span> <span class='ocrx_word' id='word_1_68' title='bbox 1425 1050 1585 1120; x_wconf 79' lang='grc' dir='ltr'><em>ὅςτις</em></span> <span class='ocrx_word' id='word_1_69' title='bbox 1629 1052 1699 1115; x_wconf 70' lang='grc' dir='ltr'>δὲ</span> <span class='ocrx_word' id='word_1_70' title='bbox 1741 1054 1861 1132; x_wconf 70' lang='grc' dir='ltr'>ἤδη</span> 
     </span>
     <span class='ocr_line' id='line_1_10' title="bbox 73 1149 1861 1236; baseline -0.001 -20"><span class='ocrx_word' id='word_1_71' title='bbox 73 1154 318 1233; x_wconf 82' lang='grc' dir='ltr'><em>τελετὴν</em></span> <span class='ocrx_word' id='word_1_72' title='bbox 366 1157 662 1217; x_wconf 81' lang='grc' dir='ltr'><em>Ἐλευσῖνι</em></span> <span class='ocrx_word' id='word_1_73' title='bbox 724 1152 888 1215; x_wconf 76' lang='grc' dir='ltr'><em>εἶδεν</em></span> <span class='ocrx_word' id='word_1_74' title='bbox 939 1152 980 1232; x_wconf 82' lang='grc' dir='ltr'>ἢ</span> <span class='ocrx_word' id='word_1_75' title='bbox 1033 1151 1113 1214; x_wconf 74' lang='grc' dir='ltr'><em>τὰ</em></span> <span class='ocrx_word' id='word_1_76' title='bbox 1180 1149 1538 1236; x_wconf 76' lang='grc' dir='ltr'><em>καλούμενα</em></span> <span class='ocrx_word' id='word_1_77' title='bbox 1594 1152 1861 1235; x_wconf 78' lang='grc' dir='ltr'><em>Ὀρφικὰ</em></span> 
     </span>
     <span class='ocr_line' id='line_1_11' title="bbox 75 1243 1863 1338; baseline -0.003 -22"><span class='ocrx_word' id='word_1_78' title='bbox 75 1249 427 1327; x_wconf 72' lang='grc' dir='ltr'><em>ἐπελέξατο,</em></span> <span class='ocrx_word' id='word_1_79' title='bbox 471 1254 644 1324; x_wconf 74' lang='grc' dir='ltr'><em>οἶδεν</em></span> <span class='ocrx_word' id='word_1_80' title='bbox 686 1254 721 1315; x_wconf 85' lang='grc' dir='ltr'>ὃ</span> <span class='ocrx_word' id='word_1_81' title='bbox 768 1254 951 1338; x_wconf 77' lang='grc' dir='ltr'><em>λέγω·</em></span> <span class='ocrx_word' id='word_1_82' title='bbox 998 1243 1164 1332; x_wconf 82' lang='lat' dir='ltr'>quod</span> <span class='ocrx_word' id='word_1_83' title='bbox 1208 1249 1427 1310; x_wconf 90' lang='lat' dir='ltr'>sufficit</span> <span class='ocrx_word' id='word_1_84' title='bbox 1470 1249 1552 1310; x_wconf 87' lang='lat' dir='ltr'>ad</span> <span class='ocrx_word' id='word_1_85' title='bbox 1594 1251 1863 1331; x_wconf 89' lang='lat' dir='ltr'>proban-</span> 
     </span>
     <span class='ocr_line' id='line_1_12' title="bbox 74 1349 1862 1436; baseline -0.001 -22"><span class='ocrx_word' id='word_1_86' title='bbox 74 1355 253 1428; x_wconf 86' lang='lat' dir='ltr'>dum,</span> <span class='ocrx_word' id='word_1_87' title='bbox 319 1354 672 1414; x_wconf 82' lang='lat' dir='ltr'><strong>Eleusinios</strong></span> <span class='ocrx_word' id='word_1_88' title='bbox 728 1371 971 1436; x_wconf 89' lang='lat' dir='ltr'>quoque</span> <span class='ocrx_word' id='word_1_89' title='bbox 1036 1349 1388 1412; x_wconf 84' lang='lat' dir='ltr'>sacerdotes</span> <span class='ocrx_word' id='word_1_90' title='bbox 1443 1351 1862 1430; x_wconf 86' lang='lat' dir='ltr'>legumentum</span> 
     </span>
     <span class='ocr_line' id='line_1_13' title="bbox 70 1450 1864 1533; baseline -0.001 -19"><span class='ocrx_word' id='word_1_91' title='bbox 70 1455 394 1515; x_wconf 84' lang='lat' dir='ltr'>fabaceum</span> <span class='ocrx_word' id='word_1_92' title='bbox 448 1453 785 1514; x_wconf 89' lang='lat' dir='ltr'>detestatos</span> <span class='ocrx_word' id='word_1_93' title='bbox 841 1471 993 1521; x_wconf 76' lang='lat' dir='ltr'>esse.</span> <span class='ocrx_word' id='word_1_94' title='bbox 1078 1452 1178 1512; x_wconf 85' lang='lat' dir='ltr'>Ab</span> <span class='ocrx_word' id='word_1_95' title='bbox 1234 1450 1454 1511; x_wconf 86' lang='lat' dir='ltr'>eadem</span> <span class='ocrx_word' id='word_1_96' title='bbox 1509 1462 1686 1533; x_wconf 89' lang='lat' dir='ltr'>parte</span> <span class='ocrx_word' id='word_1_97' title='bbox 1743 1462 1864 1513; x_wconf 91' lang='lat' dir='ltr'>ste-</span> 
     </span>
    </p>
   </div>
   <div class='ocr_carea' id='block_1_3' title="bbox 73 1605 1865 2370">
    <p class='ocr_par' dir='ltr' id='par_1_3' title="bbox 73 1605 1865 2370">
     <span class='ocr_line' id='line_1_14' title="bbox 195 1605 1864 1667; baseline -0.001 -15"><span class='ocrx_word' id='word_1_98' title='bbox 195 1609 263 1667; x_wconf 77' lang='lat' dir='ltr'>[k]</span> <span class='ocrx_word' id='word_1_99' title='bbox 296 1610 523 1654; x_wconf 83' lang='lat' dir='ltr'>Plutarchi</span> <span class='ocrx_word' id='word_1_100' title='bbox 550 1610 690 1652; x_wconf 90' lang='lat' dir='ltr'>locum</span> <span class='ocrx_word' id='word_1_101' title='bbox 718 1610 764 1652; x_wconf 89' lang='lat' dir='ltr'>in</span> <span class='ocrx_word' id='word_1_102' title='bbox 796 1610 849 1653; x_wconf 90' lang='lat' dir='ltr'>V.</span> <span class='ocrx_word' id='word_1_103' title='bbox 880 1609 1059 1654; x_wconf 85' lang='lat' dir='ltr'>Aristid.</span> <span class='ocrx_word' id='word_1_104' title='bbox 1091 1625 1128 1652; x_wconf 93' lang='lat' dir='ltr'>c.</span> <span class='ocrx_word' id='word_1_105' title='bbox 1157 1608 1342 1652; x_wconf 81' lang='lat' dir='ltr'>XXVII.</span> <span class='ocrx_word' id='word_1_106' title='bbox 1366 1606 1464 1650; x_wconf 85' lang='lat'><strong>388.</strong></span> <span class='ocrx_word' id='word_1_107' title='bbox 1498 1605 1659 1652; x_wconf 78' lang='grc' dir='ltr'><em>ἑαυτὸν</em></span> <span class='ocrx_word' id='word_1_108' title='bbox 1689 1610 1740 1653; x_wconf 71' lang='grc' dir='ltr'><em>ἐκ</em></span> <span class='ocrx_word' id='word_1_109' title='bbox 1781 1626 1864 1652; x_wconf 92' lang='grc' dir='ltr'>πι-</span> 
     </span>
     <span class='ocr_line' id='line_1_15' title="bbox 74 1663 1862 1729; baseline -0.001 -16"><span class='ocrx_word' id='word_1_110' title='bbox 74 1672 234 1713; x_wconf 81' lang='grc' dir='ltr'><em>νακίου</em></span> <span class='ocrx_word' id='word_1_111' title='bbox 270 1667 391 1718; x_wconf 80' lang='grc' dir='ltr'><em>τινὸς</em></span> <span class='ocrx_word' id='word_1_112' title='bbox 427 1669 782 1728; x_wconf 80' lang='grc' dir='ltr'><em>ὀνειροκριτικοῦ</em></span> <span class='ocrx_word' id='word_1_113' title='bbox 823 1667 948 1729; x_wconf 82' lang='grc' dir='ltr'><em>παρὰ</em></span> <span class='ocrx_word' id='word_1_114' title='bbox 993 1667 1045 1712; x_wconf 86' lang='grc' dir='ltr'><em>τὸ</em></span> <span class='ocrx_word' id='word_1_115' title='bbox 1087 1664 1304 1724; x_wconf 80' lang='grc' dir='ltr'><em>Ἰάκχειον</em></span> <span class='ocrx_word' id='word_1_116' title='bbox 1343 1663 1646 1726; x_wconf 83' lang='grc' dir='ltr'><em>καθεζόμενος</em></span> <span class='ocrx_word' id='word_1_117' title='bbox 1687 1669 1862 1723; x_wconf 74' lang='grc' dir='ltr'><em>ἔβοσκε·</em></span> 
     </span>
     <span class='ocr_line' id='line_1_16' title="bbox 75 1723 1864 1786; baseline 0 -16"><span class='ocrx_word' id='word_1_118' title='bbox 75 1735 121 1771; x_wconf 90' lang='lat' dir='ltr'>et</span> <span class='ocrx_word' id='word_1_119' title='bbox 148 1728 424 1784; x_wconf 87' lang='lat' dir='ltr'>Alciphronis</span> <span class='ocrx_word' id='word_1_120' title='bbox 451 1729 533 1770; x_wconf 86' lang='lat'><strong>111.</strong></span> <span class='ocrx_word' id='word_1_121' title='bbox 563 1728 649 1784; x_wconf 86' lang='lat' dir='ltr'>Ep.</span> <span class='ocrx_word' id='word_1_122' title='bbox 680 1727 751 1770; x_wconf 90' lang='lat'>59.</span> <span class='ocrx_word' id='word_1_123' title='bbox 782 1727 887 1786; x_wconf 82' lang='grc' dir='ltr'><em>παρ’</em></span> <span class='ocrx_word' id='word_1_124' title='bbox 922 1727 1002 1772; x_wconf 79' lang='grc' dir='ltr'>ἕνα</span> <span class='ocrx_word' id='word_1_125' title='bbox 1031 1730 1122 1770; x_wconf 83' lang='grc' dir='ltr'>τῶν</span> <span class='ocrx_word' id='word_1_126' title='bbox 1143 1726 1196 1769; x_wconf 85' lang='grc' dir='ltr'><em>τὰ</em></span> <span class='ocrx_word' id='word_1_127' title='bbox 1218 1723 1405 1769; x_wconf 82' lang='grc' dir='ltr'><em>πινάκια</em></span> <span class='ocrx_word' id='word_1_128' title='bbox 1425 1724 1550 1785; x_wconf 81' lang='grc' dir='ltr'><em>παρὰ</em></span> <span class='ocrx_word' id='word_1_129' title='bbox 1572 1724 1622 1770; x_wconf 90' lang='grc' dir='ltr'><em>τὸ</em></span> <span class='ocrx_word' id='word_1_130' title='bbox 1644 1726 1864 1783; x_wconf 79' lang='grc' dir='ltr'><em>Ἰακχεῖον</em></span> 
     </span>
     <span class='ocr_line' id='line_1_17' title="bbox 75 1782 1863 1845; baseline -0.001 -16"><span class='ocrx_word' id='word_1_131' title='bbox 75 1790 386 1844; x_wconf 79' lang='grc' dir='ltr'><em>προτιθέντων</em></span> <span class='ocrx_word' id='word_1_132' title='bbox 424 1789 502 1830; x_wconf 79' lang='grc' dir='ltr'><em>καὶ</em></span> <span class='ocrx_word' id='word_1_133' title='bbox 543 1785 648 1835; x_wconf 85' lang='grc' dir='ltr'><em>τοὺς</em></span> <span class='ocrx_word' id='word_1_134' title='bbox 679 1785 883 1844; x_wconf 81' lang='grc' dir='ltr'><em>ὀνείρους</em></span> <span class='ocrx_word' id='word_1_135' title='bbox 910 1783 1240 1845; x_wconf 83' lang='grc' dir='ltr'><em>ὑποκρίνεσθαι</em></span> <span class='ocrx_word' id='word_1_136' title='bbox 1269 1782 1615 1842; x_wconf 82' lang='grc' dir='ltr'><em>ὑποσχομένων·</em></span> <span class='ocrx_word' id='word_1_137' title='bbox 1642 1786 1733 1840; x_wconf 83' lang='lat' dir='ltr'>jam</span> <span class='ocrx_word' id='word_1_138' title='bbox 1765 1785 1863 1828; x_wconf 86' lang='lat' dir='ltr'>olim</span> 
     </span>
     <span class='ocr_line' id='line_1_18' title="bbox 75 1843 1863 1900; baseline -0.001 -13"><span class='ocrx_word' id='word_1_139' title='bbox 75 1845 237 1888; x_wconf 90' lang='lat' dir='ltr'>contuli</span> <span class='ocrx_word' id='word_1_140' title='bbox 265 1845 311 1887; x_wconf 89' lang='lat' dir='ltr'>iu</span> <span class='ocrx_word' id='word_1_141' title='bbox 338 1844 451 1887; x_wconf 88' lang='lat' dir='ltr'>Diss.</span> <span class='ocrx_word' id='word_1_142' title='bbox 482 1845 537 1887; x_wconf 89' lang='lat' dir='ltr'>de</span> <span class='ocrx_word' id='word_1_143' title='bbox 567 1845 742 1900; x_wconf 86' lang='lat' dir='ltr'>Thriis,</span> <span class='ocrx_word' id='word_1_144' title='bbox 773 1846 1085 1900; x_wconf 87' lang='lat' dir='ltr'>Iaccheumque</span> <span class='ocrx_word' id='word_1_145' title='bbox 1113 1844 1187 1887; x_wconf 88' lang='lat' dir='ltr'>illo</span> <span class='ocrx_word' id='word_1_146' title='bbox 1218 1843 1331 1895; x_wconf 86' lang='lat' dir='ltr'>loco,</span> <span class='ocrx_word' id='word_1_147' title='bbox 1362 1857 1487 1898; x_wconf 90' lang='lat' dir='ltr'>quem</span> <span class='ocrx_word' id='word_1_148' title='bbox 1516 1843 1758 1886; x_wconf 85' lang='lat' dir='ltr'>Pausanias</span> <span class='ocrx_word' id='word_1_149' title='bbox 1787 1843 1863 1885; x_wconf 89' lang='lat' dir='ltr'>de—</span> 
     </span>
     <span class='ocr_line' id='line_1_19' title="bbox 74 1901 1862 1960; baseline -0.001 -15"><span class='ocrx_word' id='word_1_150' title='bbox 74 1904 235 1959; x_wconf 80' lang='lat' dir='ltr'>signat,</span> <span class='ocrx_word' id='word_1_151' title='bbox 266 1904 450 1960; x_wconf 86' lang='lat' dir='ltr'>positum</span> <span class='ocrx_word' id='word_1_152' title='bbox 481 1903 612 1947; x_wconf 87' lang='lat' dir='ltr'>fuisse</span> <span class='ocrx_word' id='word_1_153' title='bbox 641 1904 885 1959; x_wconf 88' lang='lat' dir='ltr'>suspicatus</span> <span class='ocrx_word' id='word_1_154' title='bbox 916 1918 1037 1954; x_wconf 83' lang='lat' dir='ltr'>sum3</span> <span class='ocrx_word' id='word_1_155' title='bbox 1068 1903 1112 1944; x_wconf 92' lang='lat' dir='ltr'>in</span> <span class='ocrx_word' id='word_1_156' title='bbox 1135 1901 1404 1943; x_wconf 79' lang='lat' dir='ltr'>Ceramicum</span> <span class='ocrx_word' id='word_1_157' title='bbox 1428 1902 1636 1944; x_wconf 84' lang='lat' dir='ltr'>transfert</span> <span class='ocrx_word' id='word_1_158' title='bbox 1661 1902 1862 1944; x_wconf 82' lang='lat' dir='ltr'>Osannus</span> 
     </span>
     <span class='ocr_line' id='line_1_20' title="bbox 74 1958 1865 2018; baseline -0.001 -13"><span class='ocrx_word' id='word_1_159' title='bbox 74 1963 119 2005; x_wconf 89' lang='lat' dir='ltr'>in</span> <span class='ocrx_word' id='word_1_160' title='bbox 149 1962 318 2018; x_wconf 81' lang='lat' dir='ltr'><strong>Syllog.</strong></span> <span class='ocrx_word' id='word_1_161' title='bbox 347 1962 384 2004; x_wconf 90' lang='grc' dir='ltr'>Ι.</span> <span class='ocrx_word' id='word_1_162' title='bbox 417 1962 515 2005; x_wconf 84' lang='grc'><strong>153.</strong></span> <span class='ocrx_word' id='word_1_163' title='bbox 558 1962 628 2004; x_wconf 92' lang='lat' dir='ltr'>cui</span> <span class='ocrx_word' id='word_1_164' title='bbox 668 1962 837 2005; x_wconf 82' lang='lat' dir='ltr'>accedit</span> <span class='ocrx_word' id='word_1_165' title='bbox 864 1961 1111 2004; x_wconf 89' lang='lat' dir='ltr'>Boeckhius</span> <span class='ocrx_word' id='word_1_166' title='bbox 1139 1961 1276 2003; x_wconf 90' lang='lat' dir='ltr'>Inscr.</span> <span class='ocrx_word' id='word_1_167' title='bbox 1309 1959 1375 2002; x_wconf 91' lang='lat' dir='ltr'><strong>Cl.</strong></span> <span class='ocrx_word' id='word_1_168' title='bbox 1407 1959 1485 2002; x_wconf 93' lang='lat' dir='ltr'>IX.</span> <span class='ocrx_word' id='word_1_169' title='bbox 1514 1960 1575 2003; x_wconf 85' lang='lat' dir='ltr'>N.</span> <span class='ocrx_word' id='word_1_170' title='bbox 1605 1958 1705 2003; x_wconf 84' lang='lat'><strong>481.</strong></span> <span class='ocrx_word' id='word_1_171' title='bbox 1745 1961 1865 2004; x_wconf 88' lang='lat' dir='ltr'>nulla</span> 
     </span>
     <span class='ocr_line' id='line_1_21' title="bbox 75 2018 1862 2078; baseline -0.002 -14"><span class='ocrx_word' id='word_1_172' title='bbox 75 2021 164 2064; x_wconf 84' lang='lat' dir='ltr'>alia</span> <span class='ocrx_word' id='word_1_173' title='bbox 191 2022 360 2063; x_wconf 86' lang='lat' dir='ltr'>ratione</span> <span class='ocrx_word' id='word_1_174' title='bbox 391 2035 518 2077; x_wconf 88' lang='lat' dir='ltr'>quam</span> <span class='ocrx_word' id='word_1_175' title='bbox 548 2021 651 2076; x_wconf 87' lang='lat' dir='ltr'>quia</span> <span class='ocrx_word' id='word_1_176' title='bbox 679 2020 742 2063; x_wconf 86' lang='lat' dir='ltr'>ibi</span> <span class='ocrx_word' id='word_1_177' title='bbox 775 2035 946 2078; x_wconf 89' lang='lat' dir='ltr'>quoque</span> <span class='ocrx_word' id='word_1_178' title='bbox 974 2020 1123 2063; x_wconf 88' lang='lat' dir='ltr'>Iacchi</span> <span class='ocrx_word' id='word_1_179' title='bbox 1153 2019 1358 2062; x_wconf 86' lang='lat' dir='ltr'>sacellum</span> <span class='ocrx_word' id='word_1_180' title='bbox 1386 2018 1484 2061; x_wconf 84' lang='lat' dir='ltr'>fuit.</span> <span class='ocrx_word' id='word_1_181' title='bbox 1556 2019 1771 2075; x_wconf 86' lang='lat' dir='ltr'>Equidem</span> <span class='ocrx_word' id='word_1_182' title='bbox 1801 2020 1862 2062; x_wconf 90' lang='lat' dir='ltr'>il-</span> 
     </span>
     <span class='ocr_line' id='line_1_22' title="bbox 75 2074 1864 2137; baseline 0 -15"><span class='ocrx_word' id='word_1_183' title='bbox 75 2079 151 2122; x_wconf 87' lang='lat' dir='ltr'>lud</span> <span class='ocrx_word' id='word_1_184' title='bbox 179 2080 281 2122; x_wconf 86' lang='lat' dir='ltr'>mihi</span> <span class='ocrx_word' id='word_1_185' title='bbox 311 2079 522 2137; x_wconf 81' lang='lat' dir='ltr'>explicari</span> <span class='ocrx_word' id='word_1_186' title='bbox 549 2079 703 2133; x_wconf 83' lang='lat' dir='ltr'>velim,</span> <span class='ocrx_word' id='word_1_187' title='bbox 764 2094 876 2136; x_wconf 83' lang='lat' dir='ltr'>quae</span> <span class='ocrx_word' id='word_1_188' title='bbox 907 2080 993 2122; x_wconf 90' lang='lat' dir='ltr'>sint</span> <span class='ocrx_word' id='word_1_189' title='bbox 1038 2074 1229 2123; x_wconf 79' lang='grc' dir='ltr'><em>πινάκια</em></span> <span class='ocrx_word' id='word_1_190' title='bbox 1270 2075 1596 2137; x_wconf 82' lang='grc' dir='ltr'><em>ὀνειροκριτικά</em></span> <span class='ocrx_word' id='word_1_191' title='bbox 1630 2079 1755 2132; x_wconf 81' lang='lat' dir='ltr'>sive,</span> <span class='ocrx_word' id='word_1_192' title='bbox 1814 2085 1864 2122; x_wconf 84' lang='lat' dir='ltr'>ut</span> 
     </span>
     <span class='ocr_line' id='line_1_23' title="bbox 75 2133 1860 2195; baseline -0.001 -13"><span class='ocrx_word' id='word_1_193' title='bbox 75 2139 337 2182; x_wconf 76' lang='lat' dir='ltr'>Plutarchus</span> <span class='ocrx_word' id='word_1_194' title='bbox 389 2139 497 2182; x_wconf 88' lang='lat' dir='ltr'>dicit</span> <span class='ocrx_word' id='word_1_195' title='bbox 546 2138 591 2180; x_wconf 90' lang='lat' dir='ltr'>in</span> <span class='ocrx_word' id='word_1_196' title='bbox 631 2138 792 2181; x_wconf 82' lang='lat' dir='ltr'>Parall.</span> <span class='ocrx_word' id='word_1_197' title='bbox 834 2139 991 2182; x_wconf 86' lang='lat' dir='ltr'>Caton.</span> <span class='ocrx_word' id='word_1_198' title='bbox 1034 2153 1070 2180; x_wconf 92' lang='lat' dir='ltr'>c.</span> <span class='ocrx_word' id='word_1_199' title='bbox 1114 2138 1196 2180; x_wconf 91' lang='lat' dir='ltr'><strong>III.</strong></span> <span class='ocrx_word' id='word_1_200' title='bbox 1238 2133 1338 2179; x_wconf 79' lang='lat'><strong>433.</strong></span> <span class='ocrx_word' id='word_1_201' title='bbox 1383 2135 1619 2195; x_wconf 73' lang='grc' dir='ltr'><em>ἆγυρτικοὶ</em></span> <span class='ocrx_word' id='word_1_202' title='bbox 1657 2142 1860 2187; x_wconf 85' lang='grc' dir='ltr'><em>πίνακες.</em></span> 
     </span>
     <span class='ocr_line' id='line_1_24' title="bbox 73 2195 1860 2253; baseline -0.001 -14"><span class='ocrx_word' id='word_1_203' title='bbox 73 2197 198 2240; x_wconf 79' lang='lat' dir='ltr'>Haec</span> <span class='ocrx_word' id='word_1_204' title='bbox 232 2197 402 2240; x_wconf 87' lang='lat' dir='ltr'>uomina</span> <span class='ocrx_word' id='word_1_205' title='bbox 441 2198 573 2240; x_wconf 86' lang='lat' dir='ltr'>affert</span> <span class='ocrx_word' id='word_1_206' title='bbox 613 2196 898 2240; x_wconf 83' lang='lat' dir='ltr'>Casaubonus</span> <span class='ocrx_word' id='word_1_207' title='bbox 929 2197 983 2239; x_wconf 87' lang='lat' dir='ltr'>ad</span> <span class='ocrx_word' id='word_1_208' title='bbox 1031 2197 1254 2253; x_wconf 85' lang='lat' dir='ltr'>Spartian.</span> <span class='ocrx_word' id='word_1_209' title='bbox 1300 2195 1479 2237; x_wconf 84' lang='lat' dir='ltr'>Adria&#39;n.</span> <span class='ocrx_word' id='word_1_210' title='bbox 1525 2210 1562 2237; x_wconf 90' lang='lat' dir='ltr'>c.</span> <span class='ocrx_word' id='word_1_211' title='bbox 1604 2195 1684 2240; x_wconf 90' lang='lat' dir='ltr'>XI.</span> <span class='ocrx_word' id='word_1_212' title='bbox 1716 2211 1758 2252; x_wconf 90' lang='lat' dir='ltr'>p.</span> <span class='ocrx_word' id='word_1_213' title='bbox 1792 2196 1860 2238; x_wconf 89' lang='lat'>19.</span> 
     </span>
     <span class='ocr_line' id='line_1_25' title="bbox 74 2254 1863 2313; baseline -0.001 -15"><span class='ocrx_word' id='word_1_214' title='bbox 74 2257 153 2299; x_wconf 86' lang='lat' dir='ltr'>sed</span> <span class='ocrx_word' id='word_1_215' title='bbox 189 2255 367 2299; x_wconf 81' lang='lat' dir='ltr'>tabulae</span> <span class='ocrx_word' id='word_1_216' title='bbox 405 2256 600 2308; x_wconf 82' lang='lat' dir='ltr'>divinae,</span> <span class='ocrx_word' id='word_1_217' title='bbox 642 2255 792 2313; x_wconf 85' lang='lat' dir='ltr'>quales</span> <span class='ocrx_word' id='word_1_218' title='bbox 830 2256 905 2298; x_wconf 92' lang='lat' dir='ltr'>ille</span> <span class='ocrx_word' id='word_1_219' title='bbox 948 2255 1182 2307; x_wconf 84' lang='lat' dir='ltr'>describit,</span> <span class='ocrx_word' id='word_1_220' title='bbox 1223 2254 1269 2296; x_wconf 87' lang='lat' dir='ltr'>in</span> <span class='ocrx_word' id='word_1_221' title='bbox 1308 2254 1566 2296; x_wconf 88' lang='lat' dir='ltr'>somniorum</span> <span class='ocrx_word' id='word_1_222' title='bbox 1597 2255 1863 2309; x_wconf 86' lang='lat' dir='ltr'>conjectione</span> 
     </span>
     <span class='ocr_line' id='line_1_26' title="bbox 77 2312 1862 2370; baseline 0.001 -14"><span class='ocrx_word' id='word_1_223' title='bbox 77 2314 237 2357; x_wconf 86' lang='lat' dir='ltr'>nullum</span> <span class='ocrx_word' id='word_1_224' title='bbox 266 2328 389 2357; x_wconf 88' lang='lat' dir='ltr'>usum</span> <span class='ocrx_word' id='word_1_225' title='bbox 419 2315 592 2357; x_wconf 90' lang='lat' dir='ltr'>habent.</span> <span class='ocrx_word' id='word_1_226' title='bbox 622 2313 779 2357; x_wconf 83' lang='lat' dir='ltr'>Talem</span> <span class='ocrx_word' id='word_1_227' title='bbox 809 2313 1058 2370; x_wconf 85' lang='lat' dir='ltr'>significare</span> <span class='ocrx_word' id='word_1_228' title='bbox 1086 2313 1260 2357; x_wconf 84' lang='lat' dir='ltr'>videtur</span> <span class='ocrx_word' id='word_1_229' title='bbox 1290 2312 1531 2356; x_wconf 84' lang='lat' dir='ltr'>Menander</span> <span class='ocrx_word' id='word_1_230' title='bbox 1560 2312 1606 2355; x_wconf 88' lang='lat' dir='ltr'>in</span> <span class='ocrx_word' id='word_1_231' title='bbox 1634 2312 1862 2357; x_wconf 88' lang='lat' dir='ltr'>Heniocho</span> 
     </span>
    </p>
   </div>
   <div class='ocr_carea' id='block_1_4' title="bbox 77 2373 327 2429">
    <p class='ocr_par' dir='ltr' id='par_1_4' title="bbox 77 2373 327 2429">
     <span class='ocr_line' id='line_1_27' title="bbox 77 2373 327 2429; baseline 0 -14"><span class='ocrx_word' id='word_1_232' title='bbox 77 2373 151 2415; x_wconf 77' lang='lat' dir='ltr'>Fr.</span> <span class='ocrx_word' id='word_1_233' title='bbox 181 2388 225 2429; x_wconf 88' lang='lat' dir='ltr'>p.</span> <span class='ocrx_word' id='word_1_234' title='bbox 255 2373 327 2416; x_wconf 89' lang='grc'>71.</span> 
     </span>
    </p>
   </div>
   <div class='ocr_carea' id='block_1_5' title="bbox 328 2447 1314 2614">
    <p class='ocr_par' dir='ltr' id='par_1_5' title="bbox 328 2447 1314 2614">
     <span class='ocr_line' id='line_1_28' title="bbox 330 2447 1314 2512; baseline -0.002 -16"><span class='ocrx_word' id='word_1_235' title='bbox 330 2450 480 2501; x_wconf 76' lang='grc' dir='ltr'><em>οἰδείς</em></span> <span class='ocrx_word' id='word_1_236' title='bbox 505 2450 551 2511; x_wconf 84' lang='grc' dir='ltr'><em>μ’</em></span> <span class='ocrx_word' id='word_1_237' title='bbox 585 2450 766 2511; x_wconf 77' lang='grc' dir='ltr'><em>ἀρέσκει</em></span> <span class='ocrx_word' id='word_1_238' title='bbox 794 2453 1061 2512; x_wconf 80' lang='grc' dir='ltr'><em>περιπατῶν</em></span> <span class='ocrx_word' id='word_1_239' title='bbox 1090 2452 1174 2501; x_wconf 79' lang='grc' dir='ltr'>ἔξω</span> <span class='ocrx_word' id='word_1_240' title='bbox 1205 2447 1314 2500; x_wconf 87' lang='grc' dir='ltr'><em>θεός</em></span> 
     </span>
     <span class='ocr_line' id='line_1_29' title="bbox 328 2506 1310 2571; baseline -0.002 -17"><span class='ocrx_word' id='word_1_241' title='bbox 328 2508 445 2570; x_wconf 81' lang='grc' dir='ltr'><em>μετὰ</em></span> <span class='ocrx_word' id='word_1_242' title='bbox 473 2507 638 2570; x_wconf 81' lang='grc' dir='ltr'><em>γραός,</em></span> <span class='ocrx_word' id='word_1_243' title='bbox 670 2509 768 2554; x_wconf 72' lang='grc' dir='ltr'>οὐδ’</span> <span class='ocrx_word' id='word_1_244' title='bbox 801 2514 866 2561; x_wconf 82' lang='grc' dir='ltr'>εἰς</span> <span class='ocrx_word' id='word_1_245' title='bbox 895 2513 1039 2561; x_wconf 78' lang='grc' dir='ltr'><em>οἰκίας</em></span> <span class='ocrx_word' id='word_1_246' title='bbox 1067 2506 1310 2571; x_wconf 88' lang='grc' dir='ltr'><em>παρειςιών</em></span> 
     </span>
     <span class='ocr_line' id='line_1_30' title="bbox 329 2568 769 2614; baseline -0.005 0"><span class='ocrx_word' id='word_1_247' title='bbox 329 2571 407 2614; x_wconf 72' lang='grc' dir='ltr'>ἐπὶ</span> <span class='ocrx_word' id='word_1_248' title='bbox 435 2572 516 2613; x_wconf 84' lang='grc' dir='ltr'><em>τοῦ</em></span> <span class='ocrx_word' id='word_1_249' title='bbox 544 2568 769 2614; x_wconf 78' lang='grc' dir='ltr'><em>σανιδίου·</em></span> 
     </span>
    </p>
   </div>
   <div class='ocr_carea' id='block_1_6' title="bbox 10 2653 1861 3192">
    <p class='ocr_par' dir='ltr' id='par_1_6' title="bbox 10 2653 1861 3192">
     <span class='ocr_line' id='line_1_31' title="bbox 75 2653 1860 2714; baseline -0.002 -13"><span class='ocrx_word' id='word_1_250' title='bbox 75 2653 365 2714; x_wconf 61' lang='lat' dir='ltr'>quus&#39;forma</span> <span class='ocrx_word' id='word_1_251' title='bbox 392 2671 418 2699; x_wconf 93' lang='lat' dir='ltr'>e</span> <span class='ocrx_word' id='word_1_252' title='bbox 445 2656 577 2700; x_wconf 87' lang='lat' dir='ltr'>Paus.</span> <span class='ocrx_word' id='word_1_253' title='bbox 609 2656 708 2699; x_wconf 89' lang='lat' dir='ltr'>VH.</span> <span class='ocrx_word' id='word_1_254' title='bbox 743 2655 814 2699; x_wconf 92' lang='grc'><strong>25.</strong></span> <span class='ocrx_word' id='word_1_255' title='bbox 846 2655 1052 2712; x_wconf 83' lang='lat' dir='ltr'>cognosci</span> <span class='ocrx_word' id='word_1_256' title='bbox 1079 2660 1248 2714; x_wconf 83' lang='lat' dir='ltr'>potest,</span> <span class='ocrx_word' id='word_1_257' title='bbox 1289 2669 1393 2698; x_wconf 88' lang='lat' dir='ltr'>usus</span> <span class='ocrx_word' id='word_1_258' title='bbox 1433 2655 1525 2698; x_wconf 84' lang='lat' dir='ltr'>sine</span> <span class='ocrx_word' id='word_1_259' title='bbox 1554 2654 1686 2698; x_wconf 89' lang='lat' dir='ltr'>dubio</span> <span class='ocrx_word' id='word_1_260' title='bbox 1715 2655 1860 2698; x_wconf 88' lang='lat' dir='ltr'>multi-</span> 
     </span>
     <span class='ocr_line' id='line_1_32' title="bbox 106 2709 1860 2774; baseline -0.001 -15"><span class='ocrx_word' id='word_1_261' title='bbox 106 2715 179 2759; x_wconf 84' lang='lat' dir='ltr'>lex</span> <span class='ocrx_word' id='word_1_262' title='bbox 207 2715 292 2759; x_wconf 82' lang='lat' dir='ltr'>fuit</span> <span class='ocrx_word' id='word_1_263' title='bbox 318 2716 365 2759; x_wconf 91' lang='lat' dir='ltr'>in</span> <span class='ocrx_word' id='word_1_264' title='bbox 392 2716 535 2760; x_wconf 84' lang='lat' dir='ltr'>triviis</span> <span class='ocrx_word' id='word_1_265' title='bbox 565 2715 836 2772; x_wconf 82' lang='lat' dir='ltr'>circulisque,</span> <span class='ocrx_word' id='word_1_266' title='bbox 865 2716 943 2758; x_wconf 86' lang='lat' dir='ltr'>ubi</span> <span class='ocrx_word' id='word_1_267' title='bbox 973 2718 1018 2760; x_wconf 78' lang='grc' dir='ltr'>οἱ</span> <span class='ocrx_word' id='word_1_268' title='bbox 1047 2716 1098 2759; x_wconf 76' lang='grc' dir='ltr'>ἰν</span> <span class='ocrx_word' id='word_1_269' title='bbox 1120 2720 1214 2764; x_wconf 88' lang='grc' dir='ltr'><em>τοῖς</em></span> <span class='ocrx_word' id='word_1_270' title='bbox 1249 2710 1429 2764; x_wconf 81' lang='grc' dir='ltr'><em>κύκλοις</em></span> <span class='ocrx_word' id='word_1_271' title='bbox 1452 2713 1708 2774; x_wconf 78' lang='grc' dir='ltr'><em>ἀγείροντες</em></span> <span class='ocrx_word' id='word_1_272' title='bbox 1728 2709 1860 2758; x_wconf 74' lang='grc' dir='ltr'><em>δυοῖν</em></span> 
     </span>
     <span class='ocr_line' id='line_1_33' title="bbox 104 2770 1861 2835; baseline -0.002 -16"><span class='ocrx_word' id='word_1_273' title='bbox 104 2776 259 2830; x_wconf 70' lang='grc' dir='ltr'><em>βολοῖν</em></span> <span class='ocrx_word' id='word_1_274' title='bbox 292 2778 356 2832; x_wconf 75' lang='grc' dir='ltr'><em>τῷ·</em></span> <span class='ocrx_word' id='word_1_275' title='bbox 393 2770 689 2835; x_wconf 83' lang='grc' dir='ltr'><em>προςτυχόντι</em></span> <span class='ocrx_word' id='word_1_276' title='bbox 731 2774 1089 2826; x_wconf 82' lang='grc' dir='ltr'><em>ἀποθεσπίζουσι</em></span> <span class='ocrx_word' id='word_1_277' title='bbox 1130 2774 1254 2817; x_wconf 85' lang='lat' dir='ltr'><strong>Max.</strong></span> <span class='ocrx_word' id='word_1_278' title='bbox 1300 2774 1412 2829; x_wconf 81' lang='lat' dir='ltr'><strong>Tyr.</strong></span> <span class='ocrx_word' id='word_1_279' title='bbox 1454 2773 1572 2816; x_wconf 90' lang='lat' dir='ltr'><strong>XIX.</strong></span> <span class='ocrx_word' id='word_1_280' title='bbox 1603 2772 1703 2816; x_wconf 81' lang='grc'><strong>362.</strong></span> <span class='ocrx_word' id='word_1_281' title='bbox 1732 2773 1861 2816; x_wconf 83' lang='lat' dir='ltr'>Hanc</span> 
     </span>
     <span class='ocr_line' id='line_1_34' title="bbox 81 2831 1858 2890; baseline -0.002 -13"><span class='ocrx_word' id='word_1_282' title='bbox 81 2836 222 2877; x_wconf 61' lang='lat' dir='ltr'>autem</span> <span class='ocrx_word' id='word_1_283' title='bbox 249 2834 373 2889; x_wconf 81' lang='lat' dir='ltr'>quasi</span> <span class='ocrx_word' id='word_1_284' title='bbox 395 2834 558 2889; x_wconf 86' lang='lat' dir='ltr'>justam</span> <span class='ocrx_word' id='word_1_285' title='bbox 586 2834 825 2878; x_wconf 82' lang='lat' dir='ltr'>mercedem</span> <span class='ocrx_word' id='word_1_286' title='bbox 853 2833 1156 2890; x_wconf 87' lang='lat' dir='ltr'>sortilegorum</span> <span class='ocrx_word' id='word_1_287' title='bbox 1183 2832 1421 2876; x_wconf 81' lang='lat' dir='ltr'>trivialium</span> <span class='ocrx_word' id='word_1_288' title='bbox 1451 2838 1496 2875; x_wconf 89' lang='lat' dir='ltr'>et</span> <span class='ocrx_word' id='word_1_289' title='bbox 1531 2832 1657 2887; x_wconf 88' lang='lat' dir='ltr'>hujus</span> <span class='ocrx_word' id='word_1_290' title='bbox 1681 2831 1858 2888; x_wconf 88' lang='lat' dir='ltr'>plebeji,</span> 
     </span>
     <span class='ocr_line' id='line_1_35' title="bbox 81 2887 1859 2949; baseline 0.001 -16"><span class='ocrx_word' id='word_1_291' title='bbox 81 2894 131 2933; x_wconf 75' lang='lat' dir='ltr'>ut</span> <span class='ocrx_word' id='word_1_292' title='bbox 165 2890 385 2935; x_wconf 71' lang='lat' dir='ltr'>luvenalis</span> <span class='ocrx_word' id='word_1_293' title='bbox 424 2897 582 2945; x_wconf 83' lang='lat' dir='ltr'>vocat,</span> <span class='ocrx_word' id='word_1_294' title='bbox 626 2892 712 2935; x_wconf 80' lang='lat' dir='ltr'>fati</span> <span class='ocrx_word' id='word_1_295' title='bbox 748 2893 884 2936; x_wconf 86' lang='lat' dir='ltr'>fuisse</span> <span class='ocrx_word' id='word_1_296' title='bbox 929 2898 1113 2949; x_wconf 85' lang='lat' dir='ltr'>apparet</span> <span class='ocrx_word' id='word_1_297' title='bbox 1151 2906 1207 2934; x_wconf 81' lang='lat' dir='ltr'>ex</span> <span class='ocrx_word' id='word_1_298' title='bbox 1237 2892 1456 2948; x_wconf 87' lang='lat' dir='ltr'>Aristoph.</span> <span class='ocrx_word' id='word_1_299' title='bbox 1486 2891 1618 2947; x_wconf 85' lang='lat' dir='ltr'>Vesp.</span> <span class='ocrx_word' id='word_1_300' title='bbox 1649 2890 1719 2932; x_wconf 71' lang='lat'><strong>52.</strong></span> <span class='ocrx_word' id='word_1_301' title='bbox 1750 2887 1859 2939; x_wconf 74' lang='grc' dir='ltr'><em>δοὺς</em></span> 
     </span>
     <span class='ocr_line' id='line_1_36' title="bbox 83 2944 1856 3012; baseline 0 -21"><span class='ocrx_word' id='word_1_302' title='bbox 83 2944 157 2992; x_wconf 79' lang='grc' dir='ltr'>δύ’</span> <span class='ocrx_word' id='word_1_303' title='bbox 199 2947 384 3004; x_wconf 77' lang='grc' dir='ltr'><em>ὀβολοὺς</em></span> <span class='ocrx_word' id='word_1_304' title='bbox 429 2947 729 3010; x_wconf 77' lang='grc' dir='ltr'><em>μισθώσομαι</em></span> <span class='ocrx_word' id='word_1_305' title='bbox 765 2949 1131 3012; x_wconf 82' lang='grc' dir='ltr'><em>ὑποκρινόμενον</em></span> <span class='ocrx_word' id='word_1_306' title='bbox 1172 2949 1287 2995; x_wconf 74' lang='grc' dir='ltr'><em>οὕτω</em></span> <span class='ocrx_word' id='word_1_307' title='bbox 1319 2953 1481 3008; x_wconf 82' lang='grc' dir='ltr'><em>σαφῶς</em></span> <span class='ocrx_word' id='word_1_308' title='bbox 1509 2948 1734 3006; x_wconf 86' lang='grc' dir='ltr'><em>ὀνείρατα.</em></span> <span class='ocrx_word' id='word_1_309' title='bbox 1765 2948 1856 2991; x_wconf 91' lang='lat' dir='ltr'>Lu-</span> 
     </span>
     <span class='ocr_line' id='line_1_37' title="bbox 85 3006 1858 3065; baseline 0.001 -15"><span class='ocrx_word' id='word_1_310' title='bbox 85 3007 197 3050; x_wconf 80' lang='lat' dir='ltr'>cian.</span> <span class='ocrx_word' id='word_1_311' title='bbox 225 3006 356 3053; x_wconf 82' lang='lat' dir='ltr'>Deor.</span> <span class='ocrx_word' id='word_1_312' title='bbox 399 3008 533 3052; x_wconf 85' lang='lat' dir='ltr'><strong>Cone.</strong></span> <span class='ocrx_word' id='word_1_313' title='bbox 573 3013 615 3063; x_wconf 74' lang='lat'>§-</span> <span class='ocrx_word' id='word_1_314' title='bbox 660 3009 730 3051; x_wconf 82' lang='grc'><strong>12.</strong></span> <span class='ocrx_word' id='word_1_315' title='bbox 772 3010 871 3054; x_wconf 87' lang='lat'><strong>188.</strong></span> <span class='ocrx_word' id='word_1_316' title='bbox 916 3010 975 3054; x_wconf 91' lang='lat' dir='ltr'><strong>T.</strong></span> <span class='ocrx_word' id='word_1_317' title='bbox 1018 3010 1060 3056; x_wconf 90' lang='lat'><strong>9.</strong></span> <span class='ocrx_word' id='word_1_318' title='bbox 1101 3008 1357 3065; x_wconf 74' lang='grc' dir='ltr'><em>θεσπιῳδεῖ</em></span> <span class='ocrx_word' id='word_1_319' title='bbox 1383 3012 1481 3051; x_wconf 89' lang='grc' dir='ltr'><em>τοῖν</em></span> <span class='ocrx_word' id='word_1_320' title='bbox 1512 3007 1644 3051; x_wconf 73' lang='grc' dir='ltr'><em>δυοῖν</em></span> <span class='ocrx_word' id='word_1_321' title='bbox 1674 3006 1858 3062; x_wconf 82' lang='grc' dir='ltr'><em>ὀβολοῖν</em></span> 
     </span>
     <span class='ocr_line' id='line_1_38' title="bbox 82 3065 1856 3126; baseline -0.001 -16"><span class='ocrx_word' id='word_1_322' title='bbox 82 3066 230 3110; x_wconf 78' lang='grc' dir='ltr'><em>ἕνεκα.</em></span> <span class='ocrx_word' id='word_1_323' title='bbox 260 3067 316 3108; x_wconf 76' lang='lat' dir='ltr'><strong>cf.</strong></span> <span class='ocrx_word' id='word_1_324' title='bbox 343 3067 464 3110; x_wconf 81' lang='lat' dir='ltr'>Alex.</span> <span class='ocrx_word' id='word_1_325' title='bbox 494 3072 536 3122; x_wconf 68' lang='grc' dir='ltr'>ς.</span> <span class='ocrx_word' id='word_1_326' title='bbox 568 3068 638 3110; x_wconf 88' lang='grc'>19.</span> <span class='ocrx_word' id='word_1_327' title='bbox 669 3067 740 3110; x_wconf 86' lang='grc'><strong>82.</strong></span> <span class='ocrx_word' id='word_1_328' title='bbox 770 3068 830 3112; x_wconf 89' lang='grc' dir='ltr'>Τ.</span> <span class='ocrx_word' id='word_1_329' title='bbox 857 3069 901 3113; x_wconf 84' lang='grc'><strong>4.</strong></span> <span class='ocrx_word' id='word_1_330' title='bbox 945 3069 1088 3113; x_wconf 92' lang='lat' dir='ltr'>Obolo</span> <span class='ocrx_word' id='word_1_331' title='bbox 1117 3068 1357 3126; x_wconf 88' lang='lat' dir='ltr'>Apollinem</span> <span class='ocrx_word' id='word_1_332' title='bbox 1386 3066 1618 3110; x_wconf 86' lang='lat' dir='ltr'>absolvunt</span> <span class='ocrx_word' id='word_1_333' title='bbox 1645 3065 1856 3111; x_wconf 84' lang='lat' dir='ltr'>Libanius</span> 
     </span>
     <span class='ocr_line' id='line_1_39' title="bbox 10 3122 1456 3192; baseline 0.001 -26"><span class='ocrx_word' id='word_1_334' title='bbox 10 3158 13 3192; x_wconf 69' lang='lat'>5</span> <span class='ocrx_word' id='word_1_335' title='bbox 86 3123 208 3167; x_wconf 89' lang='lat' dir='ltr'>Decl.</span> <span class='ocrx_word' id='word_1_336' title='bbox 238 3122 296 3167; x_wconf 90' lang='grc' dir='ltr'>Τ.</span> <span class='ocrx_word' id='word_1_337' title='bbox 326 3124 401 3168; x_wconf 88' lang='lat' dir='ltr'>lv.</span> <span class='ocrx_word' id='word_1_338' title='bbox 429 3125 532 3169; x_wconf 87' lang='lat'><strong>668.</strong></span> <span class='ocrx_word' id='word_1_339' title='bbox 562 3132 608 3168; x_wconf 87' lang='lat' dir='ltr'>et</span> <span class='ocrx_word' id='word_1_340' title='bbox 638 3125 880 3183; x_wconf 79' lang='lat' dir='ltr'>Gregorius</span> <span class='ocrx_word' id='word_1_341' title='bbox 904 3127 1018 3171; x_wconf 86' lang='lat' dir='ltr'><strong>Naz.</strong></span> <span class='ocrx_word' id='word_1_342' title='bbox 1050 3129 1131 3171; x_wconf 86' lang='lat' dir='ltr'><strong>Or.</strong></span> <span class='ocrx_word' id='word_1_343' title='bbox 1161 3127 1243 3170; x_wconf 93' lang='lat' dir='ltr'><strong>III.</strong></span> <span class='ocrx_word' id='word_1_344' title='bbox 1276 3126 1373 3169; x_wconf 93' lang='grc'><strong>108.</strong></span> <span class='ocrx_word' id='word_1_345' title='bbox 1403 3125 1456 3168; x_wconf 90' lang='grc' dir='ltr'><strong>Α.</strong></span> 
     </span>
    </p>
   </div>
   <div class='ocr_carea' id='block_1_7' title="bbox 201 3207 1857 3283">
    <p class='ocr_par' dir='ltr' id='par_1_7' title="bbox 201 3207 1857 3283">
     <span class='ocr_line' id='line_1_40' title="bbox 201 3207 1857 3283; baseline 0.006 -38"><span class='ocrx_word' id='word_1_346' title='bbox 201 3207 268 3266; x_wconf 83' lang='lat' dir='ltr'>[l]</span> <span class='ocrx_word' id='word_1_347' title='bbox 298 3210 478 3255; x_wconf 83' lang='lat' dir='ltr'>Photius</span> <span class='ocrx_word' id='word_1_348' title='bbox 514 3217 748 3272; x_wconf 83' lang='grc' dir='ltr'><em>Κυαμίτης</em></span> <span class='ocrx_word' id='word_1_349' title='bbox 784 3211 924 3274; x_wconf 81' lang='grc' dir='ltr'><em>ἥρως,</em></span> <span class='ocrx_word' id='word_1_350' title='bbox 970 3219 1077 3264; x_wconf 81' lang='grc' dir='ltr'><em>ἴσως</em></span> <span class='ocrx_word' id='word_1_351' title='bbox 1117 3210 1232 3257; x_wconf 80' lang='grc' dir='ltr'><em>διότι</em></span> <span class='ocrx_word' id='word_1_352' title='bbox 1279 3211 1384 3272; x_wconf 86' lang='grc' dir='ltr'><em>παρ’</em></span> <span class='ocrx_word' id='word_1_353' title='bbox 1429 3210 1549 3267; x_wconf 83' lang='grc' dir='ltr'><em>αὐτῷ</em></span> <span class='ocrx_word' id='word_1_354' title='bbox 1587 3212 1857 3283; x_wconf 44' lang='grc' dir='ltr'><em>ἐκληροῦντο</em></span> 
     </span>
    </p>
   </div>
   <div class='ocr_carea' id='block_1_8' title="bbox 0 3266 1853 3333">
    <p class='ocr_par' dir='ltr' id='par_1_8' title="bbox 0 3266 1853 3333">
     <span class='ocr_line' id='line_1_41' title="bbox 0 3266 1853 3333; baseline 0 -20"><span class='ocrx_word' id='word_1_355' title='bbox 0 3290 2 3324; x_wconf 60' lang='lat'>3</span> <span class='ocrx_word' id='word_1_356' title='bbox 83 3270 129 3313; x_wconf 77' lang='grc' dir='ltr'>οἱ</span> <span class='ocrx_word' id='word_1_357' title='bbox 171 3272 418 3327; x_wconf 77' lang='grc' dir='ltr'><em>κυαμευτοὶ</em></span> <span class='ocrx_word' id='word_1_358' title='bbox 446 3266 660 3328; x_wconf 70' lang='grc' dir='ltr'><em>ἄρχοντες</em></span> <span class='ocrx_word' id='word_1_359' title='bbox 689 3269 717 3325; x_wconf 83' lang='grc' dir='ltr'>ἢ</span> <span class='ocrx_word' id='word_1_360' title='bbox 747 3269 815 3316; x_wconf 85' lang='grc' dir='ltr'>ὅτι</span> <span class='ocrx_word' id='word_1_361' title='bbox 844 3270 868 3316; x_wconf 80' lang='grc' dir='ltr'>ὁ</span> <span class='ocrx_word' id='word_1_362' title='bbox 899 3269 1072 3333; x_wconf 83' lang='grc' dir='ltr'><em>κύαμος</em></span> <span class='ocrx_word' id='word_1_363' title='bbox 1099 3268 1402 3330; x_wconf 74' lang='grc' dir='ltr'><em>ἐπιπράσκετο</em></span> <span class='ocrx_word' id='word_1_364' title='bbox 1434 3271 1539 3330; x_wconf 77' lang='grc' dir='ltr'><em>παρ’</em></span> <span class='ocrx_word' id='word_1_365' title='bbox 1573 3270 1708 3327; x_wconf 83' lang='grc' dir='ltr'><em>αὐτῳ·</em></span> <span class='ocrx_word' id='word_1_366' title='bbox 1749 3285 1853 3327; x_wconf 86' lang='lat' dir='ltr'>quo-</span> 
     </span>
    </p>
   </div>
   <div class='ocr_carea' id='block_1_9' title="bbox 83 3327 1854 3448">
    <p class='ocr_par' dir='ltr' id='par_1_9' title="bbox 83 3327 1854 3448">
     <span class='ocr_line' id='line_1_42' title="bbox 85 3327 1854 3388; baseline 0.001 -19"><span class='ocrx_word' id='word_1_367' title='bbox 85 3340 176 3370; x_wconf 86' lang='lat' dir='ltr'>rum</span> <span class='ocrx_word' id='word_1_368' title='bbox 205 3327 419 3384; x_wconf 77' lang='lat' dir='ltr'>posterius</span> <span class='ocrx_word' id='word_1_369' title='bbox 444 3330 588 3373; x_wconf 76' lang='lat' dir='ltr'>verius</span> <span class='ocrx_word' id='word_1_370' title='bbox 615 3330 790 3374; x_wconf 79' lang='lat' dir='ltr'>videtur</span> <span class='ocrx_word' id='word_1_371' title='bbox 817 3333 1035 3388; x_wconf 79' lang='lat' dir='ltr'>reputanti</span> <span class='ocrx_word' id='word_1_372' title='bbox 1064 3334 1204 3375; x_wconf 82' lang='lat' dir='ltr'>forum</span> <span class='ocrx_word' id='word_1_373' title='bbox 1233 3330 1446 3373; x_wconf 85' lang='lat' dir='ltr'>fabarium</span> <span class='ocrx_word' id='word_1_374' title='bbox 1476 3331 1574 3374; x_wconf 82' lang='lat' dir='ltr'>viae</span> <span class='ocrx_word' id='word_1_375' title='bbox 1605 3343 1756 3373; x_wconf 85' lang='lat' dir='ltr'>sacrae</span> <span class='ocrx_word' id='word_1_376' title='bbox 1788 3331 1854 3373; x_wconf 82' lang='lat' dir='ltr'>vi-</span> 
     </span>
     <span class='ocr_line' id='line_1_43' title="bbox 83 3385 1429 3448; baseline 0.002 -20"><span class='ocrx_word' id='word_1_377' title='bbox 83 3385 220 3429; x_wconf 77' lang='lat' dir='ltr'>einum</span> <span class='ocrx_word' id='word_1_378' title='bbox 251 3386 397 3429; x_wconf 79' lang='lat' dir='ltr'>fuisse.</span> <span class='ocrx_word' id='word_1_379' title='bbox 427 3402 468 3429; x_wconf 81' lang='lat' dir='ltr'>v.</span> <span class='ocrx_word' id='word_1_380' title='bbox 499 3387 720 3432; x_wconf 78' lang='lat' dir='ltr'>Plutarch.</span> <span class='ocrx_word' id='word_1_381' title='bbox 750 3389 840 3432; x_wconf 81' lang='lat' dir='ltr'><strong>vit.</strong></span> <span class='ocrx_word' id='word_1_382' title='bbox 871 3390 1003 3433; x_wconf 86' lang='lat' dir='ltr'>Isocr.</span> <span class='ocrx_word' id='word_1_383' title='bbox 1035 3407 1076 3448; x_wconf 90' lang='lat' dir='ltr'>p.</span> <span class='ocrx_word' id='word_1_384' title='bbox 1108 3389 1207 3433; x_wconf 79' lang='grc'><strong>237.</strong></span> <span class='ocrx_word' id='word_1_385' title='bbox 1241 3390 1297 3431; x_wconf 92' lang='grc' dir='ltr'>Τ.</span> <span class='ocrx_word' id='word_1_386' title='bbox 1327 3389 1429 3431; x_wconf 87' lang='lat' dir='ltr'><strong>XII.</strong></span> 
     </span>
    </p>
   </div>
  </div>
 </body>
</html>
