2158 3848
226 213 345 274 190
810 226 1047 271 LIBER
1089 227 1399 272 PRIMUS.

222 357 472 423 σειὸίων
500 354 572 438 [¹¹]
596 380 610 394 ·
677 357 840 417 unde
908 360 1266 438 intelligitur
1334 361 1613 422 homines
1680 359 1999 437 religiosos

218 456 602 539 quorundam
647 456 920 518 ciborum
955 459 1327 519 abstinentia
1360 468 1423 518 et
1457 460 1832 521 castimoniis
1868 479 2001 519 sese

220 559 302 618 ad
370 574 538 618 sacra
607 558 997 636 suscipienda
1062 577 1494 637 praeparasse,
1562 559 2000 618 consuetudine

218 657 479 720 barbara
524 665 586 714 et
630 675 666 714 a
715 665 991 717 veterum
1039 657 1410 716 Graecorum
1455 659 1730 719 moribus
1782 659 2000 731 aliena,

216 778 396 839 quam
455 766 659 815 utrum
714 754 1182 835 Hierophantae
1241 758 1588 818 invexerint
1644 777 1724 820 an
1767 769 2000 835 mysta—

215 859 354 936 gogi
410 857 727 915 scientiam
785 873 958 915 suam
1021 854 1441 929 venditantes,
1500 857 1833 941 disceptari
1876 877 1998 918 non

215 966 436 1036 potest.
534 957 607 1015 In
662 956 774 1014 hos
829 957 1222 1035 potissimum
1259 958 1692 1035 'suspicionem
1746 960 2000 1019 inclinat

214 1057 507 1117 Libanius
569 1055 670 1115 Or.
716 1053 986 1116 Corinth.
1031 1075 1092 1136 p.
1137 1053 1278 1115 356.
1325 1055 1393 1115 T.
1439 1057 1539 1116 IV.
1599 1059 1726 1121 ἐπεὶ
1766 1057 1836 1121 δὲ
1879 1084 2000 1141 μυ-

218 1157 488 1240 στηρίων
547 1155 1009 1238 ἐμνημόνευσα,
1063 1155 1378 1239 βούλομαί
1429 1183 1489 1221 τι
1532 1167 1663 1223 τῶν
1707 1163 1999 1223 ἐντεῦθεν

216 1264 434 1322 εἰπεῖν·
495 1260 621 1320 ἔστι
675 1258 741 1321 δ’
801 1259 876 1321 οὗ
931 1264 1060 1320 τῶν
1116 1255 1395 1338 οἷρῤήτων
1451 1259 1484 1320 ὃ
1528 1260 1727 1339 μέλλω
1771 1261 1995 1343 λέγειν·

217 1354 390 1421 οὗτοι
431 1358 555 1441 γὰρ
599 1356 678 1420 τοί
720 1359 772 1419 τ’
821 1359 978 1419 ἄλλα
1020 1361 1330 1440 καθαροῖς
1374 1359 1531 1422 εἶναι
1573 1365 1701 1430 τοῖς
1733 1357 1998 1441 μύσταις

215 1462 283 1522 ἐν
349 1466 540 1539 κοινῷ
604 1456 1137 1544 προαγορεύουσιν
1207 1458 1367 1534 (οἷον
1418 1459 1531 1530 τὰς
1579 1465 1823 1543 χεῖρας,
1881 1447 1998 1538 τὴν

215 1557 453 1641 ψυχὴν)
506 1558 621 1636 τὴν
676 1558 895 1640 φωνὴν
935 1559 1227 1638 Ἕλληνας
1264 1559 1449 1621 εἶναι·
1493 1559 1600 1620 καὶ
1638 1559 1769 1641 ἰδίᾳ
1811 1557 1998 1621 πάλιν

215 1659 297 1722 τὸ
343 1664 588 1720 εἰτοῦ
633 1658 941 1721 καὶτοῦ
984 1659 1133 1738 ἢμεῖ
1173 1659 1403 1721 τοῦδε
1448 1654 1862 1744 gratiosum,
1909 1658 1997 1720 ού

215 1758 576 1840 καθαρὸς
645 1756 901 1841 πάρει·
960 1760 1066 1821 καὶ
1122 1758 1311 1838 πολλὴ
1366 1757 1592 1823 τούτου
1645 1759 1815 1843 παρὰ
1871 1763 1998 1828 τοῖς

184 1850 650 1943 >,ιιυσταγωγοῖς
703 1858 1020 1939 ἐπιμέλεια.
1118 1859 1202 1918 Et
1257 1857 1334 1916 de
1385 1859 1502 1919 hoc
1555 1879 1774 1938 genere
1817 1877 1998 1940 prae÷

335 2027 400 2085 [k]
432 2028 518 2070 Pro
547 2031 816 2087 μεμίανται,
850 2028 964 2084 quod
994 2028 1247 2073 insolentius
1276 2035 1357 2084 est,
1386 2032 1507 2088 prius
1536 2026 1821 2088 μεμύσακται
1850 2029 1996 2085 legen-

214 2088 315 2130 dum
342 2088 547 2143 putabam
576 2087 752 2143 passiva
780 2088 1120 2142 significatione,
1152 2093 1202 2132 ut
1230 2088 1526 2144 δεδηλῆσθαι,
1568 2085 1875 2157 λελυμάνθαι,
1917 2093 1995 2142 βε-

215 2147 510 2202 βουλεῦσθαι·
550 2145 627 2187 sed
665 2145 874 2188 calculum
913 2150 963 2188 ut
999 2147 1200 2190 reducam
1228 2148 1337 2190 facit
1364 2148 1603 2205 Horapollo
1633 2147 1830 2202 Hlerogl.
1859 2147 1895 2191 I.
1926 2144 1996 2188 44.

216 2221 259 2262 p.
289 2203 357 2247 58.
381 2202 606 2262 ἀθέμιτον
636 2203 873 2256 δηλοῦντες
900 2202 1038 2261 ἰχθὺν
1069 2207 1358 2266 ζωγραφοῦσι
1389 2206 1464 2250 διὰ
1493 2204 1543 2250 τὸ
1575 2204 1656 2260 τὴν
1683 2202 1853 2249 τούτων
1872 2207 1995 2264 βρῶ-

216 2276 292 2308 σιν
316 2267 556 2321 μισεῖσθαι
585 2264 663 2306 καὶ
689 2260 947 2321 μεμιάσθαι
975 2263 1027 2307 ἐν
1055 2268 1149 2313 τοῖς
1176 2267 1329 2322 ἱεροῖς·
1360 2266 1437 2308 ubi
1463 2267 1710 2324 μεμίανται
1739 2263 1851 2306 idem
1879 2262 1998 2306 valet

217 2322 332 2379 quod
369 2319 540 2381 μιαρὸν
582 2321 722 2366 δοκεῖ.
787 2325 1183 2380 Καταμιαίνεσθαι
1222 2323 1421 2366 dicunntur
1450 2325 1525 2380 qui
1554 2323 1598 2364 in
1626 2322 1748 2365 luctu
1777 2326 1876 2364 sunt
1896 2322 1996 2364 He·-

216 2380 336 2422 rodo.
382 2380 458 2421 VI.
489 2379 560 2422 58.
602 2386 647 2422 et
686 2377 852 2438 ἡμέραι
879 2383 1047 2441 μιαραί
1081 2381 1173 2424 dies
1202 2382 1376 2425 funesti.
1433 2383 1597 2433 Hasius
1625 2381 1681 2424 ad
1711 2382 1921 2424 Saintecr.
1951 2395 1993 2436 p.

214 2439 316 2482 282.
346 2439 545 2481 emendat
571 2442 818 2496 μεμίανται
847 2442 910 2495 τῷ
950 2442 1108 2495 λέχους
1147 2437 1360 2496 ἅψασθαι
1399 2440 1769 2484 contaminari
1806 2454 1863 2482 se
1901 2453 1994 2496 pu-

217 2501 340 2541 tant
389 2497 709 2539 commercio
762 2498 1105 2550 feminarum,
1160 2513 1311 2541 nomen
1361 2497 1477 2556 λεχώ
1518 2500 1564 2543 in
1603 2512 1732 2555 prosa
1772 2511 1992 2557 perrarum

217 2570 312 2599 esse
354 2555 526 2606 dicens3
568 2560 635 2597 est
673 2560 792 2597 certe
831 2555 964 2597 multo
1004 2555 1272 2611 frequentius
1312 2571 1437 2612 quam
1468 2557 1647 2615 pluralis
1675 2561 1921 2617 μεμίανται
1949 2561 1994 2599 et

217 2615 350 2658 dictio
379 2614 457 2657 illa
486 2612 699 2670 ἅψασθαι
727 2614 898 2669 λέχους.
958 2613 1044 2656 Pro
1076 2614 1254 2670 antiqua
1282 2615 1465 2657 lectione
1495 2617 1730 2671 στελέχους
1755 2621 1875 2658 recte
1900 2616 1994 2656 Ga-

217 2675 311 2717 leus
353 2673 409 2715 ad
451 2672 608 2716 Jambl.
640 2687 681 2728 p.
711 2672 813 2714 229.
842 2686 889 2714 τε
919 2672 1101 2728 λεχοῦς;
1132 2672 1443 2716 intolerabilem
1475 2673 1746 2716 Boissonadii
1775 2674 1992 2728 conjectu—

218 2747 312 2775 ram
341 2733 568 2776 σπελέθου
597 2731 747 2774 laudat
774 2730 993 2772 Barkerus
1022 2730 1066 2772 in
1096 2730 1219 2774 Diar.
1252 2732 1391 2775 elass.
1423 2732 1479 2775 T.
1509 2731 1672 2775 XXVI.
1703 2746 1745 2787 p.
1776 2732 1846 2774 71.
1876 2736 1921 2774 et
1948 2732 1993 2775 in

219 2790 373 2848 Steph.
418 2791 553 2833 Thes.
595 2804 638 2846 p.
680 2789 780 2832 519.
825 2789 1095 2846 Chrysippus
1137 2805 1207 2848 ap.
1237 2791 1352 2833 Plut.
1383 2791 1543 2834 Stoice.
1573 2791 1770 2847 Repugn.
1799 2789 1900 2833 370.
1933 2790 1992 2832 T.

219 2850 344 2893 XIII.
384 2847 434 2894 τὸ
477 2853 647 2907 φαγεῖν
685 2864 728 2891 τι
765 2850 856 2891 τῶν
897 2846 1214 2906 ἀπειρημένων
1249 2852 1325 2893 καὶ
1364 2851 1609 2908 προελθεῖν
1648 2846 1738 2891 ἀπὸ
1778 2849 1936 2905 λεχοῦς
1963 2845 1992 2902 ἢ

216 2905 418 2953 θανάτου
447 2906 562 2966 πρὸς
589 2905 714 2966 ἱερὸν
742 2903 916 2965 ἀλόγως
945 2906 1240 2962 διαβέβληται.
1273 2909 1550 2965 Pythagoras
1578 2921 1682 2950 vero
1713 2907 1841 2963 Diog.
1867 2907 1990 2950 Vm.

217 2966 289 3010 33.
331 2973 375 3010 et
411 2968 530 3023 leges
569 2967 826 3009 Judaeorum
865 2966 1156 3034 sacerdotales
1197 2964 1385 3024 ἁγνείαν
1415 2966 1505 3011 ἀπὸ
1539 2963 1702 3021 κήδους
1729 2967 1806 3010 καὶ
1834 2967 1992 3023 λεχοῦς

221 3025 995 3140 prae-351bpgfggpggplsscssioffglossb
1008 3024 1166 3127 {1:133-
1179 3026 1332 3128 κῖῗδτὸ
1362 3082 1427 3142 μὴ
1458 3086 1582 3128 σίτου
1610 3082 1661 3127 δὲ
1684 3079 1869 3141 ἐγεύσω,
1902 3067 1989 3124 Ga-

219 3143 436 3186 sanbonus
458 3142 671 3185 Exercitt.
692 3157 734 3199 p.
757 3141 856 3185 399.
886 3156 969 3184 non
989 3142 1254 3185 emendatam
1277 3143 1458 3199 reponit,
1483 3143 1512 3185 J
1514 3142 1710 3184 acobsius
1727 3142 1773 3184 in
1793 3141 1988 3198 Append.

219 3201 278 3243 ad
314 3202 494 3244 Porson.
536 3202 715 3243 Advers.
746 3216 787 3258 p.
829 3200 930 3255 229.
970 3200 1115 3257 aliqua
1155 3203 1207 3243 ex
1236 3209 1360 3258 parte
1391 3201 1580 3243 correxit
1607 3199 1656 3244 τὸ
1686 3204 1811 3244 σίτου
1843 3203 1884 3243 εἰ
1911 3201 1988 3243 τοῦ

221 3260 308 3317 μὲν
345 3257 374 3312 ἢ
413 3259 545 3304 τοῦδε
584 3256 769 3317 ἑγεύσω.
831 3260 920 3301 Sed
961 3262 1106 3315 σίτου,
1146 3261 1237 3303 sive
1276 3263 1530 3303 frumentum
1570 3259 1787 3315 significat
1823 3259 1914 3300 sive
1943 3257 1986 3298 in

225 3319 465 3361 universum
504 3314 680 3375 τροφήν
719 3324 767 3360 ut
808 3318 981 3360 Lucian.
1024 3318 1172 3361 Paras.
1205 3322 1245 3372 ἓ.
1276 3319 1344 3360 60.
1375 3334 1416 3376 p.
1451 3318 1547 3361 152.
1577 3319 1676 3360 VII.
1706 3319 1762 3361 cf.
1791 3315 1983 3359 Boisson.

223 3378 277 3420 ad
307 3377 510 3420 Philostr.
541 3377 737 3419 Hei-uice.
771 3392 809 3433 p.
842 3376 937 3419 518.
971 3377 1024 3419 ab
1056 3377 1135 3419 hoc
1167 3378 1258 3420 loco
1291 3378 1473 3421 alienum
1504 3383 1569 3419 est
1600 3392 1678 3419 nec
1698 3374 1894 3418 convenit
1919 3388 1981 3416 se·
2039 3411 2043 3415 .
