<?xml version="1.0" encoding="UTF-8"?>
<!DOCTYPE html PUBLIC "-//W3C//DTD XHTML 1.0 Transitional//EN"
    "http://www.w3.org/TR/xhtml1/DTD/xhtml1-transitional.dtd">
<html xmlns="http://www.w3.org/1999/xhtml" xml:lang="en" lang="en">
 <head>
  <title>
</title>
<meta http-equiv="Content-Type" content="text/html;charset=utf-8" />
  <meta name='ocr-system' content='tesseract 3.04.00' />
  <meta name='ocr-capabilities' content='ocr_page ocr_carea ocr_par ocr_line ocrx_word'/>
</head>
<body>
  <div class='ocr_page' id='page_1' title='image "./aglaophamussived01lobeuoft_0629.png"; bbox 0 0 2158 3848; ppageno 0'>
   <div class='ocr_carea' id='block_1_1' title="bbox 0 612 21 3848">
    <p class='ocr_par' dir='ltr' id='par_1_1' title="bbox 0 612 21 3848">
     <span class='ocr_line' id='line_1_1' title="bbox 0 612 21 3848; baseline 0 0"><span class='ocrx_word' id='word_1_1' title='bbox 0 612 21 3848; x_wconf 95' lang='lat' dir='ltr'><strong> </strong></span> 
     </span>
    </p>
   </div>
   <div class='ocr_carea' id='block_1_2' title="bbox 859 210 1981 269">
    <p class='ocr_par' dir='ltr' id='par_1_2' title="bbox 859 210 1981 269">
     <span class='ocr_line' id='line_1_2' title="bbox 859 210 1981 269; baseline -0.005 -5"><span class='ocrx_word' id='word_1_2' title='bbox 859 221 1311 265; x_wconf 73' lang='lat' dir='ltr'><strong>ourrucA.</strong></span> <span class='ocrx_word' id='word_1_3' title='bbox 1857 210 1981 269; x_wconf 80' lang='lat'><strong>613</strong></span> 
     </span>
    </p>
   </div>
   <div class='ocr_carea' id='block_1_3' title="bbox 178 348 1983 2437">
    <p class='ocr_par' dir='ltr' id='par_1_3' title="bbox 178 348 1983 2437">
     <span class='ocr_line' id='line_1_3' title="bbox 201 348 1983 429; baseline 0.001 -16"><span class='ocrx_word' id='word_1_4' title='bbox 201 365 324 413; x_wconf 87' lang='lat' dir='ltr'><strong>tem</strong></span> <span class='ocrx_word' id='word_1_5' title='bbox 371 348 805 412; x_wconf 87' lang='lat' dir='ltr'><strong>declarandum</strong></span> <span class='ocrx_word' id='word_1_6' title='bbox 848 357 1036 428; x_wconf 85' lang='lat' dir='ltr'><strong>poeta</strong></span> <span class='ocrx_word' id='word_1_7' title='bbox 1079 348 1324 427; x_wconf 88' lang='lat' dir='ltr'><strong>pinguis</strong></span> <span class='ocrx_word' id='word_1_8' title='bbox 1369 350 1804 429; x_wconf 83' lang='lat' dir='ltr'>absorptionis,</span> <span class='ocrx_word' id='word_1_9' title='bbox 1848 356 1983 416; x_wconf 83' lang='lat' dir='ltr'><strong>sive</strong></span> 
     </span>
     <span class='ocr_line' id='line_1_4' title="bbox 197 446 1983 532; baseline 0.002 -21"><span class='ocrx_word' id='word_1_10' title='bbox 197 471 318 532; x_wconf 90' lang='lat' dir='ltr'><strong>quo</strong></span> <span class='ocrx_word' id='word_1_11' title='bbox 374 451 498 510; x_wconf 87' lang='lat' dir='ltr'><strong>alio</strong></span> <span class='ocrx_word' id='word_1_12' title='bbox 554 451 804 520; x_wconf 85' lang='lat' dir='ltr'><strong>nomine</strong></span> <span class='ocrx_word' id='word_1_13' title='bbox 847 446 1049 507; x_wconf 82' lang='lat' dir='ltr'><strong>dicere</strong></span> <span class='ocrx_word' id='word_1_14' title='bbox 1092 447 1277 522; x_wconf 88' lang='lat' dir='ltr'><strong>libet,</strong></span> <span class='ocrx_word' id='word_1_15' title='bbox 1344 449 1610 527; x_wconf 84' lang='lat' dir='ltr'>imagine</span> <span class='ocrx_word' id='word_1_16' title='bbox 1667 469 1812 512; x_wconf 90' lang='lat' dir='ltr'><strong>usus</strong></span> <span class='ocrx_word' id='word_1_17' title='bbox 1871 465 1983 528; x_wconf 89' lang='lat' dir='ltr'><strong>est,</strong></span> 
     </span>
     <span class='ocr_line' id='line_1_5' title="bbox 194 547 1981 632; baseline 0.001 -24"><span class='ocrx_word' id='word_1_18' title='bbox 194 552 261 609; x_wconf 84' lang='lat' dir='ltr'><strong>in</strong></span> <span class='ocrx_word' id='word_1_19' title='bbox 288 568 471 630; x_wconf 87' lang='lat' dir='ltr'><strong>quam</strong></span> <span class='ocrx_word' id='word_1_20' title='bbox 504 547 858 609; x_wconf 88' lang='lat' dir='ltr'><strong>Hesiodeae</strong></span> <span class='ocrx_word' id='word_1_21' title='bbox 890 548 1163 622; x_wconf 85' lang='lat' dir='ltr'><strong>fabulae,</strong></span> <span class='ocrx_word' id='word_1_22' title='bbox 1206 560 1493 629; x_wconf 87' lang='lat' dir='ltr'><strong>quaeest</strong></span> <span class='ocrx_word' id='word_1_23' title='bbox 1526 549 1605 609; x_wconf 90' lang='lat' dir='ltr'><strong>de</strong></span> <span class='ocrx_word' id='word_1_24' title='bbox 1638 549 1872 610; x_wconf 90' lang='lat' dir='ltr'><strong>Metide</strong></span> <span class='ocrx_word' id='word_1_25' title='bbox 1887 550 1981 632; x_wconf 92' lang='lat'><strong>[¹],</strong></span> 
     </span>
     <span class='ocr_line' id='line_1_6' title="bbox 191 647 1982 710; baseline 0 0"><span class='ocrx_word' id='word_1_26' title='bbox 191 647 596 710; x_wconf 79' lang='lat' dir='ltr'><strong>similitudine</strong></span> <span class='ocrx_word' id='word_1_27' title='bbox 638 648 936 709; x_wconf 90' lang='lat' dir='ltr'><strong>deductus</strong></span> <span class='ocrx_word' id='word_1_28' title='bbox 979 647 1246 710; x_wconf 88' lang='lat' dir='ltr'><strong>videtur.</strong></span> <span class='ocrx_word' id='word_1_29' title='bbox 1318 648 1470 709; x_wconf 74' lang='lat' dir='ltr'><strong>,Hic</strong></span> <span class='ocrx_word' id='word_1_30' title='bbox 1528 659 1736 710; x_wconf 90' lang='lat' dir='ltr'><strong>autem</strong></span> <span class='ocrx_word' id='word_1_31' title='bbox 1791 661 1982 710; x_wconf 88' lang='lat' dir='ltr'><strong>mate-</strong></span> 
     </span>
     <span class='ocr_line' id='line_1_7' title="bbox 191 747 1982 831; baseline 0.001 -21"><span class='ocrx_word' id='word_1_32' title='bbox 191 751 396 823; x_wconf 87' lang='lat' dir='ltr'><strong>rialis,</strong></span> <span class='ocrx_word' id='word_1_33' title='bbox 466 759 536 809; x_wconf 91' lang='lat' dir='ltr'><strong>ut</strong></span> <span class='ocrx_word' id='word_1_34' title='bbox 605 768 789 830; x_wconf 90' lang='lat' dir='ltr'><strong>quam</strong></span> <span class='ocrx_word' id='word_1_35' title='bbox 846 749 1211 811; x_wconf 90' lang='lat' dir='ltr'><strong>brevissime</strong></span> <span class='ocrx_word' id='word_1_36' title='bbox 1267 747 1502 825; x_wconf 90' lang='lat' dir='ltr'><strong>dicam,</strong></span> <span class='ocrx_word' id='word_1_37' title='bbox 1558 750 1982 831; x_wconf 83' lang='lat' dir='ltr'><strong>pantheismus</strong></span> 
     </span>
     <span class='ocr_line' id='line_1_8' title="bbox 189 849 1980 931; baseline 0.001 -22"><span class='ocrx_word' id='word_1_38' title='bbox 189 860 316 909; x_wconf 87' lang='lat' dir='ltr'><strong>tam</strong></span> <span class='ocrx_word' id='word_1_39' title='bbox 367 849 451 909; x_wconf 60' lang='lat' dir='ltr'><strong>‘ab</strong></span> <span class='ocrx_word' id='word_1_40' title='bbox 505 850 927 910; x_wconf 91' lang='lat' dir='ltr'><strong>Eleaticorum</strong></span> <span class='ocrx_word' id='word_1_41' title='bbox 981 849 1355 924; x_wconf 82' lang='lat' dir='ltr'><strong>subtilitate,</strong></span> <span class='ocrx_word' id='word_1_42' title='bbox 1411 870 1594 931; x_wconf 86' lang='lat' dir='ltr'><strong>quam</strong></span> <span class='ocrx_word' id='word_1_43' title='bbox 1652 870 1691 912; x_wconf 86' lang='lat' dir='ltr'><strong>a</strong></span> <span class='ocrx_word' id='word_1_44' title='bbox 1750 851 1980 929; x_wconf 87' lang='lat' dir='ltr'><strong>Pytha-</strong></span> 
     </span>
     <span class='ocr_line' id='line_1_9' title="bbox 188 951 1983 1031; baseline 0.002 -23"><span class='ocrx_word' id='word_1_45' title='bbox 188 969 372 1028; x_wconf 84' lang='lat' dir='ltr'><strong>gorae</strong></span> <span class='ocrx_word' id='word_1_46' title='bbox 437 952 679 1010; x_wconf 90' lang='lat' dir='ltr'><strong>ratione</strong></span> <span class='ocrx_word' id='word_1_47' title='bbox 736 951 1077 1028; x_wconf 85' lang='lat' dir='ltr'><strong>sejunctus:</strong></span> <span class='ocrx_word' id='word_1_48' title='bbox 1147 951 1344 1013; x_wconf 91' lang='lat' dir='ltr'><strong>multo</strong></span> <span class='ocrx_word' id='word_1_49' title='bbox 1401 951 1652 1031; x_wconf 89' lang='lat' dir='ltr'><strong>quidem</strong></span> <span class='ocrx_word' id='word_1_50' title='bbox 1707 954 1983 1031; x_wconf 82' lang='lat' dir='ltr'><strong>argutior</strong></span> 
     </span>
     <span class='ocr_line' id='line_1_10' title="bbox 189 1049 1983 1128; baseline 0 -17"><span class='ocrx_word' id='word_1_51' title='bbox 189 1050 438 1111; x_wconf 86' lang='lat' dir='ltr'><strong>videtur</strong></span> <span class='ocrx_word' id='word_1_52' title='bbox 519 1061 581 1111; x_wconf 91' lang='lat' dir='ltr'><strong>et</strong></span> <span class='ocrx_word' id='word_1_53' title='bbox 657 1050 1044 1110; x_wconf 87' lang='lat' dir='ltr'><strong>artificiosior</strong></span> <span class='ocrx_word' id='word_1_54' title='bbox 1114 1067 1300 1128; x_wconf 86' lang='lat' dir='ltr'><strong>quam</strong></span> <span class='ocrx_word' id='word_1_55' title='bbox 1365 1049 1631 1111; x_wconf 85' lang='lat' dir='ltr'><strong>Hesiodi</strong></span> <span class='ocrx_word' id='word_1_56' title='bbox 1703 1051 1983 1112; x_wconf 88' lang='lat' dir='ltr'><strong>doctrina</strong></span> 
     </span>
     <span class='ocr_line' id='line_1_11' title="bbox 190 1147 1974 1230; baseline 0.001 -20"><span class='ocrx_word' id='word_1_57' title='bbox 190 1161 406 1211; x_wconf 89' lang='lat' dir='ltr'><strong>cuncta</strong></span> <span class='ocrx_word' id='word_1_58' title='bbox 447 1150 865 1230; x_wconf 83' lang='lat' dir='ltr'><strong>particulatim</strong></span> <span class='ocrx_word' id='word_1_59' title='bbox 910 1168 988 1214; x_wconf 86' lang='lat' dir='ltr'><strong>ex</strong></span> <span class='ocrx_word' id='word_1_60' title='bbox 1031 1147 1386 1209; x_wconf 88' lang='lat' dir='ltr'><strong>inordinato</strong></span> <span class='ocrx_word' id='word_1_61' title='bbox 1422 1148 1596 1210; x_wconf 85' lang='lat' dir='ltr'><strong>Chao</strong></span> <span class='ocrx_word' id='word_1_62' title='bbox 1639 1151 1974 1230; x_wconf 88' lang='lat' dir='ltr'><strong>producen-</strong></span> 
     </span>
     <span class='ocr_line' id='line_1_12' title="bbox 187 1247 1980 1323; baseline 0.001 -13"><span class='ocrx_word' id='word_1_63' title='bbox 187 1253 301 1323; x_wconf 89' lang='lat' dir='ltr'><strong>tis,</strong></span> <span class='ocrx_word' id='word_1_64' title='bbox 357 1249 468 1309; x_wconf 90' lang='lat' dir='ltr'><strong>sed</strong></span> <span class='ocrx_word' id='word_1_65' title='bbox 521 1248 690 1308; x_wconf 89' lang='lat' dir='ltr'><strong>idem</strong></span> <span class='ocrx_word' id='word_1_66' title='bbox 747 1258 878 1307; x_wconf 86' lang='lat' dir='ltr'><strong>tam</strong></span> <span class='ocrx_word' id='word_1_67' title='bbox 932 1247 1077 1307; x_wconf 88' lang='lat' dir='ltr'><strong>rudi</strong></span> <span class='ocrx_word' id='word_1_68' title='bbox 1121 1248 1382 1309; x_wconf 72' lang='lat' dir='ltr'><strong>artificio</strong></span> <span class='ocrx_word' id='word_1_69' title='bbox 1425 1249 1778 1311; x_wconf 89' lang='lat' dir='ltr'><strong>elaboratus</strong></span> <span class='ocrx_word' id='word_1_70' title='bbox 1824 1261 1980 1312; x_wconf 86' lang='lat' dir='ltr'><strong>tam-</strong></span> 
     </span>
     <span class='ocr_line' id='line_1_13' title="bbox 186 1348 1981 1430; baseline 0.003 -23"><span class='ocrx_word' id='word_1_71' title='bbox 186 1368 307 1430; x_wconf 87' lang='lat' dir='ltr'><strong>que</strong></span> <span class='ocrx_word' id='word_1_72' title='bbox 364 1350 593 1430; x_wconf 86' lang='lat' dir='ltr'><strong>ineptis</strong></span> <span class='ocrx_word' id='word_1_73' title='bbox 635 1348 864 1408; x_wconf 89' lang='lat' dir='ltr'><strong>fabulis</strong></span> <span class='ocrx_word' id='word_1_74' title='bbox 884 1348 975 1430; x_wconf 84' lang='lat'>[¹¹¹]</span> <span class='ocrx_word' id='word_1_75' title='bbox 1020 1348 1372 1429; x_wconf 88' lang='lat' dir='ltr'><strong>implicatus</strong></span> <span class='ocrx_word' id='word_1_76' title='bbox 1418 1361 1539 1427; x_wconf 82' lang='lat' dir='ltr'><strong>est,</strong></span> <span class='ocrx_word' id='word_1_77' title='bbox 1594 1361 1665 1410; x_wconf 89' lang='lat' dir='ltr'><strong>ut</strong></span> <span class='ocrx_word' id='word_1_78' title='bbox 1709 1351 1981 1413; x_wconf 88' lang='lat' dir='ltr'><strong>Onoma-</strong></span> 
     </span>
     <span class='ocr_line' id='line_1_14' title="bbox 185 1449 1980 1535; baseline 0.002 -25"><span class='ocrx_word' id='word_1_79' title='bbox 185 1451 322 1510; x_wconf 87' lang='lat' dir='ltr'><strong>criti</strong></span> <span class='ocrx_word' id='word_1_80' title='bbox 381 1451 592 1531; x_wconf 88' lang='lat' dir='ltr'><strong>potius</strong></span> <span class='ocrx_word' id='word_1_81' title='bbox 638 1468 820 1530; x_wconf 92' lang='lat' dir='ltr'><strong>quam</strong></span> <span class='ocrx_word' id='word_1_82' title='bbox 866 1449 1143 1509; x_wconf 87' lang='lat' dir='ltr'><strong>Platonis</strong></span> <span class='ocrx_word' id='word_1_83' title='bbox 1189 1451 1382 1510; x_wconf 86' lang='lat' dir='ltr'><strong>aetati</strong></span> <span class='ocrx_word' id='word_1_84' title='bbox 1424 1452 1722 1532; x_wconf 86' lang='lat' dir='ltr'><strong>imputari</strong></span> <span class='ocrx_word' id='word_1_85' title='bbox 1765 1455 1980 1535; x_wconf 89' lang='lat' dir='ltr'><strong>possit.</strong></span> 
     </span>
     <span class='ocr_line' id='line_1_15' title="bbox 183 1548 1980 1635; baseline 0.002 -23"><span class='ocrx_word' id='word_1_86' title='bbox 183 1551 396 1631; x_wconf 88' lang='lat' dir='ltr'><strong>Neque</strong></span> <span class='ocrx_word' id='word_1_87' title='bbox 440 1550 846 1611; x_wconf 87' lang='lat' dir='ltr'><strong>dissimulabo</strong></span> <span class='ocrx_word' id='word_1_88' title='bbox 891 1548 971 1609; x_wconf 90' lang='lat' dir='ltr'><strong>de</strong></span> <span class='ocrx_word' id='word_1_89' title='bbox 995 1549 1269 1611; x_wconf 88' lang='lat' dir='ltr'><strong>Platonis</strong></span> <span class='ocrx_word' id='word_1_90' title='bbox 1312 1551 1450 1611; x_wconf 89' lang='lat' dir='ltr'><strong>loco</strong></span> <span class='ocrx_word' id='word_1_91' title='bbox 1494 1554 1561 1611; x_wconf 92' lang='lat' dir='ltr'><strong>in</strong></span> <span class='ocrx_word' id='word_1_92' title='bbox 1600 1553 1790 1635; x_wconf 89' lang='lat' dir='ltr'><strong>Soph.</strong></span> <span class='ocrx_word' id='word_1_93' title='bbox 1835 1555 1980 1615; x_wconf 87' lang='grc'><strong>242.</strong></span> 
     </span>
     <span class='ocr_line' id='line_1_16' title="bbox 184 1651 1979 1739; baseline 0.005 -28"><span class='ocrx_word' id='word_1_94' title='bbox 184 1652 264 1711; x_wconf 91' lang='lat' dir='ltr'><strong>D.</strong></span> <span class='ocrx_word' id='word_1_95' title='bbox 307 1654 379 1715; x_wconf 87' lang='grc' dir='ltr'><strong>τὸ</strong></span> <span class='ocrx_word' id='word_1_96' title='bbox 425 1651 495 1714; x_wconf 76' lang='grc' dir='ltr'><strong>δὲ</strong></span> <span class='ocrx_word' id='word_1_97' title='bbox 539 1654 682 1734; x_wconf 75' lang='grc' dir='ltr'><strong><em>παρ’</em></strong></span> <span class='ocrx_word' id='word_1_98' title='bbox 727 1653 881 1735; x_wconf 82' lang='grc' dir='ltr'><strong><em>ἡμῖν</em></strong></span> <span class='ocrx_word' id='word_1_99' title='bbox 919 1652 1262 1715; x_wconf 80' lang='grc' dir='ltr'><strong><em>Ἐλεατικὸν</em></strong></span> <span class='ocrx_word' id='word_1_100' title='bbox 1290 1654 1495 1737; x_wconf 18' lang='grc' dir='ltr'><strong><em>,ἔθνος</em></strong></span> <span class='ocrx_word' id='word_1_101' title='bbox 1538 1654 1661 1716; x_wconf 78' lang='grc' dir='ltr'><strong>ἀπὸ</strong></span> <span class='ocrx_word' id='word_1_102' title='bbox 1695 1653 1979 1739; x_wconf 79' lang='grc' dir='ltr'><strong><em>Ξενοφά-</em></strong></span> 
     </span>
     <span class='ocr_line' id='line_1_17' title="bbox 181 1749 1978 1836; baseline 0.001 -20"><span class='ocrx_word' id='word_1_103' title='bbox 181 1778 334 1824; x_wconf 82' lang='grc' dir='ltr'><strong><em>νους</em></strong></span> <span class='ocrx_word' id='word_1_104' title='bbox 376 1779 442 1816; x_wconf 87' lang='grc' dir='ltr'><strong>τε</strong></span> <span class='ocrx_word' id='word_1_105' title='bbox 484 1753 591 1817; x_wconf 84' lang='grc' dir='ltr'><strong>καὶ</strong></span> <span class='ocrx_word' id='word_1_106' title='bbox 634 1756 723 1816; x_wconf 74' lang='grc' dir='ltr'><strong><em>ἔτι</em></strong></span> <span class='ocrx_word' id='word_1_107' title='bbox 764 1751 1051 1836; x_wconf 75' lang='grc' dir='ltr'><strong><em>πρόσθεν</em></strong></span> <span class='ocrx_word' id='word_1_108' title='bbox 1095 1749 1448 1835; x_wconf 74' lang='grc' dir='ltr'><strong><em>ἀρξάμενον</em></strong></span> <span class='ocrx_word' id='word_1_109' title='bbox 1492 1753 1577 1823; x_wconf 78' lang='grc' dir='ltr'><strong>ὥς</strong></span> <span class='ocrx_word' id='word_1_110' title='bbox 1623 1755 1761 1824; x_wconf 83' lang='grc' dir='ltr'><strong><em>ἑνὸς</em></strong></span> <span class='ocrx_word' id='word_1_111' title='bbox 1795 1757 1978 1825; x_wconf 80' lang='grc' dir='ltr'><strong><em>ὄντος</em></strong></span> 
     </span>
     <span class='ocr_line' id='line_1_18' title="bbox 180 1851 1978 1935; baseline 0.001 -19"><span class='ocrx_word' id='word_1_112' title='bbox 180 1862 313 1917; x_wconf 81' lang='grc' dir='ltr'><strong>τῶν</strong></span> <span class='ocrx_word' id='word_1_113' title='bbox 376 1852 635 1917; x_wconf 77' lang='grc' dir='ltr'><strong><em>πάντων</em></strong></span> <span class='ocrx_word' id='word_1_114' title='bbox 701 1853 1107 1933; x_wconf 80' lang='grc' dir='ltr'><strong><em>καλουμένων</em></strong></span> <span class='ocrx_word' id='word_1_115' title='bbox 1175 1851 1340 1913; x_wconf 74' lang='grc' dir='ltr'><strong><em>οὕτω</em></strong></span> <span class='ocrx_word' id='word_1_116' title='bbox 1410 1852 1779 1935; x_wconf 75' lang='grc' dir='ltr'><strong><em>διεξέρχεται</em></strong></span> <span class='ocrx_word' id='word_1_117' title='bbox 1848 1861 1978 1925; x_wconf 81' lang='grc' dir='ltr'><strong><em>τοῖς</em></strong></span> 
     </span>
     <span class='ocr_line' id='line_1_19' title="bbox 179 1950 1976 2036; baseline -0.001 -20"><span class='ocrx_word' id='word_1_118' title='bbox 179 1952 453 2036; x_wconf 76' lang='grc' dir='ltr'><strong><em>μύθοις,</em></strong></span> <span class='ocrx_word' id='word_1_119' title='bbox 515 1971 704 2033; x_wconf 88' lang='lat' dir='ltr'><strong>saepe</strong></span> <span class='ocrx_word' id='word_1_120' title='bbox 757 1971 860 2012; x_wconf 90' lang='lat' dir='ltr'><strong>me</strong></span> <span class='ocrx_word' id='word_1_121' title='bbox 915 1950 1265 2024; x_wconf 89' lang='lat' dir='ltr'><strong>dubitasse,</strong></span> <span class='ocrx_word' id='word_1_122' title='bbox 1332 1971 1411 2011; x_wconf 90' lang='lat' dir='ltr'><strong>ne</strong></span> <span class='ocrx_word' id='word_1_123' title='bbox 1466 1953 1584 2012; x_wconf 90' lang='lat' dir='ltr'><strong>hoc</strong></span> <span class='ocrx_word' id='word_1_124' title='bbox 1639 1951 1976 2034; x_wconf 87' lang='lat' dir='ltr'><strong>Orphicum</strong></span> 
     </span>
     <span class='ocr_line' id='line_1_20' title="bbox 178 2053 1975 2134; baseline 0 -20"><span class='ocrx_word' id='word_1_125' title='bbox 178 2072 457 2128; x_wconf 91' lang='lat' dir='ltr'><strong>carmen,</strong></span> <span class='ocrx_word' id='word_1_126' title='bbox 512 2055 580 2113; x_wconf 88' lang='lat' dir='ltr'><strong>in</strong></span> <span class='ocrx_word' id='word_1_127' title='bbox 639 2070 760 2134; x_wconf 92' lang='lat' dir='ltr'><strong>quo</strong></span> <span class='ocrx_word' id='word_1_128' title='bbox 825 2053 1102 2115; x_wconf 88' lang='lat' dir='ltr'><strong>universi</strong></span> <span class='ocrx_word' id='word_1_129' title='bbox 1156 2055 1361 2114; x_wconf 91' lang='lat' dir='ltr'><strong>unitas</strong></span> <span class='ocrx_word' id='word_1_130' title='bbox 1417 2053 1677 2118; x_wconf 88' lang='lat' dir='ltr'><strong>rudibus</strong></span> <span class='ocrx_word' id='word_1_131' title='bbox 1722 2054 1975 2134; x_wconf 89' lang='lat' dir='ltr'><strong>quidem</strong></span> 
     </span>
     <span class='ocr_line' id='line_1_21' title="bbox 178 2152 1977 2229; baseline 0 -13"><span class='ocrx_word' id='word_1_132' title='bbox 178 2155 497 2216; x_wconf 90' lang='lat' dir='ltr'><strong>sententiis</strong></span> <span class='ocrx_word' id='word_1_133' title='bbox 551 2152 683 2214; x_wconf 88' lang='lat' dir='ltr'><strong>sed-</strong></span> <span class='ocrx_word' id='word_1_134' title='bbox 717 2153 926 2216; x_wconf 88' lang='lat' dir='ltr'><strong>verbis</strong></span> <span class='ocrx_word' id='word_1_135' title='bbox 979 2155 1236 2214; x_wconf 90' lang='lat' dir='ltr'><strong>minime</strong></span> <span class='ocrx_word' id='word_1_136' title='bbox 1279 2153 1555 2214; x_wconf 88' lang='lat' dir='ltr'><strong>obscuris</strong></span> <span class='ocrx_word' id='word_1_137' title='bbox 1600 2154 1891 2229; x_wconf 86' lang='lat' dir='ltr'><strong>traditur,</strong></span> <span class='ocrx_word' id='word_1_138' title='bbox 1938 2177 1977 2216; x_wconf 89' lang='lat' dir='ltr'><strong>a</strong></span> 
     </span>
     <span class='ocr_line' id='line_1_22' title="bbox 178 2252 1972 2332; baseline 0 -17"><span class='ocrx_word' id='word_1_139' title='bbox 178 2256 437 2315; x_wconf 89' lang='lat' dir='ltr'><strong>Platone</strong></span> <span class='ocrx_word' id='word_1_140' title='bbox 493 2256 576 2314; x_wconf 86' lang='lat' dir='ltr'><strong>sit</strong></span> <span class='ocrx_word' id='word_1_141' title='bbox 617 2254 1040 2332; x_wconf 87' lang='lat' dir='ltr'><strong>significatum.</strong></span> <span class='ocrx_word' id='word_1_142' title='bbox 1128 2252 1579 2314; x_wconf 88' lang='lat' dir='ltr'><strong>Anaximandri</strong></span> <span class='ocrx_word' id='word_1_143' title='bbox 1624 2263 1788 2314; x_wconf 91' lang='lat' dir='ltr'><strong>certe</strong></span> <span class='ocrx_word' id='word_1_144' title='bbox 1832 2275 1972 2315; x_wconf 89' lang='lat' dir='ltr'><strong>sen-</strong></span> 
     </span>
     <span class='ocr_line' id='line_1_23' title="bbox 179 2347 1971 2437; baseline 0.001 -22"><span class='ocrx_word' id='word_1_145' title='bbox 179 2357 411 2415; x_wconf 88' lang='lat' dir='ltr'><strong>tentiae</strong></span> <span class='ocrx_word' id='word_1_146' title='bbox 454 2373 594 2415; x_wconf 92' lang='lat' dir='ltr'><strong>cum</strong></span> <span class='ocrx_word' id='word_1_147' title='bbox 638 2354 1034 2435; x_wconf 89' lang='lat' dir='ltr'><strong>pantheismo</strong></span> <span class='ocrx_word' id='word_1_148' title='bbox 1062 2353 1469 2437; x_wconf 88' lang='lat' dir='ltr'><strong>Xenophanis</strong></span> <span class='ocrx_word' id='word_1_149' title='bbox 1515 2347 1805 2436; x_wconf 71' lang='lat' dir='ltr'><strong>componi</strong></span> <span class='ocrx_word' id='word_1_150' title='bbox 1848 2376 1971 2416; x_wconf 89' lang='lat' dir='ltr'><strong>non</strong></span> 
     </span>
    </p>
   </div>
   <div class='ocr_carea' id='block_1_4' title="bbox 173 2522 1969 3055">
    <p class='ocr_par' dir='ltr' id='par_1_4' title="bbox 173 2522 1969 3055">
     <span class='ocr_line' id='line_1_24' title="bbox 301 2522 1967 2583; baseline 0.002 -15"><span class='ocrx_word' id='word_1_151' title='bbox 301 2523 364 2583; x_wconf 84' lang='lat'><strong>[¹]</strong></span> <span class='ocrx_word' id='word_1_152' title='bbox 398 2525 544 2569; x_wconf 84' lang='lat' dir='ltr'><strong>Schol.</strong></span> <span class='ocrx_word' id='word_1_153' title='bbox 586 2524 759 2582; x_wconf 82' lang='lat' dir='ltr'><strong>Theog.</strong></span> <span class='ocrx_word' id='word_1_154' title='bbox 789 2524 890 2568; x_wconf 88' lang='grc'><strong>886.</strong></span> <span class='ocrx_word' id='word_1_155' title='bbox 921 2526 1096 2583; x_wconf 77' lang='grc' dir='ltr'><strong><em>λέγεται</em></strong></span> <span class='ocrx_word' id='word_1_156' title='bbox 1126 2523 1194 2570; x_wconf 81' lang='grc' dir='ltr'><strong><em>ὅτι</em></strong></span> <span class='ocrx_word' id='word_1_157' title='bbox 1223 2523 1250 2580; x_wconf 77' lang='grc' dir='ltr'><em>ἡ</em></span> <span class='ocrx_word' id='word_1_158' title='bbox 1282 2528 1432 2580; x_wconf 86' lang='grc' dir='ltr'><strong><em>Μῆτις</em></strong></span> <span class='ocrx_word' id='word_1_159' title='bbox 1459 2522 1670 2580; x_wconf 82' lang='grc' dir='ltr'><strong><em>τοιαύτην</em></strong></span> <span class='ocrx_word' id='word_1_160' title='bbox 1700 2523 1793 2583; x_wconf 73' lang='grc' dir='ltr'><strong><em>εἶχε</em></strong></span> <span class='ocrx_word' id='word_1_161' title='bbox 1825 2524 1967 2571; x_wconf 76' lang='grc' dir='ltr'><strong><em>δύνα-</em></strong></span> 
     </span>
     <span class='ocr_line' id='line_1_25' title="bbox 173 2579 1969 2644; baseline 0.002 -17"><span class='ocrx_word' id='word_1_162' title='bbox 173 2599 280 2644; x_wconf 87' lang='grc' dir='ltr'><strong><em>μιν,</em></strong></span> <span class='ocrx_word' id='word_1_163' title='bbox 312 2583 419 2635; x_wconf 83' lang='grc' dir='ltr'><strong><em>ὢςτε</em></strong></span> <span class='ocrx_word' id='word_1_164' title='bbox 447 2579 747 2644; x_wconf 79' lang='grc' dir='ltr'><strong><em>μεταβάλλειν</em></strong></span> <span class='ocrx_word' id='word_1_165' title='bbox 775 2585 840 2632; x_wconf 75' lang='grc' dir='ltr'><strong>εἷς</strong></span> <span class='ocrx_word' id='word_1_166' title='bbox 869 2580 1034 2629; x_wconf 83' lang='grc' dir='ltr'><strong><em>ὁποῖον</em></strong></span> <span class='ocrx_word' id='word_1_167' title='bbox 1065 2581 1126 2628; x_wconf 78' lang='grc' dir='ltr'><strong>ἂν</strong></span> <span class='ocrx_word' id='word_1_168' title='bbox 1156 2580 1380 2639; x_wconf 71' lang='grc' dir='ltr'><strong><em>ἐβούλετο.</em></strong></span> <span class='ocrx_word' id='word_1_169' title='bbox 1441 2580 1687 2638; x_wconf 82' lang='grc' dir='ltr'><strong><em>Πλανήσας</em></strong></span> <span class='ocrx_word' id='word_1_170' title='bbox 1716 2580 1799 2630; x_wconf 73' lang='grc' dir='ltr'><strong>οὖν</strong></span> <span class='ocrx_word' id='word_1_171' title='bbox 1829 2585 1969 2641; x_wconf 79' lang='grc' dir='ltr'><strong><em>αὐτὴν</em></strong></span> 
     </span>
     <span class='ocr_line' id='line_1_26' title="bbox 179 2633 1963 2703; baseline 0 -15"><span class='ocrx_word' id='word_1_172' title='bbox 179 2642 203 2688; x_wconf 84' lang='grc' dir='ltr'><em>ὃ</em></span> <span class='ocrx_word' id='word_1_173' title='bbox 235 2641 352 2694; x_wconf 88' lang='grc' dir='ltr'><strong><em>Ζεὺς</em></strong></span> <span class='ocrx_word' id='word_1_174' title='bbox 387 2645 466 2687; x_wconf 85' lang='grc' dir='ltr'><strong>καὶ</strong></span> <span class='ocrx_word' id='word_1_175' title='bbox 505 2640 676 2703; x_wconf 78' lang='grc' dir='ltr'><strong><em>πικρὰν</em></strong></span> <span class='ocrx_word' id='word_1_176' title='bbox 713 2638 906 2698; x_wconf 85' lang='grc' dir='ltr'><strong><em>ποιήσας</em></strong></span> <span class='ocrx_word' id='word_1_177' title='bbox 944 2646 1154 2688; x_wconf 74' lang='grc' dir='ltr'><strong><em>κατέπιεν</em></strong></span> <span class='ocrx_word' id='word_1_178' title='bbox 1192 2645 1360 2701; x_wconf 79' lang='grc' dir='ltr'><strong><em>ἔγκυον</em></strong></span> <span class='ocrx_word' id='word_1_179' title='bbox 1389 2633 1544 2687; x_wconf 75' lang='grc' dir='ltr'><strong><em>οὖσαν.</em></strong></span> <span class='ocrx_word' id='word_1_180' title='bbox 1575 2644 1854 2688; x_wconf 80' lang='lat' dir='ltr'><strong>Gaisfordius</strong></span> <span class='ocrx_word' id='word_1_181' title='bbox 1884 2660 1963 2703; x_wconf 87' lang='lat' dir='ltr'><strong>pa—</strong></span> 
     </span>
     <span class='ocr_line' id='line_1_27' title="bbox 176 2698 1962 2762; baseline 0 -16"><span class='ocrx_word' id='word_1_182' title='bbox 176 2717 270 2746; x_wconf 87' lang='lat' dir='ltr'><strong>rum</strong></span> <span class='ocrx_word' id='word_1_183' title='bbox 300 2707 401 2761; x_wconf 83' lang='lat' dir='ltr'><strong>apte</strong></span> <span class='ocrx_word' id='word_1_184' title='bbox 430 2704 590 2751; x_wconf 80' lang='grc' dir='ltr'><strong><em>πιέσας</em></strong></span> <span class='ocrx_word' id='word_1_185' title='bbox 617 2701 815 2745; x_wconf 85' lang='lat' dir='ltr'><strong>emendat</strong></span> <span class='ocrx_word' id='word_1_186' title='bbox 842 2715 922 2759; x_wconf 89' lang='lat' dir='ltr'><strong>pro</strong></span> <span class='ocrx_word' id='word_1_187' title='bbox 952 2698 1159 2757; x_wconf 86' lang='grc' dir='ltr'><strong><em>ποιήσας,</em></strong></span> <span class='ocrx_word' id='word_1_188' title='bbox 1189 2701 1262 2746; x_wconf 84' lang='lat' dir='ltr'><strong>vel</strong></span> <span class='ocrx_word' id='word_1_189' title='bbox 1283 2698 1598 2762; x_wconf 73' lang='grc' dir='ltr'><strong><em>ἐπικρατήσας·</em></strong></span> <span class='ocrx_word' id='word_1_190' title='bbox 1629 2703 1812 2760; x_wconf 88' lang='lat' dir='ltr'><strong>pessime</strong></span> <span class='ocrx_word' id='word_1_191' title='bbox 1837 2704 1962 2761; x_wconf 83' lang='lat' dir='ltr'><strong>Hey—</strong></span> 
     </span>
     <span class='ocr_line' id='line_1_28' title="bbox 177 2757 1964 2821; baseline 0.001 -16"><span class='ocrx_word' id='word_1_192' title='bbox 177 2762 273 2805; x_wconf 86' lang='lat' dir='ltr'><strong>nius</strong></span> <span class='ocrx_word' id='word_1_193' title='bbox 311 2757 611 2816; x_wconf 83' lang='grc' dir='ltr'><strong><em>πλανήσασαν</em></strong></span> <span class='ocrx_word' id='word_1_194' title='bbox 639 2786 698 2794; x_wconf 93' lang='lat'><strong>—-</strong></span> <span class='ocrx_word' id='word_1_195' title='bbox 728 2762 806 2804; x_wconf 79' lang='grc' dir='ltr'><strong>καὶ</strong></span> <span class='ocrx_word' id='word_1_196' title='bbox 847 2758 1018 2821; x_wconf 81' lang='grc' dir='ltr'><strong><em>πικρὰν</em></strong></span> <span class='ocrx_word' id='word_1_197' title='bbox 1059 2758 1250 2811; x_wconf 83' lang='grc' dir='ltr'><strong><em>παύσας.</em></strong></span> <span class='ocrx_word' id='word_1_198' title='bbox 1323 2762 1473 2803; x_wconf 85' lang='lat' dir='ltr'><strong>Verba</strong></span> <span class='ocrx_word' id='word_1_199' title='bbox 1504 2757 1596 2818; x_wconf 84' lang='grc' dir='ltr'><strong><em>εἶχε</em></strong></span> <span class='ocrx_word' id='word_1_200' title='bbox 1627 2757 1742 2805; x_wconf 74' lang='grc' dir='ltr'><strong><em>δύνα</em></strong></span> <span class='ocrx_word' id='word_1_201' title='bbox 1781 2777 1826 2806; x_wconf 91' lang='grc' dir='ltr'><strong>ιν</strong></span> <span class='ocrx_word' id='word_1_202' title='bbox 1856 2761 1964 2813; x_wconf 65' lang='lat' dir='ltr'><strong>‹iis-ts</strong></span> 
     </span>
     <span class='ocr_line' id='line_1_29' title="bbox 177 2777 1963 2878; baseline 0.001 -14"><span class='ocrx_word' id='word_1_203' title='bbox 177 2818 473 2876; x_wconf 77' lang='grc' dir='ltr'><strong><em>μεταβάλλειν</em></strong></span> <span class='ocrx_word' id='word_1_204' title='bbox 511 2819 704 2863; x_wconf 84' lang='lat' dir='ltr'><strong>iudicant</strong></span> <span class='ocrx_word' id='word_1_205' title='bbox 742 2824 915 2877; x_wconf 86' lang='lat' dir='ltr'><strong>poetam</strong></span> <span class='ocrx_word' id='word_1_206' title='bbox 954 2819 1008 2862; x_wconf 85' lang='lat' dir='ltr'><strong>de</strong></span> <span class='ocrx_word' id='word_1_207' title='bbox 1049 2822 1285 2864; x_wconf 83' lang='lat' dir='ltr'><strong>mutatione</strong></span> <span class='ocrx_word' id='word_1_208' title='bbox 1320 2819 1505 2877; x_wconf 89' lang='lat' dir='ltr'><strong>quadam</strong></span> <span class='ocrx_word' id='word_1_209' title='bbox 1539 2820 1705 2863; x_wconf 85' lang='lat' dir='ltr'><strong>formae</strong></span> <span class='ocrx_word' id='word_1_210' title='bbox 1741 2777 1963 2878; x_wconf 65' lang='lat' dir='ltr'><strong>ssquutum</strong></span> 
     </span>
     <span class='ocr_line' id='line_1_30' title="bbox 178 2875 1964 2937; baseline 0.001 -16"><span class='ocrx_word' id='word_1_211' title='bbox 178 2893 290 2925; x_wconf 84' lang='lat' dir='ltr'><strong>esse.</strong></span> <span class='ocrx_word' id='word_1_212' title='bbox 345 2879 503 2936; x_wconf 83' lang='lat' dir='ltr'><strong>Itaque</strong></span> <span class='ocrx_word' id='word_1_213' title='bbox 543 2877 814 2921; x_wconf 84' lang='lat' dir='ltr'><strong>scribendum</strong></span> <span class='ocrx_word' id='word_1_214' title='bbox 841 2883 986 2937; x_wconf 85' lang='grc' dir='ltr'><strong><em>μυῖαν</em></strong></span> <span class='ocrx_word' id='word_1_215' title='bbox 1015 2875 1234 2935; x_wconf 84' lang='grc' dir='ltr'><strong><em>ποιήσας,</em></strong></span> <span class='ocrx_word' id='word_1_216' title='bbox 1276 2893 1434 2936; x_wconf 89' lang='lat' dir='ltr'><strong>quum</strong></span> <span class='ocrx_word' id='word_1_217' title='bbox 1465 2877 1518 2920; x_wconf 88' lang='lat' dir='ltr'><strong>ei</strong></span> <span class='ocrx_word' id='word_1_218' title='bbox 1547 2880 1964 2935; x_wconf 81' lang='lat' dir='ltr'><strong>persuasisset</strong></span> 
     </span>
     <span class='ocr_line' id='line_1_31' title="bbox 180 2937 1963 2992; baseline 0.002 -13"><span class='ocrx_word' id='word_1_219' title='bbox 180 2943 242 2979; x_wconf 92' lang='lat' dir='ltr'><strong>ut</strong></span> <span class='ocrx_word' id='word_1_220' title='bbox 270 2951 496 2981; x_wconf 85' lang='lat' dir='ltr'><strong>muscae</strong></span> <span class='ocrx_word' id='word_1_221' title='bbox 538 2937 771 2981; x_wconf 85' lang='lat' dir='ltr'><strong>formam</strong></span> <span class='ocrx_word' id='word_1_222' title='bbox 814 2944 1163 2992; x_wconf 81' lang='lat' dir='ltr'><strong>assumeret3</strong></span> <span class='ocrx_word' id='word_1_223' title='bbox 1203 2952 1300 2981; x_wconf 87' lang='lat' dir='ltr'><strong>nam</strong></span> <span class='ocrx_word' id='word_1_224' title='bbox 1343 2938 1605 2980; x_wconf 84' lang='lat' dir='ltr'><strong>immutatam</strong></span> <span class='ocrx_word' id='word_1_225' title='bbox 1634 2937 1800 2982; x_wconf 85' lang='lat' dir='ltr'><strong>omniuo</strong></span> <span class='ocrx_word' id='word_1_226' title='bbox 1830 2938 1963 2983; x_wconf 82' lang='lat' dir='ltr'><strong>devo-</strong></span> 
     </span>
     <span class='ocr_line' id='line_1_32' title="bbox 180 3000 608 3055; baseline -0.002 -17"><span class='ocrx_word' id='word_1_227' title='bbox 180 3009 280 3054; x_wconf 78' lang='lat' dir='ltr'><strong>rare</strong></span> <span class='ocrx_word' id='word_1_228' title='bbox 309 3010 392 3040; x_wconf 88' lang='lat' dir='ltr'><strong>non</strong></span> <span class='ocrx_word' id='word_1_229' title='bbox 420 3000 608 3055; x_wconf 85' lang='lat' dir='ltr'><strong>poterat.</strong></span> 
     </span>
    </p>
   </div>
   <div class='ocr_carea' id='block_1_5' title="bbox 172 3083 1961 3437">
    <p class='ocr_par' dir='ltr' id='par_1_5' title="bbox 172 3083 1961 3437">
     <span class='ocr_line' id='line_1_33' title="bbox 278 3083 1961 3143; baseline 0.001 -17"><span class='ocrx_word' id='word_1_230' title='bbox 278 3083 373 3140; x_wconf 65' lang='grc'>,[11]</span> <span class='ocrx_word' id='word_1_231' title='bbox 415 3084 467 3127; x_wconf 91' lang='lat' dir='ltr'><strong>In</strong></span> <span class='ocrx_word' id='word_1_232' title='bbox 516 3083 867 3143; x_wconf 81' lang='lat' dir='ltr'><strong>pbilosophorum</strong></span> <span class='ocrx_word' id='word_1_233' title='bbox 909 3083 1211 3142; x_wconf 86' lang='lat' dir='ltr'><strong>Cosmogoniis</strong></span> <span class='ocrx_word' id='word_1_234' title='bbox 1266 3083 1442 3126; x_wconf 82' lang='lat' dir='ltr'><strong>deorum</strong></span> <span class='ocrx_word' id='word_1_235' title='bbox 1480 3083 1651 3128; x_wconf 81' lang='lat' dir='ltr'><strong>nomina</strong></span> <span class='ocrx_word' id='word_1_236' title='bbox 1675 3091 1961 3129; x_wconf 73' lang='lat' dir='ltr'><strong>‘assumuntur</strong></span> 
     </span>
     <span class='ocr_line' id='line_1_34' title="bbox 180 3141 1958 3198; baseline 0.002 -14"><span class='ocrx_word' id='word_1_237' title='bbox 180 3141 494 3198; x_wconf 75' lang='lat' dir='ltr'><strong>praetermissis</strong></span> <span class='ocrx_word' id='word_1_238' title='bbox 548 3141 724 3187; x_wconf 80' lang='lat' dir='ltr'><strong>fabulis.</strong></span> <span class='ocrx_word' id='word_1_239' title='bbox 772 3142 992 3189; x_wconf 80' lang='lat' dir='ltr'><strong>Plutarch.</strong></span> <span class='ocrx_word' id='word_1_240' title='bbox 1037 3143 1092 3187; x_wconf 88' lang='lat' dir='ltr'><strong>de</strong></span> <span class='ocrx_word' id='word_1_241' title='bbox 1134 3143 1352 3186; x_wconf 88' lang='lat' dir='ltr'><strong>Commun.</strong></span> <span class='ocrx_word' id='word_1_242' title='bbox 1393 3141 1572 3186; x_wconf 80' lang='lat' dir='ltr'><strong>Notion.</strong></span> <span class='ocrx_word' id='word_1_243' title='bbox 1612 3159 1649 3187; x_wconf 86' lang='lat' dir='ltr'><strong>c.</strong></span> <span class='ocrx_word' id='word_1_244' title='bbox 1692 3144 1818 3187; x_wconf 87' lang='lat' dir='ltr'><strong>XIII.</strong></span> <span class='ocrx_word' id='word_1_245' title='bbox 1858 3141 1958 3189; x_wconf 75' lang='lat'><strong>345.</strong></span> 
     </span>
     <span class='ocr_line' id='line_1_35' title="bbox 172 3196 1961 3261; baseline 0.001 -18"><span class='ocrx_word' id='word_1_246' title='bbox 172 3199 292 3255; x_wconf 70' lang='grc' dir='ltr'><strong><em>ὅταν</em></strong></span> <span class='ocrx_word' id='word_1_247' title='bbox 334 3197 358 3243; x_wconf 81' lang='grc' dir='ltr'><strong>ὁ</strong></span> <span class='ocrx_word' id='word_1_248' title='bbox 400 3199 517 3251; x_wconf 87' lang='grc' dir='ltr'><strong><em>Ζεὺς</em></strong></span> <span class='ocrx_word' id='word_1_249' title='bbox 556 3203 619 3252; x_wconf 79' lang='grc' dir='ltr'><strong>εἲς</strong></span> <span class='ocrx_word' id='word_1_250' title='bbox 659 3198 822 3246; x_wconf 80' lang='grc' dir='ltr'><strong><em>ἑαυτὸν</em></strong></span> <span class='ocrx_word' id='word_1_251' title='bbox 863 3198 1090 3252; x_wconf 82' lang='grc' dir='ltr'><strong><em>ἀναλύσας</em></strong></span> <span class='ocrx_word' id='word_1_252' title='bbox 1118 3200 1199 3256; x_wconf 83' lang='grc' dir='ltr'><strong>τὴν</strong></span> <span class='ocrx_word' id='word_1_253' title='bbox 1228 3200 1338 3256; x_wconf 75' lang='grc' dir='ltr'><strong><em>ὕλην</em></strong></span> <span class='ocrx_word' id='word_1_254' title='bbox 1369 3198 1554 3245; x_wconf 76' lang='grc' dir='ltr'><strong><em>ἅπασαν</em></strong></span> <span class='ocrx_word' id='word_1_255' title='bbox 1583 3196 1646 3252; x_wconf 84' lang='grc' dir='ltr'><strong>εἷς</strong></span> <span class='ocrx_word' id='word_1_256' title='bbox 1672 3205 1855 3261; x_wconf 79' lang='grc' dir='ltr'><strong><em>γένηται</em></strong></span> <span class='ocrx_word' id='word_1_257' title='bbox 1883 3205 1961 3247; x_wconf 79' lang='grc' dir='ltr'><strong>καὶ</strong></span> 
     </span>
     <span class='ocr_line' id='line_1_36' title="bbox 182 3254 1959 3320; baseline 0.001 -18"><span class='ocrx_word' id='word_1_258' title='bbox 182 3258 259 3308; x_wconf 82' lang='grc' dir='ltr'><strong>τὰς</strong></span> <span class='ocrx_word' id='word_1_259' title='bbox 289 3254 426 3308; x_wconf 74' lang='grc' dir='ltr'><strong><em>ἄλλας</em></strong></span> <span class='ocrx_word' id='word_1_260' title='bbox 454 3257 560 3305; x_wconf 78' lang='grc' dir='ltr'><strong><em>ἅνέλ</em></strong></span> <span class='ocrx_word' id='word_1_261' title='bbox 618 3260 710 3304; x_wconf 75' lang='grc' dir='ltr'><strong><em>δια(</em></strong></span> <span class='ocrx_word' id='word_1_262' title='bbox 738 3255 859 3320; x_wconf 83' lang='grc' dir='ltr'><strong><em>οράς,</em></strong></span> <span class='ocrx_word' id='word_1_263' title='bbox 892 3261 1006 3316; x_wconf 86' lang='lat' dir='ltr'><strong>quod</strong></span> <span class='ocrx_word' id='word_1_264' title='bbox 1036 3274 1114 3319; x_wconf 85' lang='lat' dir='ltr'><strong>per</strong></span> <span class='ocrx_word' id='word_1_265' title='bbox 1144 3260 1381 3317; x_wconf 86' lang='lat' dir='ltr'><strong>Cataposin</strong></span> <span class='ocrx_word' id='word_1_266' title='bbox 1402 3260 1602 3304; x_wconf 83' lang='lat' dir='ltr'><strong>effectum</strong></span> <span class='ocrx_word' id='word_1_267' title='bbox 1631 3265 1711 3304; x_wconf 89' lang='lat' dir='ltr'><strong>est.</strong></span> <span class='ocrx_word' id='word_1_268' title='bbox 1742 3261 1864 3305; x_wconf 90' lang='lat' dir='ltr'><strong>Zeno</strong></span> <span class='ocrx_word' id='word_1_269' title='bbox 1891 3277 1959 3320; x_wconf 85' lang='lat' dir='ltr'><strong>ap.</strong></span> 
     </span>
     <span class='ocr_line' id='line_1_37' title="bbox 183 3314 1960 3378; baseline 0.003 -20"><span class='ocrx_word' id='word_1_270' title='bbox 183 3318 311 3374; x_wconf 86' lang='lat' dir='ltr'><strong>Diog.</strong></span> <span class='ocrx_word' id='word_1_271' title='bbox 349 3317 451 3364; x_wconf 84' lang='lat' dir='ltr'><strong>vll.</strong></span> <span class='ocrx_word' id='word_1_272' title='bbox 492 3317 546 3361; x_wconf 82' lang='lat'><strong>13</strong></span> <span class='ocrx_word' id='word_1_273' title='bbox 578 3349 589 3360; x_wconf 93' lang='lat'><strong>.</strong></span> <span class='ocrx_word' id='word_1_274' title='bbox 647 3325 702 3363; x_wconf 81' lang='grc' dir='ltr'><strong>θε</strong></span> <span class='ocrx_word' id='word_1_275' title='bbox 735 3335 755 3368; x_wconf 93' lang='grc' dir='ltr'><strong><em>ς</em></strong></span> <span class='ocrx_word' id='word_1_276' title='bbox 793 3318 1068 3378; x_wconf 79' lang='grc' dir='ltr'><strong><em>δημιουργὸς</em></strong></span> <span class='ocrx_word' id='word_1_277' title='bbox 1109 3322 1184 3374; x_wconf 80' lang='grc' dir='ltr'><strong>τῆς</strong></span> <span class='ocrx_word' id='word_1_278' title='bbox 1224 3314 1564 3378; x_wconf 81' lang='grc' dir='ltr'><strong><em>διακοσμήσεως</em></strong></span> <span class='ocrx_word' id='word_1_279' title='bbox 1604 3319 1860 3367; x_wconf 85' lang='grc' dir='ltr'><strong><em>ἀναλίσκων</em></strong></span> <span class='ocrx_word' id='word_1_280' title='bbox 1898 3324 1960 3370; x_wconf 77' lang='grc' dir='ltr'><strong>εἰς</strong></span> 
     </span>
     <span class='ocr_line' id='line_1_38' title="bbox 183 3374 1701 3437; baseline 0.001 -17"><span class='ocrx_word' id='word_1_281' title='bbox 183 3374 321 3421; x_wconf 79' lang='grc' dir='ltr'><strong><em>αὐτὸν</em></strong></span> <span class='ocrx_word' id='word_1_282' title='bbox 351 3374 432 3431; x_wconf 78' lang='grc' dir='ltr'><strong>τὴν</strong></span> <span class='ocrx_word' id='word_1_283' title='bbox 461 3375 647 3423; x_wconf 78' lang='grc' dir='ltr'><strong><em>ἃπασαν</em></strong></span> <span class='ocrx_word' id='word_1_284' title='bbox 677 3377 843 3424; x_wconf 81' lang='grc' dir='ltr'><strong><em>οὐσίαν</em></strong></span> <span class='ocrx_word' id='word_1_285' title='bbox 872 3380 950 3422; x_wconf 77' lang='grc' dir='ltr'><strong><em>καὶ</em></strong></span> <span class='ocrx_word' id='word_1_286' title='bbox 980 3375 1118 3424; x_wconf 81' lang='grc' dir='ltr'><strong><em>πάλιν</em></strong></span> <span class='ocrx_word' id='word_1_287' title='bbox 1146 3381 1194 3429; x_wconf 73' lang='grc' dir='ltr'><strong>ἐξ</strong></span> <span class='ocrx_word' id='word_1_288' title='bbox 1224 3378 1385 3423; x_wconf 83' lang='grc' dir='ltr'><strong><em>ἑαυτοῦ</em></strong></span> <span class='ocrx_word' id='word_1_289' title='bbox 1414 3382 1590 3437; x_wconf 79' lang='grc' dir='ltr'><strong><em>γεννῶν</em></strong></span> <span class='ocrx_word' id='word_1_290' title='bbox 1617 3383 1701 3424; x_wconf 87' lang='lat' dir='ltr'><strong>etc.</strong></span> 
     </span>
    </p>
   </div>
  </div>
 </body>
</html>
