2158 3848
807 208 1281 257 onrfl1cA.
1818 196 1942 257 357

170 350 357 419 αὐτὸς
399 351 467 411 ἐν
502 339 939 430 Ἀργοναύταις
982 342 1069 422 (V.
1095 339 1181 417 7.)
1225 330 1355 400 κατ’
1394 338 1783 423 ἐπανάληψιν
1806 343 1944 424 ἄρι-

167 455 336 532 &pet
365 482 447 492 ——
489 445 596 507 καὶ
636 442 776 524 περὶ
815 444 993 503 θεῶν
1027 439 1142 501 ,καὶ
1183 439 1653 523 κοσμογενείας,
1706 441 1945 520 ὕμνους

170 545 648 633 διαφόρουςεῖς
688 538 909 612 θεούς,
953 536 1308 624 Γεωργικά,
1354 534 1638 611 Φυσικᾶ,
1671 541 1945 622 ,Ἀργολι-

166 645 279 720 κά,
324 645 660 729 Μετὲορρα,
702 637 972 712 Λιθικά,
1014 636 1327 721 μυστήρια
1352 637 1422 700 δὲ
1465 637 1764 721 διάφορα,
1807 638 1948 719 περὶ

167 755 298 809 τῶν
342 748 590 827 φυτῶν,
633 742 951 824 βοτανῶν,
989 738 1456 824 χωρογραφίας,
1502 746 1806 822 ἶατρικῆς,·
1837 734 1947 801 νό-

165 869 340 927 μων,
419 849 740 906 τελευταῖα
809 841 887 903 τὰ
941 836 1402 962 Ἀργοναυτικᾶ.
1503 837 1810 925 Γεγόνασι
1876 835 1947 901 δὲ

159 948 419 1028 Ὄρφεῖς
463 945 557 1014 ἕξ·
603 950 855 1024 πρῶτον
899 935 1080 1008 οὗτος
1122 940 1377 1020 ἀρχαῖος
1413 939 1662 1018 ποιητὴς
1706 943 1770 1001 ἐκ
1791 939 1960 1001 Asc-³

167 1043 439 1128 βήθρων
483 1050 602 1122 τῆς
650 1039 922 1125 Θρᾴκης,
991 1035 1276 1119 δεύτερος
1330 1044 1659 1107 Κικοναῖος
1714 1042 1779 1100 ἐκ
1831 1043 1949 1100 Βι-

172 1145 425 1213 σαλτίας
466 1145 727 1207 πενθῶν
771 1141 910 1221 (scr.
953 1138 1094 1221 πρὸ
1117 1140 1284 1214 τῶν)
1325 1143 1622 1219 Τρωικῶν
1670 1137 1780 1199 καὶ
1833 1139 1961 1199 0013—-

168 1246 306 1317 τὸς,
360 1243 517 1337 δςς
548 1240 900 1324 συνέγραψε
979 1235 1402 1319 μυθοποιιαν,
1490 1235 1948 1323 ἐπιγράμματα,

167 1345 423 1425 ὕμνους.
488 1335 727 1423 Τρίτος
762 1335 1092 1421 Ὀδρύσης
1122 1337 1442 1408 ἐποποιίαν
1485 1339 1628 1401 τινὰ
1671 1336 1946 1417 ποιήσας.

177 1445 477 1525 Τέταρτος
541 1436 1050 1522 Κροτωνιάτης,
1089 1438 1184 1513 69
1231 1446 1430 1518 συνῆν
1490 1436 1947 1522 Πεισιστρατῳ,

171 1545 544 1628 συνέγραψε
567 1539 638 1603 δὲ
665 1538 1107 1628 Δεκαετηρίαν,’
1140 1540 1584 1625 Ἀργοναυτικοὶ
1626 1540 1732 1601 καὶ
1775 1542 1947 1601 ἄλλα.

172 1643 467 1724 Πέ-μπτος
509 1645 939 1722 Καμαριναῖος
994 1639 1309 1711 ἐποποιὸς,
1368 1634 1443 1701 οὗ
1489 1659 1645 1721 φασι
1697 1639 1813 1719 τὴν
1867 1644 1950 1708 εἰς

173 1744 332 1825 ᾅδου
376 1740 765 1822 κατάβασιν.
835 1739 1046 1809 Ἕκτος
1089 1738 1380 1820 βασιλεὺς
1411 1743 1704 1822 Θρᾳκῶν,
1751 1741 1843 1821 ἐφ’
1877 1734 1959 1800 οὗ

166 1840 493 1925 Ἀμαζόνες
558 1838 853 1923 Φρυγίαν
929 1834 1440 1923 ἐδασμολόγησαν
1504 1858 1565 1918 p.
1629 1838 1729 1897 99.
1835 1837 1953 1897 His

174 1941 683 2017 chronologorum
728 1938 1001 1996 artificiis
1024 1938 1261 2018 primus
1297 1936 1407 1995 sed
1440 1936 1783 1998 modestius
1809 1956 1955 1997 usus

174 2052 270 2103 est
310 2038 672 2109 Herodorus
706 2037 914 2098 Schol.
941 2036 1150 2118 Apoll.
1194 2039 1240 2097 I.
1286 2037 1386 2097 23.
1423 2037 1780 2123 Ἠρόὸωρός
1804 2060 1958 2123 φησι

175 2139 294 2206 δύο
337 2140 660 2227 γεγονέναι
695 2140 954 2222 Ὄρφεῖς
968 2184 989 2212 ,
1037 2134 1128 2202 ὧν
1163 2138 1284 2211 ’τὸν
1328 2140 1538 2221 ἕτερον
1574 2145 1960 2219 συμπλεῦσαι

178 2248 308 2311 τοῖς
345 2238 802 2326 Αργοναύταις.
887 2228 1250 2296 EustathiuS
1292 2256 1354 2319 Ρ.
1403 2235 1542 2297 159.
1589 2237 1686 2297 10.
1742 2239 1801 2300 οἱ
1841 2259 1961 2300 πα-

185 2341 348 2404 λαιοὶ
389 2337 507 2403 δύο
552 2339 711 2422 φασὶ
751 2339 1048 2424 γενέσθαι
1082 2338 1359 2421 Ὄρφεας
1399 2337 1699 2414 Κίκονας,
1746 2333 1837 2401 ὧν
1880 2336 1962 2433 εἷς

182 2443 216 2505 ὃ
261 2448 375 2504 τοῦ
428 2437 704 2526 Οἰάγρου
748 2446 954 2520 πολλῷ
997 2440 1469 2525 προγενεστερος
1517 2463 1630 2502 του
1675 2438 1961 2519 υστερου,

185 2568 268 2612 ως
313 2539 494 2603 αυτοί
532 2560 729 2622 φασιν
783 2538 1002 2602 ε’νὸεκα
1058 2545 1313 2623 γενεαῖς.
1399 2528 1741 2599 Numerum
1786 2546 1967 2616 auget

182 2641 474 2710 Hermias
516 2640 582 2698 in
607 2636 864 2697 Phaedr.
908 2659 969 2719 Ρ.
999 2637 1136 2699 109.
1183 2639 1216 2700 ὃ
1261 2629 1695 2727 Τριςμεῖγιστος
1733 2640 1967 2725 λέγεται

185 2739 507 2810 πλεονάκις
550 2736 929 2822 ἐπιδημήσας
971 2746 1046 2819 τῇ
1077 2736 1381 2824 Αἰγύπτῳ
1425 2744 1652 2804 ἑαυτοῦ
1699 2743 1966 2823 ἅνεμνῆ-

191 2846 346 2904 σθαι
389 2841 528 2922 (scr.
572 2841 961 2921 ἅναμνῆσαι)
1018 2838 1124 2900 καὶ
1177 2839 1392 2923 τρίτον
1446 2845 1782 2921 κεκλῆσθαι
1815 2839 1967 2921 ,Ἑρ-

192 2948 336 3022 μῆς·
407 2939 514 3002 καὶ
567 2944 731 3022 τρεῖς
788 2937 858 3001 δὲ
912 2938 1197 3025 λέγονται
1245 2943 1503 3025 Ὄρφεῒς
1562 2941 1731 3023 παρὰ
1781 2940 1972 3022 Θρᾳξὶ

192 3040 514 3124 γενέσθαι·
561 3038 661 3116 (cf.
708 3037 862 3097 Gale
906 3037 985 3098 de
1029 3037 1247 3116 Sibyll.
1290 3060 1351 3119 p.
1395 3040 1521 3118 21.)
1611 3039 1742 3101 Sed·
1776 3040 1843 3100 hi
1867 3038 1970 3098 Bi-

194 3138 359 3198 saltii
417 3147 478 3197 et
522 3137 775 3215 Odrysii
819 3137 1052 3219 Orphei
1106 3141 1346 3202 inventi
1400 3150 1543 3200 sunt
1595 3140 1674 3200 ad
1721 3159 1969 3222 eo-mpo

192 3235 399 3297 nenda
439 3247 720 3300 veterum
780 3239 1149 3318 scriptorum
1205 3238 1491 3315 dissidia,
1560 3260 1819 3329 quorum
1864 3241 1972 3299 alii

199 3337 518 3419 Orpheum
578 3336 848 3399 Aristaei
908 3340 1225 3420 aequalem
1281 3339 1543 3416 faciunt,
1612 3342 1721 3403 alii
1780 3339 1972 3417 Argo-
