2158 3848
214 182 341 243 634
718 193 958 238 LIBER
999 194 1431 239 SECUNDUS.

486 320 610 374 Ἀλλ’
648 320 733 374 εἴτ’
773 320 984 376 ἔνυπνον
1019 319 1298 393 φάντασμα
1334 326 1475 395 φοβῇ

484 407 708 473 χθονίας
741 407 796 460 θ’
827 405 1042 475 Ἑκάτης
1077 411 1248 473 κῶμον
1285 406 1436 470 ἐδέξω
1459 410 1519 474 [q]

209 522 324 601 τὴν
364 519 813 602 περιμάκτριαν
856 519 1024 582 κάλει
1065 527 1268 604 γραῦν
1309 522 1414 584 καὶ
1454 519 1765 603 βάπτισον
1795 543 1978 586 σεαυ-

206 621 320 683 τὸν
374 626 456 689 εἰς
510 618 846 682 θάλασσαν
900 619 1006 680 καὶ
1059 618 1328 689 καθίσας
1382 623 1448 684 ἐν
1502 629 1578 700 τῇ
1630 631 1710 706 γῇ
1766 623 1978 704 διημέ-

208 740 433 803 ρευσον
451 721 539 795 [‘].

376 816 580 889 Quum
641 823 848 875 autem
892 816 1286 875 lustrationes
1331 826 1393 875 et
1433 834 1604 876 sacra
1644 817 1980 896 piacularia

204 918 598 998 potissimum
655 914 735 974 ad
791 917 986 974 animi
1043 914 1422 993 aegritudine
1465 916 1663 976 affecti
1705 917 1980 974 sanatio-

203 1037 344 1078 nem
391 1025 756 1098 spectarent,
800 1026 1273 1076 consentaneum
1320 1024 1470 1090 erat,
1513 1025 1584 1074 ut
1624 1013 1834 1086 iidem,
1877 1015 1982 1092 qui

205 1115 507 1177 lustrandi
561 1134 781 1175 munus
826 1118 1285 1195 profiterentur,
1344 1117 1530 1196 periti
1575 1124 1778 1174 essent
1821 1113 1981 1174 divi-

204 1237 352 1278 nare
409 1234 600 1295 quae
657 1235 888 1276 causa
920 1217 1161 1289 ·mali,
1217 1215 1361 1279 τίνα
1402 1216 1501 1278 δεῖ
1536 1211 1840 1297 μακάρων
1883 1218 1981 1276 ἒκ-

203 1318 605 1398 θυσαμένους
657 1317 859 1397 εὑρεῖν
911 1314 1176 1396 μόχθων
1236 1314 1623 1378 ἀνάπαυλαν.
1710 1311 1810 1372 Ad
1862 1313 1980 1371 hoc

202 1413 642 1477 inveniendum
700 1434 855 1493 quae
920 1416 1094 1491 signa
1152 1414 1410 1486 fuerint,
1467 1414 1980 1493 prudentissimus

202 1514 405 1576 morbi
458 1514 615 1573 sacri
672 1512 1010 1589 aetiologus
1066 1515 1318 1592 exponit
1359 1533 1420 1593 p.
1466 1514 1607 1573 303.
1648 1515 1826 1574 FoeS.
1911 1513 1981 1572 Si

204 1635 402 1694 aeger,
443 1614 661 1693 inquit,
709 1612 1023 1671 balantum
1069 1631 1242 1671 more
1286 1613 1677 1687 vociferatur,
1720 1595 1980 1672 deorum

201 1717 466 1776 Matrem
535 1715 594 1772 ei
647 1713 935 1772 infestam
993 1731 1126 1772 esse
1182 1714 1564 1792 intelligunt,
1619 1716 1674 1774 si
1729 1731 1979 1794 spumas

204 1819 359 1894 agit,
403 1814 620 1873 Martis
662 1814 819 1871 iram
866 1822 1253 1886 caussantur,
1316 1833 1391 1872 ex
1434 1815 1570 1878 aliis
1614 1813 1980 1894 quibusdam

203 1915 446 1976 indiciis
511 1913 801 1971 Mercurii
856 1911 1050 1971 Vialis
1109 1922 1219 1971 aut
1270 1913 1543 1972 Hecatae
1602 1923 1862 1991 arguunt
1885 1915 1977 1993 [⁸].

202 2017 417 2094 Itaque
460 2012 649 2072 etiam
694 2012 867 2071 Plato
910 2014 977 2070 in
1019 2012 1378 2091 explicando
1405 2005 1711 2093 Apollinis
1754 2012 1979 2074 medici

202 2201 247 2228 s.·
264 2199 310 2239 fv.
339 2182 501 2226 Anecd.
531 2182 668 2224 Bekk.
698 2196 740 2238 p.
771 2181 870 2223 288.
900 2180 1101 2224 Eustath.
1135 2181 1261 2226 1935.
1294 2182 1362 2223 10.
1391 2183 1443 2225 In
1473 2185 1628 2226 ceteris
1658 2186 1752 2226 αἴτε
1782 2199 1840 2227 κα
1870 2183 1978 2226 scri·

204 2243 272 2302 psi
300 2255 379 2300 pro
413 2245 505 2284 αἴτε
536 2238 645 2295 κᾶν,
677 2246 722 2282 et
751 2236 1078 2300 συμπλεχθήσῃ
1107 2255 1186 2297 pro
1218 2242 1575 2298 συμπλεχθεῖσα.
1616 2243 1978 2298 wyttenbachius

203 2303 316 2346 hunc
342 2306 479 2344 totum
509 2300 647 2342 locum
678 2298 733 2341 ad
763 2312 958 2340 numeros
987 2300 1180 2356 poeticos
1207 2313 1415 2343 revocare
1443 2301 1641 2344 laborat!

323 2373 387 2431 [q]
420 2373 624 2427 Aeschyli
669 2387 763 2414 esse
804 2376 930 2428 putat
967 2372 1182 2415 Porsonus
1222 2373 1277 2415 ad
1305 2373 1414 2416 Eur.
1446 2374 1524 2416 Or.
1554 2388 1596 2416 v.
1625 2372 1724 2416 401.
1754 2373 1979 2431 Euripidis

205 2433 489 2475 Ca'saubonus
521 2432 577 2473 ad
606 2432 727 2472 Pers.
760 2431 852 2472 Sat.
885 2431 938 2471 V.
968 2430 1067 2473 466.

324 2503 386 2559 [r]
419 2502 554 2544 Addit
594 2502 749 2544 deinde
791 2501 1123 2561 σαββατισμοὺς
1153 2504 1543 2560 superstitiosorum
1573 2507 1618 2546 et
1646 2499 1890 2559 πηλώσεις,
1923 2503 1976 2546 de

206 2563 369 2621 quibus·
391 2560 615 2603 Reinesius
646 2561 772 2621 Yarr.
804 2561 946 2602 Lectt.
976 2562 1038 2602 ΙΙ.
1068 2562 1135 2602 10.
1164 2562 1264 2604 209.

323 2635 388 2692 [⁸]
423 2648 465 2678 v.
511 2632 738 2683 Comment.
774 2631 934 2674 Dietzii
965 2647 1006 2688 p.
1042 2629 1138 2675 146.
1173 2633 1261 2683 Qui
1290 2633 1485 2689 sequitur
1513 2633 1633 2675 locus
1660 2634 1726 2676 ita
1753 2634 1974 2690 interpun-

203 2693 368 2750 gendus
396 2691 570 2734 videtur
598 2693 868 2749 καθαίρουσι
896 2689 998 2738 τοὺς
1027 2689 1268 2747 ἐχομένους
1295 2694 1347 2749 τῇ
1377 2687 1537 2746 νούσῳ,
1570 2693 1731 2749 αἵμασι
1761 2694 1837 2735 καὶ
1857 2696 1974 2736 τοῖσι

205 2750 380 2796 ἄλλοισι
417 2745 656 2794 τοιούτοισι
693 2745 921 2808 μιάσμασι
961 2750 1146 2804 ἔχοντας
1186 2745 1456 2807 ἀλάστορας,
1499 2748 1526 2803 ἢ
1555 2753 1975 2820 πεφαρμαγμένους

204 2817 288 2855 etc.
318 2810 554 2853 Enumerat
582 2807 751 2860 varios,
784 2808 937 2864 quibus
966 2806 1198 2850 nebulones
1226 2807 1292 2850 illi
1320 2808 1384 2850 uti
1413 2808 1576 2860 solent,
1606 2808 1817 2851 lustrandi
1846 2822 1974 2865 prae-

204 2874 377 2922 textus3
419 2871 496 2910 aut
537 2865 647 2908 enim
677 2879 796 2918 eum,
839 2866 914 2922 qui
942 2865 1023 2907 hoc
1052 2866 1198 2908 morbo
1230 2870 1453 2923 correptus
1483 2871 1573 2919 est,
1608 2866 1770 2910 inimici
1800 2868 1856 2910 ab
1886 2882 1970 2909 uno

205 2928 350 2984 aliquo
389 2927 596 2982 majorum
636 2939 713 2967 seu
749 2924 794 2966 vi
835 2939 910 2967 seu
952 2937 1114 2966 veneno
1156 2925 1348 2982 (αἵματα
1389 2927 1466 2969 καὶ
1503 2927 1684 2969 τοιαῦτα
1750 2922 1973 2984 ιάσματα)

206 2985 388 3044 peremti
428 2984 554 3028 furiis
596 2983 757 3039 agitari
785 2988 861 3026 aut
889 2983 1087 3025 devotum
1117 2997 1210 3025 esse
1240 2989 1315 3026 aut
1342 2985 1607 3041 propriorum
1636 2942 1840 3028 scessrum
1870 2999 1970 3027 con-

206 3044 390 3087 scientia
428 3042 628 3085 laborare
666 3042 826 3084 dicunt.
885 3042 949 3084 Ac
977 3054 1031 3084 ne
1059 3055 1258 3097 sagarum
1289 3043 1492 3085 miracula
1520 3058 1547 3086 a
1576 3043 1714 3098 poetis
1743 3043 1848 3086 ficta
1877 3057 1971 3085 cre-

206 3103 308 3154 das,
351 3101 504 3145 addam
542 3101 765 3156 superiora
803 3101 938 3144 verba
965 3113 1008 3155 p.
1038 3099 1138 3143 302.
1172 3103 1379 3159 χειμῶνα
1409 3103 1485 3145 καὶ
1514 3100 1667 3156 εὖδίην
1694 3105 1867 3147 ποιέειν
1895 3103 1972 3145 καὶ
2046 3113 2049 3116 ’

207 3157 404 3220 ὄμβρους
442 3160 518 3203 καὶ
561 3157 762 3218 αὐχμοὺς
799 3160 877 3202 καὶ
913 3157 1150 3202 θάλασσαν
1191 3156 1371 3219 ἄφορον
1412 3162 1489 3204 καὶ
1527 3162 1614 3217 γῆν
1642 3162 1720 3203 καὶ
1749 3155 1888 3203 τᾶλλα
1917 3158 1971 3202 τὰ

206 3213 528 3275 τοιουτότροπα
578 3216 727 3261 πάντα
780 3217 1065 3275 ἐπιδέχονται
1103 3219 1390 3262 ἐπίστασθαι.
1433 3218 1506 3261 ubi
1545 3219 1757 3261 excidisse
1801 3218 1971 3261 videtur

209 3274 387 3337 ἄπορον
429 3282 475 3319 et
517 3275 652 3319 simile
692 3272 873 3335 ἄφορον
910 3277 1047 3320 locum
1089 3291 1323 3335 occupasse
1369 3277 1572 3320 alienum:
1617 3279 1692 3320 καὶ
1733 3274 1971 3321 θάλασσαν

211 3332 384 3394 ἄπορον
416 3336 492 3378 καὶ
521 3336 608 3390 γῆν
639 3331 820 3395 ἄφορον
850 3339 1032 3384 ποιέειν.
