2158 3848
223 196 347 257 242
750 203 989 247 LIBER
1033 202 1466 248 SECUNDUS.

398 334 822 415 Complurium
897 350 1211 392 sacrorum
1286 339 1600 391 auctorem
1672 330 1820 389 ferri
1892 327 2005 388 01-

152 439 155 444 ’
229 438 456 519 pheum
497 436 834 496 Pausanias
889 431 1080 491 tradit
1130 430 1240 490 sed
1292 433 1383 491 ita
1435 440 1506 491 ut
1563 439 1671 490 aut
1721 447 1848 489 non
1900 427 2010 488 ad-

228 539 526 622 sentiatur
568 532 1011 595 affirmantibus
1056 540 1164 589 aut
1206 533 1395 592 etiam
1430 540 1641 612 aperte
1682 537 2007 610 repugnet:

136 660 141 664 “
228 634 748 718 Λακεδαιμονίοις
802 631 931 693 ἐστὶ
986 631 1138 699 ναὸς
1179 630 1382 715 Κόρης
1427 631 1780 714 Σωτείρας,
1834 635 2010 706 ποιῆ-

231 762 335 802 σαι
379 736 446 798 δὲ
490 735 604 797 τὸν
652 738 865 815 Θρᾷκα
901 731 1138 812 Ὀρφέα
1181 730 1500 814 λέγουσιν,
1546 734 1605 795 οἱ
1646 729 1716 794 δὲ
1746 732 2010 812 ’Ἀβαριν

227 838 331 895 ΙΙΙ.
383 834 477 894 13.
534 831 836 915 Δήμητρα
883 827 1163 909 χθονίαν
1205 829 1695 912 Λακεδαιμόνιοι
1751 829 1868 911 μὲν
1915 823 2012 890 σέ-

225 939 364 1017 βειν
421 934 579 1015 φασὶ
633 928 1030 1015 παραδόντος
1087 928 1304 1011 σφίσιν
1353 931 1656 1013 Ὀρφέως·
1705 928 1887 1009 -δόξῃ
1942 926 2012 990 δὲ

228 1040 341 1116 ἐμῇ
386 1035 492 1096 διὰ
535 1033 607 1095 τὸ
655 1032 823 1117 ἱερὸν
864 1030 936 1092 τὸ
980 1032 1050 1093 ἐν
1086 1027 1377 1112 Ἑρμιόνῃ
1420 1031 1678 1108 κατέστη
1718 1029 1825 1091 καὶ
1866 1026 2015 1090 τού-

226 1160 355 1203 τοις
403 1133 682 1213 χθονίαν
738 1131 1016 1214 νομίζειν
1058 1128 1360 1213 Δήμητρα
1413 1128 1496 1188 ib.
1556 1148 1605 1187 c.
1655 1127 1751 1191 14.
1846 1134 2014 1191 Θεῶν

229 1235 563 1318 Αἰγινῆται
621 1240 888 1315 τιμῶσιν
943 1227 1201 1309 Ἑκάτην
1269 1228 1539 1312 μάλιστα
1609 1229 1715 1291 καὶ
1770 1222 2015 1306 τελετὴν

231 1338 496 1419 ἄγουσιν
541 1333 666 1397 ἀνὰ
708 1340 840 1395 πᾶν
886 1333 1018 1399 ἔτος
1054 1327 1339 1409 Ἑκάτης,
1391 1331 1624 1414 Ὀρφέα
1669 1347 1845 1411 σφισι
1902 1350 2015 1388 κα-

228 1432 667 1513 ταστήσασθαι
707 1432 825 1510 τὴν
868 1430 1116 1508 τελετὴν
1162 1432 1438 1516 λέγοντες
1481 1431 1557 1490 Π.
1603 1430 1703 1489 30.
1789 1427 1888 1486 De
1918 1424 2015 1484 his

229 1534 498 1611 loquitur
543 1531 838 1608 Origenes
883 1550 931 1589 c.
978 1527 1135 1588 Cels.
1179 1529 1282 1588 VI.
1328 1531 1472 1591 290.
1530 1531 1605 1592 οὗ
1649 1529 1823 1591 δοκεῖ
1871 1527 2013 1608 παρ’

216 1634 502 1711 Ἕλλησιν
557 1632 716 1694 εἶναι
774 1629 1053 1712 ἐξαίρετα
1106 1630 1185 1691 τοὶ
1241 1638 1356 1693 τοῦ
1413 1629 1653 1713 Μίθρα
1706 1626 1877 1710 παρὰ
1935 1624 2018 1686 τοὶ

223 1732 561 1795 Ἐλευσίνια
596 1730 637 1809 ἢ
678 1731 759 1793 τὰ
796 1728 1273 1813 παραδιδόμενα
1295 1736 1426 1801 τοῖς
1464 1735 1532 1795 ἐν
1554 1728 1786 1816 Αἰγίνῃ
1817 1748 2018 1808 μυου-

229 1833 463 1913 μένοις·
531 1831 607 1889 de
653 1840 1011 1907 argumento
1057 1832 1160 1911 (ne
1204 1832 1340 1910 quis
1398 1849 1437 1889 a
1479 1849 1584 1890 me
1625 1825 2018 1910 praetermis-

231 1949 369 1991 sum
424 1929 716 2006 miretur)
771 1930 927 1989 nihil
989 1938 1255 2005 constat3
1322 1930 1434 1990 sed
1489 1930 1772 1989 lustralia
1828 1927 2019 1986 fuisse
2132 1935 2136 1945 ’

230 2032 380 2091 haec
436 2049 611 2090 sacra
665 2048 860 2111 eoque
903 2029 1237 2089 Eleusiniis
1293 2028 1620 2090 dissimilia
1661 2028 2022 2106 intelligitur

234 2150 310 2190 ex
351 2118 784 2210 Aristophanis
828 2129 1015 2211 Vesp.
1066 2129 1206 2190 122.
1267 2130 1377 2190 ubi
1421 2131 1764 2203 Philocleo,
1825 2138 1897 2187 ut
1941 2124 2019 2185 ab

231 2232 473 2291 insania
525 2230 921 2316 liberaretur,
987 2231 1259 2309 primum
1305 2230 1761 2308 Corybantibus
1814 2228 2021 2288 initia-

233 2340 362 2403 tuS,
406 2340 551 2409 post
593 2330 892 2408 Aeginam
938 2328 1235 2390 deductus
1278 2331 1517 2391 dicitur.
1603 2331 1854 2391 Lucian.
1897 2325 2020 2388 Na-

200 2423 354 2506 'vig.
411 2428 610 2508 §.15.
677 2449 737 2507 p.
787 2430 946 2488 168.·
987 2429 1055 2488 Τ.
1099 2430 1262 2490 VIII.
1326 2441 1578 2515 πρῶτον
1632 2435 1691 2500 ἐς
1745 2434 2020 2514 Αἴγιναν
2066 2429 2143 2532 ,ζ’

237 2530 333 2592 ἐπὶ
386 2529 502 2608 τὴν
570 2536 678 2607 τῆς
731 2528 1009 2598 Ἐνοδίας
1065 2531 1310 2609 τελετὴν
1372 2529 1844 2614 διεπλεύσαμεν·
1913 2527 2022 2588 ubi

235 2627 453 2711 πρεόην
496 2627 839 2706 legendum.
927 2626 986 2686 A
1029 2626 1291 2688 Libanio
1339 2629 1441 2688 Or.
1495 2649 1556 2708 p.
1600 2626 1913 2710 Aristoph.
1957 2646 2019 2708 p.

236 2728 380 2789 426.
432 2726 737 2791 laudatur
821 2726 1163 2790 Menander
1237 2729 1486 2809 quidam
1559 2729 1735 2812 φίλος
1803 2727 2022 2809 Ἑκάτῃ
2102 2708 2148 2773 .³³

237 2831 438 2893 πλέων
478 2827 597 2912 μὲν
654 2833 738 2898 εἰς
779 2832 1054 2913 Αἴγιναν
1097 2828 1253 2913 ὑπὲρ
1307 2837 1437 2893 τῶν
1493 2829 1721 2909 ἐκείνης
1765 2829 2020 2916 ὀργίων,
2061 2896 2065 2899 μ

238 2935 579 3012 κορυφαῖος
624 2928 716 2992 ὢν
758 2936 872 2990 τοῦ
915 2926 1169 2992 θιάσου.

407 3027 540 3087 VH.
629 3026 937 3101 Quantam
982 3027 1264 3110 Orpheus
1310 3030 1461 3088 artis
1509 3027 1786 3089 medicae
1829 3029 2021 3087 scien·
2094 3097 2101 3107 ι

240 3128 392 3186 tiam
432 3127 747 3204 habuerit,
795 3127 1063 3187 ostendit
1087 3126 1275 3188 Chori
1320 3131 1517 3189 oratio
1549 3129 1696 3188 Eur.
1717 3128 1848 3189 Alc.
1877 3127 2018 3187 976.

239 3225 755 3288 medicamentum
792 3231 1141 3309 expetentis
1183 3233 1249 3290 in
1292 3229 1517 3289 tabulis
1562 3229 1840 3290 Thraciis
1881 3245 2021 3306 per-

240 3328 563 3407 scriptum,
630 3329 741 3399 τὰς
792 3331 1062 3414 Ὀρφέως
1114 3333 1461 3415 κατέγραψε
1519 3338 1729 3414 γῆρυς.
1827 3326 2017 3385 Musi-
