2158 3848
228 194 352 254 330
764 204 1002 248 meua
1045 204 1474 249 SECUNDUS.

224 336 453 397 nedum
498 348 863 415 expressam
907 334 1174 413 speciem
1220 335 1385 392 cerni
1425 332 1537 393 sed
1577 333 1724 394 inde
1767 334 1847 394 ab
1876 333 2002 392 He-

222 436 404 498 sindi‘
441 444 505 496 et
558 435 1009 495 aemulatorum
1054 433 1435 513 temporibus
1480 444 1642 494 artes
1686 442 1749 493 et
1793 444 2004 511 super-

222 537 534 609 stitiones,
591 534 812 614 quibus
857 534 966 592 illa
1020 541 1287 607 scatent,
1343 553 1759 608 succrescere3.
1799 534 2002 612 sequi-

221 648 321 697 tur
362 646 465 708 ut,
511 635 848 694 carminum
892 634 1024 710 ejus
1068 631 1236 691 fama
1271 633 1517 712 quando
1563 636 1837 714 primum
1880 651 2005 691 ser-

218 757 368 820 pere
423 734 724 813 coeperit‚
787 749 999 790 eruere
1057 745 1366 792 conemur.
1452 734 1544 794 Ac
1588 734 1819 794 Suidae
1873 733 2004 812 qui-

220 837 366 896 dem
407 833 862 894 testimonium:
909 830 1265 915 Φερεκύδης
1294 835 1630 913 ’Ἀθηναῖος
1664 831 2021 918 πρεσβύπε-.

159 933 163 936 ⁴
219 961 327 1016 ρος
367 941 481 998 τοῦ
510 933 786 1016 Συρίου,
832 933 910 996 ὃν
954 931 1134 1018 λόγος
1176 933 1256 995 τὰ
1279 933 1561 1016 Ὀρφικὰ
1602 938 2004 1021 συναγαγεῖν,

216 1050 415 1116 neque
457 1043 774 1094 auctorem
820 1034 1228 1092 certissimum
1271 1033 1458 1092 habet
1481 1049 1680 1114 neque
1719 1052 1834 1093 nos
1880 1051 2004 1091 cer-
2112 1080 2116 1081 γ

218 1138 406 1196 tiores
447 1133 685 1208 reddit,
754 1143 891 1193 uter
934 1133 1316 1210 Pherecydes
1337 1134 1595 1213 orphei
1646 1146 1759 1194 seu
1803 1130 2007 1195 *verba

218 1255 329 1297 seu
371 1236 707 1295 sententias
751 1235 923 1316 (nam
951 1232 1020 1293 id
1043 1248 1288 1314 quoque
1324 1233 1680 1314 ambigitur)
1700 1245 1703 1248 ’
1721 1236 1790 1293 {in
1814 1251 2004 1303 unum

219 1337 559 1415 collegerit3
627 1352 822 1412 eoque
876 1335 1125 1412 gravius
1178 1335 1432 1395 vacillat
1484 1334 1776 1394 Freretii.=
1801 1332 2004 1410 conje-

218 1447 391 1497 ctura
435 1437 524 1495 de
573 1433 804 1494 Cultu
845 1433 1152 1493 Bacchi
1187 1435 1253 1494 in
1296 1434 1555 1493 Memor.
1587 1433 1777 1495 Anam
1811 1433 2003 1492 Paris,

216 1537 399 1596 Inscr.
445 1534 515 1594 Τ.
559 1533 791 1594 XXIII.
832 1553 893 1614 p.
923 1534 1067 1593 268.
1112 1534 1220 1612 qui
1263 1536 1408 1614 quia
1431 1533 1718 1614 Orpheus
1764 1533 1842 1592 de
1877 1533 2000 1592 Eu·-

214 1652 508 1713 rynome,
550 1633 935 1711 Pherecydes
979 1643 1187 1694 autem
1230 1633 1309 1693 de
1349 1634 1676 1714 Ophioneo
1718 1634 2004 1710 Euryno-
2114 1623 2149 1693 4

217 1752 348 1793 mes
389 1733 615 1795 marito
659 1734 950 1813 loquutus
996 1743 1118 1808 est,
1175 1733 1258 1793 id-
1296 1753 1489 1794 unum
1545 1752 1760 1794 eorum
1812 1733 2005 1794 fuisse

217 1843 425 1914 putat,
492 1853 648 1913 quae
691 1834 1098 1915 philosophus
1158 1835 1351 1911 Syrus
1408 1835 1485 1895 ab
1530 1835 1782 1916 Orpheo
1817 1853 2006 1908 ‚acce-

217 1935 385 2014 pisse
429 1933 668 1994 dicitur.
755 1934 921 1996 Huic
961 1935 1323 2015 proximum
1367 1945 1462 1995 est
1491 1936 1659 1994 Ionis
1695 1933 2004 2013 ‚iudicium

220 2036 306 2115 (v.
365 2030 431 2093 C.
475 2033 577 2094 VI.
648 2033 843 2115 §.10
910 2035 1322 2113 Pythagoram
1385 2036 1684 2095 nonnulla
1751 2034 2002 2115 Orpheo

219 2134 550 2211 subjecisse
591 2138 934 2213 arguentis,
996 2154 1344 2216 quanquam
1386 2136 1503 2197 hoc
1544 2135 1714 2196 haud
1765 2134 2002 2195 medio-

220 2237 401 2294 criter
441 2237 786 2295 infirmatur
828 2237 1333 2314 gravissimorum
1379 2246 1699 2296 auctorum
1743 2252 2005 2295 consen-

221 2353 327 2406 su,
394 2336 499 2414 qui
557 2334 838 2396 Samium
894 2337 1073 2395 illum
1140 2337 1296 2421 nihil
1357 2337 1552 2396 literis
1615 2338 2004 2415 consignasse

222 2442 553 2508 testantur3
620 2436 785 2514 quod
842 2446 968 2496 tam
1024 2438 1298 2517 praecise
1351 2436 1655 2496 affirmare
1707 2455 1835 2496 non
1891 2453 2002 2516 po-

221 2535 515 2606 tuissent,
560 2537 809 2594 silonis
856 2518 933 2595 de
973 2536 1524 2616 pseudepigraphis
1561 2536 1867 2616 judicium
1908 2553 2002 2594 ra-

224 2644 360 2693 tum
416 2632 786 2694 habuissent.
887 2634 1013 2694 Sed
1067 2633 1223 2694 illud
1277 2635 1419 2695 hinc
1484 2637 1814 2695 manifesto
1872 2635 2001 2693 elu-
2103 2620 2105 2623 ’

139 2720 144 2726 ’
224 2743 351 2807 cet,
414 2735 545 2811 jam
601 2735 933 2813 antiquitus
990 2737 1263 2794 carmina
1318 2735 1552 2815 Orphei
1605 2736 1854 2794 nomine
1907 2736 2000 2793 in-

225 2835 455 2913 scripta
498 2834 579 2893 ad
603 2834 1039 2912 Pythagoricos
1083 2836 1309 2913 rejecta
1338 2855 1471 2895 esse
1514 2845 1821 2907 auctoreS‚
1865 2835 2001 2895 sive

227 2934 305 2993 ob
351 2953 659 2994 summam
688 2937 1126 2995 sententiarum
1157 2934 1652 3010 similitudinem,
1698 2955 1852 3015 quae
1890 2936 1999 2994 ho·
2126 3007 2129 3018 ἱ

228 3031 450 3113 dieque
503 3037 569 3095 in
630 3036 913 3096 omnibus
966 3037 1094 3095 fere
1159 3037 1474 3117 utriusque
1528 3036 1807 3096 familiae
1861 3035 1999 3094 reli-
2021 3062 2040 3091 ι
2110 3026 2114 3031 ’

227 3136 386 3214 quiis
428 3136 816 3215 intelligitur,
882 3138 1015 3198 sive
1059 3138 1202 3217 quia
1256 3156 1323 3196 re
1367 3134 1523 3199 vera
1557 3136 1839 3196 nonnulli
1879 3135 2030 3211 Py-'

229 3236 521 3313 thagorae
562 3237 896 3297 familiares
958 3239 1228 3296 carmina
1281 3255 1394 3296 sua
1436 3236 1685 3317 Orpheo
1728 3236 1999 3314 subjece-

231 3344 374 3394 runt
387 3373 404 3408 ,
461 3337 617 3396 sicut
660 3338 992 3400 Brontinus
1004 3382 1022 3412 ‚
1083 3335 1348 3420 Cercops
1361 3382 1379 3411 ‚
1433 3338 1662 3418 aliique
1715 3346 1997 3399 veterum
