2158 3848
190 211 314 268 770
709 214 940 263 mann
984 216 1413 263 SECUNDUS.

188 361 554 432 paternos
611 349 813 408 deos.
909 349 1085 408 ssiam
1149 360 1292 407 vero
1350 357 1643 428 paternae
1697 350 1957 406 necessi:

188 450 416 510 tudinis
469 449 823 527 religionem
883 449 1111 508 Graeci*
1158 461 1282 506 non
1327 449 1527 507 solum
1570 440 1745 511 θεῶν
1787 457 1956 534 γενε-

186 550 389 614 θλίων
453 549 564 610 sed
620 550 806 607 etiam
864 548 1012 617 Διὸς
1065 547 1388 633 γενεθλίου
1446 549 1696 622 nomi-ne
1752 555 1957 606 co'n's'e-

188 657 445 709 crarunt.
490 648 847 708 Plutarchus
894 646 1172 706 Amator.
1216 646 1356 708 XX.
1405 646 1508 707 53.
1555 648 1623 707 Τ.
1669 638 1806 707 ΧΠ.
1851 667 1959 731 γο-

184 752 342 813 νέων
386 749 543 832 ἄρδις
587 749 619 810 ὅ
666 749 995 816 Γενέθλιος
1038 743 1246 810 διώκει
1290 747 1414 809 καῖ’
1436 742 1679 827 μέτὲισι.
1735 747 1960 807 Hiero-

181 866 405 923 nymus
450 848 591 907 adv.
635 846 839 909 Jovin.
884 847 952 905 L.
997 847 1042 904 Ι.
1084 841 1221 906 191.
1270 845 1339 903 T.
1374 844 1477 903 IV.
1520 845 1822 906 Martiana«
1849 848 1962 905 Ri-

185 945 442 1004 dicule
488 944 979 1025 Chrysippus
1025 943 1451 1004 ducendam
1496 955 1809 1004 uxorem
1854 963 1961 1004 sa-

181 1046 439 1125 pienti
498 1026 893 1124 praecipit
946 1063 1036 1102 ne
1093 1043 1365 1104 Jovem
1414 1042 1847 1104 Gamelium
1893 1050 1966 1102 et

184 1145 680 1203 Genethlium
724 1143 1009 1217 violet3
1054 1145 1209 1214 isto
1256 1144 1454 1201 enim
1499 1141 1724 1201 mo‘d‘o
1761 1142 1971 1222 apud·

180 1244 501 1303 Latinos
549 1242 902 1301 ducenda
946 1261 1140 1302 uxor
1182 1255 1332 1301 uon
1378 1244 1561 1315 erit,
1618 1244 1798 1321 quia
1841 1241 1964 1300 Jo-

180 1349 348 1403 vem
394 1360 541 1400 non
585 1341 871 1400 habent
904 1339 1387 1420 Nuptialem3
1433 1345 1552 1421 quo
1588 1341 1779 1400 modo
1816 1342 1964 1400 Por-

179 1443 437 1522 phyrius
483 1442 598 1520 Ep.
645 1440 724 1500 ad
767 1435 1038 1500 Marcell.
1085 1460 1131 1499 c.
1168 1442 1242 1499 II.
1275 1434 1419 1502 282.
1469 1440 1654 1502 Orell.
1701 1428 1866 1499 dicit*
1896 1459 1962 1500 se

179 1543 325 1612 τοὺς
367 1541 729 1628 γενεθλίους
786 1542 976 1609 θεοὺς
1021 1541 1540 1623 ἀπομειλίξασθαι
1555 1587 1577 1614 ,
1624 1539 1788 1620 quod
1834 1551 1964 1599 ma-

179 1643 536 1702 trimonium
581 1644 738 1701 inire
784 1639 1116 1719 defugeret.
1199 1635 1736 1714 Quemadmodum
1779 1641 1965 1718 igitur

178 1740 420 1822 Jupiter
462 1741 810 1822 Hospitalis
854 1741 949 1800 fas
994 1742 1310 1821 hospitum
1355 1749 1593 1814 tuetur,
1643 1741 1787 1819 jura
1831 1731 1962 1800 ma·

175 1844 382 1902 ritalia
426 1839 816 1920 Conjugalis',
862 1843 1159 1902 honorem
1206 1843 1420 1901 amicis
1467 1840 1746 1900 debitum
1789 1832 1963 1903 Ami-

177 1943 355 2015 caliS‚
400 1944 486 2002 sic
529 1944 826 2022 pietatem
873 1953 933 2002 et
980 1945 1291 2021 justitiam
1334 1941 1632 2002 adversus
1676 1951 1963 2022 parentes

176 2045 426 2102 nomine
491 2041 667 2103 Jovis
734 2043 1071 2106 Γενεθλίου
1143 2052 1326 2122 atque
1393 2043 1580 2100 etiam
1644 2040 1960 2123 Πατρῴόυ

178 2143 570 2219 designarunt
613 2152 747 2201 tum
794 2144 901 2202 alii
946 2143 1320 2203 Graecorum
1366 2152 1497 2201 tum
1543 2143 1730 2201 etiam
1774 2141 1963 2201 Athe-

175 2244 434 2302 nienses
493 2234 684 2320 Cujus
728 2253 1100 2322 pervagatae
1144 2241 1592 2304 observationis
1635 2228 1979 2302 immemor

178 2343 488 2402 Porsonus
558 2341 640 2402 ad
708 2342 874 2402 Med.
935 2338 1116 2404 1314.
1171 2345 1332 2404 hunc
1385 2341 1607 2404 Jovem
1665 2343 1975 2403 Patro'uin'

177 2442 462 2501 omnibus
518 2443 755 2503 viribus
786 2445 1057 2507 ,Atticae
1099 2444 1322 2504 finibus
1368 2446 1778 2504 exterminare
1818 2432 1962 2502 niti-

103 2564 105 2567 *
176 2543 305 2614 tur,
363 2541 749 2602 Scholiasten
791 2543 1259 2626 Aristophanis,
1320 2547 1423 2623 qui
1468 2545 1653 2622 hujus
1691 2532 1961 2614 nominis

175 2659 354 2699 usum
422 2636 924 2702 Atheniensibus
982 2648 1229 2716 asserit,
1326 2645 1631 2720 infringit·
1683 2644 1958 2701 Platonis

61 2784 76 2798 .
176 2742 567 2814 auctoritate,
626 2742 744 2801 hoc
799 2744 1004 2824 ipsum
1063 2747 1343 2821 negantis
1397 2745 1463 2801 i'n
1519 2742 1790 2819 Euthyd.
1835 2741 1959 2801 alio

177 2839 423 2918 quidem
491 2842 626 2900 loco
700 2841 924 2902 Jovem
978 2844 1153 2902 illum
1211 2862 1248 2902 a
1306 2843 1561 2902 Platone
1614 2844 1791 2920 Legg.
1848 2841 1956 2901 IX.

69 2988 71 2995 2
174 2939 317 2998 881.
398 2943 705 3001 nominari
793 2943 902 3002 sed
980 2951 1044 3003 in
1119 2943 1354 3020 legibus
1434 2945 1724 3003 nimirum
1804 2943 1956 3000 fictis

172 3038 549 3117 reipublicae
616 3043 794 3100 fictae
871 3045 1293 3123 praescriptis3
1383 3042 1669 3121 Tragicos
1748 3049 1953 3101 autem

176 3140 570 3198 omissionem
661 3144 961 3221 corrigere
1048 3147 1363 3223 cupientes
1453 3143 1573 3206 Δία’
1659 3147 1952 3222 πατρῷον

173 3256 358 3318 saepe
412 3241 766 3317 ingessisse,
856 3247 1112 3323 eamque
1170 3246 1538 3304 sententiam
1600 3254 1695 3301 sat
1748 3240 1954 3299 rheto-

171 3339 291 3397 rice
347 3348 705 3400 exornatam
764 3345 1036 3423 sequitur
1091 3343 1490 3405 Heindorfius
1549 3342 1630 3402 ad
1674 3333 1944 3417 Euthyd.
