<?xml version="1.0" encoding="UTF-8"?>
<!DOCTYPE html PUBLIC "-//W3C//DTD XHTML 1.0 Transitional//EN"
    "http://www.w3.org/TR/xhtml1/DTD/xhtml1-transitional.dtd">
<html xmlns="http://www.w3.org/1999/xhtml" xml:lang="en" lang="en">
 <head>
  <title>
</title>
<meta http-equiv="Content-Type" content="text/html;charset=utf-8" />
  <meta name='ocr-system' content='tesseract 3.04.00' />
  <meta name='ocr-capabilities' content='ocr_page ocr_carea ocr_par ocr_line ocrx_word'/>
</head>
<body>
  <div class='ocr_page' id='page_1' title='image "./aglaophamussived01lobeuoft_0264.png"; bbox 0 0 2158 3848; ppageno 0'>
   <div class='ocr_carea' id='block_1_1' title="bbox 236 176 1479 243">
    <p class='ocr_par' dir='ltr' id='par_1_1' title="bbox 236 176 1479 243">
     <span class='ocr_line' id='line_1_1' title="bbox 236 176 1479 243; baseline -0.002 -6"><span class='ocrx_word' id='word_1_1' title='bbox 236 176 362 237; x_wconf 87' lang='lat'><strong>248</strong></span> <span class='ocrx_word' id='word_1_2' title='bbox 760 189 1007 243; x_wconf 68' lang='lat' dir='ltr'><strong>mena</strong></span> <span class='ocrx_word' id='word_1_3' title='bbox 1050 189 1479 235; x_wconf 75' lang='lat' dir='ltr'>SECUNDUS.</span> 
     </span>
    </p>
   </div>
   <div class='ocr_carea' id='block_1_2' title="bbox 231 318 2025 1504">
    <p class='ocr_par' dir='ltr' id='par_1_2' title="bbox 231 318 2025 1504">
     <span class='ocr_line' id='line_1_2' title="bbox 237 318 2016 399; baseline 0.002 -21"><span class='ocrx_word' id='word_1_4' title='bbox 237 336 451 397; x_wconf 86' lang='lat' dir='ltr'><strong>goram</strong></span> <span class='ocrx_word' id='word_1_5' title='bbox 535 319 997 399; x_wconf 85' lang='lat' dir='ltr'><strong>philosophiam</strong></span> <span class='ocrx_word' id='word_1_6' title='bbox 1087 337 1223 379; x_wconf 89' lang='lat' dir='ltr'><strong>cum</strong></span> <span class='ocrx_word' id='word_1_7' title='bbox 1291 318 1550 378; x_wconf 90' lang='lat' dir='ltr'><strong>deorum</strong></span> <span class='ocrx_word' id='word_1_8' title='bbox 1620 320 2016 382; x_wconf 86' lang='lat' dir='ltr'><strong>colendorum</strong></span> 
     </span>
     <span class='ocr_line' id='line_1_3' title="bbox 241 417 2018 497; baseline 0.002 -20"><span class='ocrx_word' id='word_1_9' title='bbox 241 419 496 478; x_wconf 87' lang='lat' dir='ltr'><strong>scientia</strong></span> <span class='ocrx_word' id='word_1_10' title='bbox 533 419 921 496; x_wconf 85' lang='lat' dir='ltr'><strong>conjunxisse</strong></span> <span class='ocrx_word' id='word_1_11' title='bbox 960 427 1176 478; x_wconf 85' lang='lat' dir='ltr'><strong>auctor</strong></span> <span class='ocrx_word' id='word_1_12' title='bbox 1209 429 1303 479; x_wconf 91' lang='lat' dir='ltr'><strong>est</strong></span> <span class='ocrx_word' id='word_1_13' title='bbox 1328 417 1704 480; x_wconf 86' lang='lat' dir='ltr'><strong>Jamblichus</strong></span> <span class='ocrx_word' id='word_1_14' title='bbox 1729 419 2018 497; x_wconf 87' lang='lat' dir='ltr'><strong>XXVIII.</strong></span> 
     </span>
     <span class='ocr_line' id='line_1_4' title="bbox 242 516 2018 603; baseline 0.002 -26"><span class='ocrx_word' id='word_1_15' title='bbox 242 516 379 577; x_wconf 88' lang='lat'>151.</span> <span class='ocrx_word' id='word_1_16' title='bbox 463 516 535 577; x_wconf 90' lang='lat' dir='ltr'><strong>Id</strong></span> <span class='ocrx_word' id='word_1_17' title='bbox 573 521 679 597; x_wconf 90' lang='lat' dir='ltr'><strong>qui</strong></span> <span class='ocrx_word' id='word_1_18' title='bbox 722 517 1050 590; x_wconf 84' lang='lat' dir='ltr'>tradidere,</span> <span class='ocrx_word' id='word_1_19' title='bbox 1094 537 1244 597; x_wconf 90' lang='lat' dir='ltr'><strong>prae</strong></span> <span class='ocrx_word' id='word_1_20' title='bbox 1289 521 1503 579; x_wconf 88' lang='lat' dir='ltr'><strong>ceteris</strong></span> <span class='ocrx_word' id='word_1_21' title='bbox 1547 523 2018 603; x_wconf 83' lang='lat' dir='ltr'><strong>superstitiones</strong></span> 
     </span>
     <span class='ocr_line' id='line_1_5' title="bbox 240 619 2023 696; baseline 0.002 -20"><span class='ocrx_word' id='word_1_22' title='bbox 240 619 746 677; x_wconf 89' lang='lat' dir='ltr'><strong>castimoniarum</strong></span> <span class='ocrx_word' id='word_1_23' title='bbox 796 626 858 675; x_wconf 94' lang='lat' dir='ltr'><strong>et</strong></span> <span class='ocrx_word' id='word_1_24' title='bbox 900 628 1234 696; x_wconf 89' lang='lat' dir='ltr'><strong>praecepta</strong></span> <span class='ocrx_word' id='word_1_25' title='bbox 1279 622 1373 695; x_wconf 89' lang='lat' dir='ltr'><strong>(ut</strong></span> <span class='ocrx_word' id='word_1_26' title='bbox 1413 619 1607 680; x_wconf 89' lang='lat' dir='ltr'><strong>verbo</strong></span> <span class='ocrx_word' id='word_1_27' title='bbox 1652 630 1791 680; x_wconf 89' lang='lat' dir='ltr'><strong>utar</strong></span> <span class='ocrx_word' id='word_1_28' title='bbox 1835 622 2023 680; x_wconf 90' lang='lat' dir='ltr'><strong>eccle-</strong></span> 
     </span>
     <span class='ocr_line' id='line_1_6' title="bbox 235 716 2024 800; baseline 0.002 -24"><span class='ocrx_word' id='word_1_29' title='bbox 235 719 508 793; x_wconf 90' lang='lat' dir='ltr'><strong>siastico)</strong></span> <span class='ocrx_word' id='word_1_30' title='bbox 568 716 1064 774; x_wconf 88' lang='lat' dir='ltr'><strong>sanctimonialia</strong></span> <span class='ocrx_word' id='word_1_31' title='bbox 1117 720 1469 796; x_wconf 84' lang='lat' dir='ltr'><strong>respexisse</strong></span> <span class='ocrx_word' id='word_1_32' title='bbox 1512 719 1833 794; x_wconf 84' lang='lat' dir='ltr'><strong>videntur,</strong></span> <span class='ocrx_word' id='word_1_33' title='bbox 1891 722 2024 800; x_wconf 92' lang='lat' dir='ltr'><strong>qui-</strong></span> 
     </span>
     <span class='ocr_line' id='line_1_7' title="bbox 234 814 2024 900; baseline 0.002 -25"><span class='ocrx_word' id='word_1_34' title='bbox 234 816 347 875; x_wconf 89' lang='lat' dir='ltr'><strong>bus</strong></span> <span class='ocrx_word' id='word_1_35' title='bbox 393 816 763 891; x_wconf 81' lang='lat' dir='ltr'><strong>Pythagorei</strong></span> <span class='ocrx_word' id='word_1_36' title='bbox 817 834 954 876; x_wconf 88' lang='lat' dir='ltr'><strong>sese</strong></span> <span class='ocrx_word' id='word_1_37' title='bbox 1011 814 1446 877; x_wconf 80' lang='lat' dir='ltr'><strong>devinxerunt.</strong></span> <span class='ocrx_word' id='word_1_38' title='bbox 1531 818 1774 879; x_wconf 89' lang='lat' dir='ltr'><strong>Horum</strong></span> <span class='ocrx_word' id='word_1_39' title='bbox 1831 821 2024 900; x_wconf 61' lang='lat' dir='ltr'><strong>pluri-</strong></span> 
     </span>
     <span class='ocr_line' id='line_1_8' title="bbox 232 913 2022 995; baseline 0.002 -21"><span class='ocrx_word' id='word_1_40' title='bbox 232 934 336 975; x_wconf 89' lang='lat' dir='ltr'><strong>ma</strong></span> <span class='ocrx_word' id='word_1_41' title='bbox 381 925 442 973; x_wconf 91' lang='lat' dir='ltr'><strong>et</strong></span> <span class='ocrx_word' id='word_1_42' title='bbox 486 913 769 995; x_wconf 89' lang='lat' dir='ltr'><strong>Orphicis</strong></span> <span class='ocrx_word' id='word_1_43' title='bbox 813 915 1131 975; x_wconf 89' lang='lat' dir='ltr'><strong>simillima</strong></span> <span class='ocrx_word' id='word_1_44' title='bbox 1176 917 1352 976; x_wconf 90' lang='lat' dir='ltr'><strong>affert</strong></span> <span class='ocrx_word' id='word_1_45' title='bbox 1385 916 1696 995; x_wconf 83' lang='lat' dir='ltr'><strong>Diogenes</strong></span> <span class='ocrx_word' id='word_1_46' title='bbox 1725 918 1832 978; x_wconf 89' lang='lat' dir='ltr'><strong>La.</strong></span> <span class='ocrx_word' id='word_1_47' title='bbox 1859 918 2022 978; x_wconf 88' lang='lat' dir='ltr'><strong>VIII.</strong></span> 
     </span>
     <span class='ocr_line' id='line_1_9' title="bbox 234 1015 2024 1103; baseline 0.004 -28"><span class='ocrx_word' id='word_1_48' title='bbox 234 1015 334 1075; x_wconf 84' lang='lat'><strong>33.</strong></span> <span class='ocrx_word' id='word_1_49' title='bbox 379 1015 525 1084; x_wconf 79' lang='grc' dir='ltr'><strong>τούς</strong></span> <span class='ocrx_word' id='word_1_50' title='bbox 567 1016 760 1085; x_wconf 77' lang='grc' dir='ltr'><em>θεοὺς</em></span> <span class='ocrx_word' id='word_1_51' title='bbox 801 1024 994 1098; x_wconf 79' lang='grc' dir='ltr'><em>τιμᾷν</em></span> <span class='ocrx_word' id='word_1_52' title='bbox 1038 1015 1446 1102; x_wconf 73' lang='grc' dir='ltr'><em>ἁγνεύοντας·</em></span> <span class='ocrx_word' id='word_1_53' title='bbox 1490 1018 1607 1098; x_wconf 87' lang='grc' dir='ltr'><em>τὴν</em></span> <span class='ocrx_word' id='word_1_54' title='bbox 1651 1017 1720 1081; x_wconf 73' lang='grc' dir='ltr'><strong>δὲ</strong></span> <span class='ocrx_word' id='word_1_55' title='bbox 1766 1018 2024 1103; x_wconf 75' lang='grc' dir='ltr'><em>ἁγνείαν</em></span> 
     </span>
     <span class='ocr_line' id='line_1_10' title="bbox 231 1115 2024 1201; baseline 0.003 -25"><span class='ocrx_word' id='word_1_56' title='bbox 231 1117 390 1178; x_wconf 83' lang='grc' dir='ltr'><em>εἶναι</em></span> <span class='ocrx_word' id='word_1_57' title='bbox 432 1115 554 1177; x_wconf 70' lang='grc' dir='ltr'><strong>διὰ.</strong></span> <span class='ocrx_word' id='word_1_58' title='bbox 585 1120 944 1200; x_wconf 74' lang='grc' dir='ltr'><em>καθαρμῶν</em></span> <span class='ocrx_word' id='word_1_59' title='bbox 986 1116 1093 1178; x_wconf 80' lang='grc' dir='ltr'><strong>καὶ</strong></span> <span class='ocrx_word' id='word_1_60' title='bbox 1135 1125 1419 1201; x_wconf 79' lang='grc' dir='ltr'><em>λουτρῶν</em></span> <span class='ocrx_word' id='word_1_61' title='bbox 1461 1118 1567 1180; x_wconf 80' lang='grc' dir='ltr'><strong>καὶ</strong></span> <span class='ocrx_word' id='word_1_62' title='bbox 1620 1122 2024 1200; x_wconf 67' lang='grc' dir='ltr'><em>περιρραντη-</em></span> 
     </span>
     <span class='ocr_line' id='line_1_11' title="bbox 233 1215 2024 1301; baseline 0.002 -24"><span class='ocrx_word' id='word_1_63' title='bbox 233 1215 390 1297; x_wconf 88' lang='grc' dir='ltr'><em>ρίων</em></span> <span class='ocrx_word' id='word_1_64' title='bbox 444 1215 550 1278; x_wconf 75' lang='grc' dir='ltr'><em>’καὶ</em></span> <span class='ocrx_word' id='word_1_65' title='bbox 602 1216 708 1278; x_wconf 70' lang='grc' dir='ltr'><strong>διὰ</strong></span> <span class='ocrx_word' id='word_1_66' title='bbox 766 1225 882 1279; x_wconf 86' lang='grc' dir='ltr'><strong>τοῦ</strong></span> <span class='ocrx_word' id='word_1_67' title='bbox 942 1216 1140 1279; x_wconf 76' lang='grc' dir='ltr'><em>αὐτὸν</em></span> <span class='ocrx_word' id='word_1_68' title='bbox 1194 1217 1577 1301; x_wconf 73' lang='grc' dir='ltr'><em>καθαρεύειν</em></span> <span class='ocrx_word' id='word_1_69' title='bbox 1634 1217 1757 1281; x_wconf 78' lang='grc' dir='ltr'><strong>ἇπό</strong></span> <span class='ocrx_word' id='word_1_70' title='bbox 1804 1243 1870 1280; x_wconf 85' lang='grc' dir='ltr'><strong>τε</strong></span> <span class='ocrx_word' id='word_1_71' title='bbox 1914 1217 2024 1298; x_wconf 84' lang='grc' dir='ltr'><strong>κή-</strong></span> 
     </span>
     <span class='ocr_line' id='line_1_12' title="bbox 231 1316 2024 1399; baseline 0.001 -21"><span class='ocrx_word' id='word_1_72' title='bbox 231 1316 383 1385; x_wconf 71' lang='grc' dir='ltr'><em>δους</em></span> <span class='ocrx_word' id='word_1_73' title='bbox 425 1316 532 1378; x_wconf 79' lang='grc' dir='ltr'><strong>καὶ</strong></span> <span class='ocrx_word' id='word_1_74' title='bbox 576 1323 788 1395; x_wconf 83' lang='grc' dir='ltr'><em>λεχοῦς</em></span> <span class='ocrx_word' id='word_1_75' title='bbox 831 1316 937 1378; x_wconf 79' lang='grc' dir='ltr'><strong>καὶ</strong></span> <span class='ocrx_word' id='word_1_76' title='bbox 978 1316 1357 1399; x_wconf 80' lang='grc' dir='ltr'><em>μιασμάτων</em></span> <span class='ocrx_word' id='word_1_77' title='bbox 1399 1316 1689 1391; x_wconf 80' lang='grc' dir='ltr'><em>πάντων,</em></span> <span class='ocrx_word' id='word_1_78' title='bbox 1758 1318 1864 1381; x_wconf 81' lang='grc' dir='ltr'><strong>καὶ</strong></span> <span class='ocrx_word' id='word_1_79' title='bbox 1909 1320 2024 1381; x_wconf 79' lang='grc' dir='ltr'><strong>ἅπ-</strong></span> 
     </span>
     <span class='ocr_line' id='line_1_13' title="bbox 232 1416 2025 1504; baseline 0.003 -28"><span class='ocrx_word' id='word_1_80' title='bbox 232 1417 487 1494; x_wconf 83' lang='grc' dir='ltr'><em>εχεσθαι</em></span> <span class='ocrx_word' id='word_1_81' title='bbox 530 1418 803 1498; x_wconf 79' lang='grc' dir='ltr'><em>βρωτῶν</em></span> <span class='ocrx_word' id='word_1_82' title='bbox 825 1416 1211 1494; x_wconf 73' lang='grc' dir='ltr'><em>θνησειδίων</em></span> <span class='ocrx_word' id='word_1_83' title='bbox 1251 1443 1317 1481; x_wconf 81' lang='grc' dir='ltr'><strong>τε</strong></span> <span class='ocrx_word' id='word_1_84' title='bbox 1360 1426 1563 1501; x_wconf 81' lang='grc' dir='ltr'><em>κρεῶν</em></span> <span class='ocrx_word' id='word_1_85' title='bbox 1587 1417 1710 1480; x_wconf 83' lang='grc' dir='ltr'><strong>καὶ</strong></span> <span class='ocrx_word' id='word_1_86' title='bbox 1750 1425 2025 1504; x_wconf 78' lang='grc' dir='ltr'><em>τριγλῶν</em></span> 
     </span>
    </p>
   </div>
   <div class='ocr_carea' id='block_1_3' title="bbox 230 1512 2118 1601">
    <p class='ocr_par' dir='ltr' id='par_1_3' title="bbox 230 1512 2118 1601">
     <span class='ocr_line' id='line_1_14' title="bbox 230 1512 2118 1601; baseline 0.002 -25"><span class='ocrx_word' id='word_1_87' title='bbox 230 1516 336 1576; x_wconf 79' lang='grc' dir='ltr'><strong>καὶ</strong></span> <span class='ocrx_word' id='word_1_88' title='bbox 376 1512 785 1597; x_wconf 81' lang='grc' dir='ltr'><em>μελανούρων</em></span> <span class='ocrx_word' id='word_1_89' title='bbox 839 1515 946 1577; x_wconf 77' lang='grc' dir='ltr'><strong>καὶ</strong></span> <span class='ocrx_word' id='word_1_90' title='bbox 1003 1515 1296 1581; x_wconf 83' lang='grc' dir='ltr'><em>ῶοτόκων</em></span> <span class='ocrx_word' id='word_1_91' title='bbox 1341 1517 1522 1593; x_wconf 78' lang='grc' dir='ltr'><em>ζώων</em></span> <span class='ocrx_word' id='word_1_92' title='bbox 1577 1542 1713 1580; x_wconf 81' lang='grc' dir='ltr'><strong>και</strong></span> <span class='ocrx_word' id='word_1_93' title='bbox 1714 1526 1868 1581; x_wconf 89' lang='grc' dir='ltr'><em>τῶν</em></span> <span class='ocrx_word' id='word_1_94' title='bbox 1911 1520 2025 1580; x_wconf 81' lang='grc' dir='ltr'><strong>ἄλ-</strong></span> <span class='ocrx_word' id='word_1_95' title='bbox 2115 1598 2118 1601; x_wconf 16' lang='grc' dir='ltr'><strong>Δ</strong></span> 
     </span>
    </p>
   </div>
   <div class='ocr_carea' id='block_1_4' title="bbox 227 1610 2028 3294">
    <p class='ocr_par' dir='ltr' id='par_1_4' title="bbox 227 1610 2028 3294">
     <span class='ocr_line' id='line_1_15' title="bbox 231 1610 2026 1696; baseline 0.004 -21"><span class='ocrx_word' id='word_1_96' title='bbox 231 1623 401 1688; x_wconf 81' lang='grc' dir='ltr'><em>λων,</em></span> <span class='ocrx_word' id='word_1_97' title='bbox 425 1610 517 1678; x_wconf 79' lang='grc' dir='ltr'><em>ῶν</em></span> <span class='ocrx_word' id='word_1_98' title='bbox 550 1613 1076 1696; x_wconf 79' lang='grc' dir='ltr'><em>παρακελεύονται</em></span> <span class='ocrx_word' id='word_1_99' title='bbox 1118 1618 1247 1679; x_wconf 76' lang='grc' dir='ltr'><em>ναὶ</em></span> <span class='ocrx_word' id='word_1_100' title='bbox 1292 1620 1364 1680; x_wconf 84' lang='grc' dir='ltr'><strong>οἱ</strong></span> <span class='ocrx_word' id='word_1_101' title='bbox 1404 1618 1544 1687; x_wconf 77' lang='grc' dir='ltr'><strong>τὰς</strong></span> <span class='ocrx_word' id='word_1_102' title='bbox 1583 1618 1902 1687; x_wconf 78' lang='grc' dir='ltr'><em>τελετὰς</em></span> <span class='ocrx_word' id='word_1_103' title='bbox 1945 1622 2026 1682; x_wconf 90' lang='grc' dir='ltr'><em>εν</em></span> 
     </span>
     <span class='ocr_line' id='line_1_16' title="bbox 228 1715 2026 1797; baseline 0 -21"><span class='ocrx_word' id='word_1_104' title='bbox 228 1720 396 1785; x_wconf 80' lang='grc' dir='ltr'><em>τοῖς</em></span> <span class='ocrx_word' id='word_1_105' title='bbox 463 1717 707 1797; x_wconf 79' lang='grc' dir='ltr'><em>ἱεροῖς</em></span> <span class='ocrx_word' id='word_1_106' title='bbox 778 1717 1347 1787; x_wconf 80' lang='grc' dir='ltr'><em>επιτελοῦντες·</em></span> <span class='ocrx_word' id='word_1_107' title='bbox 1437 1715 1603 1776; x_wconf 86' lang='lat' dir='ltr'><strong>unde</strong></span> <span class='ocrx_word' id='word_1_108' title='bbox 1662 1715 2026 1797; x_wconf 84' lang='lat' dir='ltr'><strong>disciplinae</strong></span> 
     </span>
     <span class='ocr_line' id='line_1_17' title="bbox 230 1813 2027 1894; baseline 0.002 -21"><span class='ocrx_word' id='word_1_109' title='bbox 230 1816 533 1890; x_wconf 83' lang='lat' dir='ltr'><strong>mysticae</strong></span> <span class='ocrx_word' id='word_1_110' title='bbox 578 1822 640 1871; x_wconf 89' lang='lat' dir='ltr'><strong>et</strong></span> <span class='ocrx_word' id='word_1_111' title='bbox 682 1813 1128 1891; x_wconf 85' lang='lat' dir='ltr'><strong>Pythagoricae</strong></span> <span class='ocrx_word' id='word_1_112' title='bbox 1173 1818 1571 1893; x_wconf 88' lang='lat' dir='ltr'><strong>congruentia</strong></span> <span class='ocrx_word' id='word_1_113' title='bbox 1623 1819 2027 1894; x_wconf 86' lang='lat' dir='ltr'><strong>cognoscitur,</strong></span> 
     </span>
     <span class='ocr_line' id='line_1_18' title="bbox 230 1913 2024 1995; baseline 0.002 -22"><span class='ocrx_word' id='word_1_114' title='bbox 230 1913 340 1973; x_wconf 90' lang='lat' dir='ltr'><strong>sed</strong></span> <span class='ocrx_word' id='word_1_115' title='bbox 385 1922 526 1972; x_wconf 90' lang='lat' dir='ltr'><strong>utra</strong></span> <span class='ocrx_word' id='word_1_116' title='bbox 569 1922 772 1971; x_wconf 87' lang='lat' dir='ltr'><strong>utram</strong></span> <span class='ocrx_word' id='word_1_117' title='bbox 816 1915 1064 1974; x_wconf 85' lang='lat' dir='ltr'><strong>imitata</strong></span> <span class='ocrx_word' id='word_1_118' title='bbox 1106 1916 1312 1989; x_wconf 83' lang='lat' dir='ltr'><strong>fuerit,</strong></span> <span class='ocrx_word' id='word_1_119' title='bbox 1353 1917 1420 1975; x_wconf 92' lang='lat' dir='ltr'><strong>in</strong></span> <span class='ocrx_word' id='word_1_120' title='bbox 1465 1916 1754 1995; x_wconf 85' lang='lat' dir='ltr'><strong>ambiguo</strong></span> <span class='ocrx_word' id='word_1_121' title='bbox 1799 1927 2024 1976; x_wconf 85' lang='lat' dir='ltr'><strong>manet.</strong></span> 
     </span>
     <span class='ocr_line' id='line_1_19' title="bbox 230 2012 2026 2090; baseline 0.002 -18"><span class='ocrx_word' id='word_1_122' title='bbox 230 2013 647 2090; x_wconf 88' lang='lat' dir='ltr'><strong>Pythagoram</strong></span> <span class='ocrx_word' id='word_1_123' title='bbox 703 2013 903 2073; x_wconf 86' lang='lat' dir='ltr'><strong>multa</strong></span> <span class='ocrx_word' id='word_1_124' title='bbox 958 2012 1036 2072; x_wconf 90' lang='lat' dir='ltr'><strong>ab</strong></span> <span class='ocrx_word' id='word_1_125' title='bbox 1093 2014 1428 2075; x_wconf 85' lang='lat' dir='ltr'><strong>Eleusiniis</strong></span> <span class='ocrx_word' id='word_1_126' title='bbox 1494 2027 1558 2076; x_wconf 90' lang='lat' dir='ltr'><strong>et</strong></span> <span class='ocrx_word' id='word_1_127' title='bbox 1613 2017 2026 2077; x_wconf 89' lang='lat' dir='ltr'><strong>Samothraci-</strong></span> 
     </span>
     <span class='ocr_line' id='line_1_20' title="bbox 230 2112 2026 2196; baseline 0.002 -24"><span class='ocrx_word' id='word_1_128' title='bbox 230 2113 346 2196; x_wconf 89' lang='lat' dir='ltr'><strong>bus</strong></span> <span class='ocrx_word' id='word_1_129' title='bbox 392 2112 683 2172; x_wconf 89' lang='lat' dir='ltr'><strong>didicisse</strong></span> <span class='ocrx_word' id='word_1_130' title='bbox 726 2113 981 2190; x_wconf 86' lang='lat' dir='ltr'><strong>tradunt</strong></span> <span class='ocrx_word' id='word_1_131' title='bbox 1036 2116 1210 2174; x_wconf 89' lang='lat' dir='ltr'><strong>vitae</strong></span> <span class='ocrx_word' id='word_1_132' title='bbox 1269 2116 1402 2192; x_wconf 90' lang='lat' dir='ltr'><strong>ejus</strong></span> <span class='ocrx_word' id='word_1_133' title='bbox 1447 2119 1809 2196; x_wconf 84' lang='lat' dir='ltr'><strong>scriptores3</strong></span> <span class='ocrx_word' id='word_1_134' title='bbox 1843 2116 1846 2120; x_wconf 83' lang='grc'><strong>’</strong></span> <span class='ocrx_word' id='word_1_135' title='bbox 1875 2135 2026 2196; x_wconf 90' lang='lat' dir='ltr'><strong>quo-</strong></span> 
     </span>
     <span class='ocr_line' id='line_1_21' title="bbox 232 2213 2027 2296; baseline 0.001 -22"><span class='ocrx_word' id='word_1_136' title='bbox 232 2234 372 2274; x_wconf 92' lang='lat' dir='ltr'><strong>rum</strong></span> <span class='ocrx_word' id='word_1_137' title='bbox 415 2231 540 2272; x_wconf 91' lang='lat' dir='ltr'><strong>non</strong></span> <span class='ocrx_word' id='word_1_138' title='bbox 586 2220 828 2272; x_wconf 85' lang='lat' dir='ltr'><strong>tantum</strong></span> <span class='ocrx_word' id='word_1_139' title='bbox 876 2213 1048 2274; x_wconf 88' lang='lat' dir='ltr'><strong>valet</strong></span> <span class='ocrx_word' id='word_1_140' title='bbox 1089 2216 1458 2289; x_wconf 86' lang='lat' dir='ltr'><strong>auctoritas,</strong></span> <span class='ocrx_word' id='word_1_141' title='bbox 1523 2227 1595 2276; x_wconf 93' lang='lat' dir='ltr'><strong>ut</strong></span> <span class='ocrx_word' id='word_1_142' title='bbox 1649 2234 1773 2275; x_wconf 89' lang='lat' dir='ltr'><strong>non</strong></span> <span class='ocrx_word' id='word_1_143' title='bbox 1816 2217 2027 2296; x_wconf 90' lang='lat' dir='ltr'><strong>potius</strong></span> 
     </span>
     <span class='ocr_line' id='line_1_22' title="bbox 233 2315 2028 2392; baseline 0.001 -18"><span class='ocrx_word' id='word_1_144' title='bbox 233 2324 627 2391; x_wconf 86' lang='lat' dir='ltr'><strong>mystagogos</strong></span> <span class='ocrx_word' id='word_1_145' title='bbox 687 2323 748 2372; x_wconf 90' lang='lat' dir='ltr'><strong>et</strong></span> <span class='ocrx_word' id='word_1_146' title='bbox 804 2323 1084 2391; x_wconf 85' lang='lat' dir='ltr'><strong>exegetas</strong></span> <span class='ocrx_word' id='word_1_147' title='bbox 1140 2315 1523 2392; x_wconf 83' lang='lat' dir='ltr'><strong>Pythagorae</strong></span> <span class='ocrx_word' id='word_1_148' title='bbox 1591 2318 1847 2378; x_wconf 84' lang='lat' dir='ltr'><strong>exuvias</strong></span> <span class='ocrx_word' id='word_1_149' title='bbox 1907 2317 2028 2376; x_wconf 88' lang='lat' dir='ltr'><strong>sibi</strong></span> 
     </span>
     <span class='ocr_line' id='line_1_23' title="bbox 233 2402 2026 2496; baseline 0.001 -23"><span class='ocrx_word' id='word_1_150' title='bbox 233 2413 564 2493; x_wconf 87' lang='lat' dir='ltr'><strong>adaptasse</strong></span> <span class='ocrx_word' id='word_1_151' title='bbox 610 2412 959 2486; x_wconf 62' lang='lat' dir='ltr'><strong>aedanum,</strong></span> <span class='ocrx_word' id='word_1_152' title='bbox 1022 2414 1188 2493; x_wconf 88' lang='lat' dir='ltr'><strong>quod</strong></span> <span class='ocrx_word' id='word_1_153' title='bbox 1240 2434 1460 2496; x_wconf 87' lang='lat' dir='ltr'><strong>reapse</strong></span> <span class='ocrx_word' id='word_1_154' title='bbox 1514 2415 1615 2475; x_wconf 85' lang='lat' dir='ltr'><strong>ad¹</strong></span> <span class='ocrx_word' id='word_1_155' title='bbox 1652 2402 1839 2478; x_wconf 75' lang='lat' dir='ltr'><strong>fidem</strong></span> <span class='ocrx_word' id='word_1_156' title='bbox 1882 2434 2026 2496; x_wconf 90' lang='lat' dir='ltr'><strong>pro-</strong></span> 
     </span>
     <span class='ocr_line' id='line_1_24' title="bbox 227 2512 2025 2596; baseline 0.002 -24"><span class='ocrx_word' id='word_1_157' title='bbox 227 2516 390 2594; x_wconf 81' lang='lat' dir='ltr'><strong>piuS,</strong></span> <span class='ocrx_word' id='word_1_158' title='bbox 435 2512 968 2591; x_wconf 85' lang='lat' dir='ltr'><strong>quiasacerdotes</strong></span> <span class='ocrx_word' id='word_1_159' title='bbox 1005 2512 1377 2574; x_wconf 78' lang='lat' dir='ltr'><strong>nobilissimi</strong></span> <span class='ocrx_word' id='word_1_160' title='bbox 1424 2517 1716 2596; x_wconf 88' lang='lat' dir='ltr'><strong>cujusque</strong></span> <span class='ocrx_word' id='word_1_161' title='bbox 1751 2517 2025 2596; x_wconf 90' lang='lat' dir='ltr'><strong>philoso-</strong></span> 
     </span>
     <span class='ocr_line' id='line_1_25' title="bbox 230 2611 2026 2695; baseline 0.002 -25"><span class='ocrx_word' id='word_1_162' title='bbox 230 2613 340 2693; x_wconf 87' lang='lat' dir='ltr'><strong>phi</strong></span> <span class='ocrx_word' id='word_1_163' title='bbox 404 2612 661 2671; x_wconf 89' lang='lat' dir='ltr'><strong>inventa</strong></span> <span class='ocrx_word' id='word_1_164' title='bbox 726 2611 845 2669; x_wconf 92' lang='lat' dir='ltr'><strong>sibi</strong></span> <span class='ocrx_word' id='word_1_165' title='bbox 914 2614 1321 2673; x_wconf 84' lang='lat' dir='ltr'><strong>asseruerunt.</strong></span> <span class='ocrx_word' id='word_1_166' title='bbox 1420 2613 1693 2674; x_wconf 87' lang='lat' dir='ltr'><strong>Plurima</strong></span> <span class='ocrx_word' id='word_1_167' title='bbox 1752 2618 2026 2695; x_wconf 91' lang='lat' dir='ltr'><strong>utrisque</strong></span> 
     </span>
     <span class='ocr_line' id='line_1_26' title="bbox 232 2712 2026 2795; baseline 0.002 -24"><span class='ocrx_word' id='word_1_168' title='bbox 232 2712 614 2783; x_wconf 86' lang='lat' dir='ltr'><strong>communia,</strong></span> <span class='ocrx_word' id='word_1_169' title='bbox 678 2713 913 2789; x_wconf 87' lang='lat' dir='ltr'><strong>neutris</strong></span> <span class='ocrx_word' id='word_1_170' title='bbox 969 2715 1226 2792; x_wconf 87' lang='lat' dir='ltr'><strong>propria</strong></span> <span class='ocrx_word' id='word_1_171' title='bbox 1280 2713 1483 2787; x_wconf 86' lang='lat' dir='ltr'><strong>fuere,</strong></span> <span class='ocrx_word' id='word_1_172' title='bbox 1550 2716 1781 2795; x_wconf 84' lang='lat' dir='ltr'><strong>quippe</strong></span> <span class='ocrx_word' id='word_1_173' title='bbox 1837 2735 1874 2775; x_wconf 88' lang='lat' dir='ltr'><strong>a</strong></span> <span class='ocrx_word' id='word_1_174' title='bbox 1915 2734 2026 2774; x_wconf 89' lang='lat' dir='ltr'><strong>na-</strong></span> 
     </span>
     <span class='ocr_line' id='line_1_27' title="bbox 233 2810 2026 2893; baseline 0.003 -23"><span class='ocrx_word' id='word_1_175' title='bbox 233 2822 373 2871; x_wconf 88' lang='lat' dir='ltr'><strong>tura</strong></span> <span class='ocrx_word' id='word_1_176' title='bbox 425 2812 577 2890; x_wconf 88' lang='lat' dir='ltr'><strong>ipsa</strong></span> <span class='ocrx_word' id='word_1_177' title='bbox 631 2810 977 2870; x_wconf 77' lang='lat' dir='ltr'><strong>inanimis</strong></span> <span class='ocrx_word' id='word_1_178' title='bbox 1031 2812 1358 2872; x_wconf 89' lang='lat' dir='ltr'><strong>hominum</strong></span> <span class='ocrx_word' id='word_1_179' title='bbox 1417 2815 1719 2881; x_wconf 89' lang='lat' dir='ltr'><strong>inchoata.</strong></span> <span class='ocrx_word' id='word_1_180' title='bbox 1819 2815 2026 2893; x_wconf 88' lang='lat' dir='ltr'><strong>Hujus</strong></span> 
     </span>
     <span class='ocr_line' id='line_1_28' title="bbox 234 2911 2024 2989; baseline 0.003 -19"><span class='ocrx_word' id='word_1_181' title='bbox 234 2913 399 2970; x_wconf 91' lang='lat' dir='ltr'><strong>enim</strong></span> <span class='ocrx_word' id='word_1_182' title='bbox 440 2928 569 2972; x_wconf 85' lang='lat' dir='ltr'><strong>vox</strong></span> <span class='ocrx_word' id='word_1_183' title='bbox 612 2919 742 2982; x_wconf 81' lang='lat' dir='ltr'><strong>est,</strong></span> <span class='ocrx_word' id='word_1_184' title='bbox 788 2929 909 2989; x_wconf 87' lang='lat' dir='ltr'><strong>qua</strong></span> <span class='ocrx_word' id='word_1_185' title='bbox 950 2911 1030 2970; x_wconf 89' lang='lat' dir='ltr'><strong>D.</strong></span> <span class='ocrx_word' id='word_1_186' title='bbox 1074 2912 1445 2973; x_wconf 84' lang='lat' dir='ltr'><strong>Aurelianus</strong></span> <span class='ocrx_word' id='word_1_187' title='bbox 1491 2916 1658 2976; x_wconf 89' lang='lat' dir='ltr'><strong>cives</strong></span> <span class='ocrx_word' id='word_1_188' title='bbox 1701 2933 1861 2985; x_wconf 76' lang='lat' dir='ltr'><strong>suos,</strong></span> <span class='ocrx_word' id='word_1_189' title='bbox 1892 2934 2024 2975; x_wconf 88' lang='lat' dir='ltr'><strong>rem</strong></span> 
     </span>
     <span class='ocr_line' id='line_1_29' title="bbox 235 3010 2024 3096; baseline 0.002 -26"><span class='ocrx_word' id='word_1_190' title='bbox 235 3011 510 3072; x_wconf 81' lang='lat' dir='ltr'><strong>divinam</strong></span> <span class='ocrx_word' id='word_1_191' title='bbox 582 3010 854 3070; x_wconf 89' lang='lat' dir='ltr'><strong>facturos</strong></span> <span class='ocrx_word' id='word_1_192' title='bbox 912 3013 1311 3092; x_wconf 89' lang='lat' dir='ltr'><strong>compellavit</strong></span> <span class='ocrx_word' id='word_1_193' title='bbox 1367 3033 1518 3093; x_wconf 91' lang='lat' dir='ltr'><strong>qua</strong></span> <span class='ocrx_word' id='word_1_194' title='bbox 1582 3016 1791 3094; x_wconf 86' lang='lat' dir='ltr'><strong>puri,</strong></span> <span class='ocrx_word' id='word_1_195' title='bbox 1876 3033 2024 3096; x_wconf 89' lang='lat' dir='ltr'><strong>qua</strong></span> 
     </span>
     <span class='ocr_line' id='line_1_30' title="bbox 234 3109 2023 3192; baseline 0.003 -25"><span class='ocrx_word' id='word_1_196' title='bbox 234 3109 535 3182; x_wconf 89' lang='lat' dir='ltr'><strong>mundi,</strong></span> <span class='ocrx_word' id='word_1_197' title='bbox 604 3129 750 3188; x_wconf 90' lang='lat' dir='ltr'><strong>qua</strong></span> <span class='ocrx_word' id='word_1_198' title='bbox 793 3113 1078 3186; x_wconf 89' lang='lat' dir='ltr'><strong>sancti,</strong></span> <span class='ocrx_word' id='word_1_199' title='bbox 1148 3132 1289 3192; x_wconf 83' lang='lat' dir='ltr'><strong>qua</strong></span> <span class='ocrx_word' id='word_1_200' title='bbox 1343 3115 1642 3174; x_wconf 89' lang='lat' dir='ltr'><strong>vestitu</strong></span> <span class='ocrx_word' id='word_1_201' title='bbox 1700 3115 2023 3174; x_wconf 84' lang='lat' dir='ltr'><strong>animis-</strong></span> 
     </span>
     <span class='ocr_line' id='line_1_31' title="bbox 236 3211 2023 3294; baseline 0.002 -27"><span class='ocrx_word' id='word_1_202' title='bbox 236 3228 381 3288; x_wconf 90' lang='lat' dir='ltr'><strong>que</strong></span> <span class='ocrx_word' id='word_1_203' title='bbox 447 3211 690 3268; x_wconf 90' lang='lat' dir='ltr'><strong>sacris</strong></span> <span class='ocrx_word' id='word_1_204' title='bbox 752 3211 1135 3270; x_wconf 89' lang='lat' dir='ltr'><strong>commodi</strong></span> <span class='ocrx_word' id='word_1_205' title='bbox 1200 3214 1570 3294; x_wconf 89' lang='lat' dir='ltr'><strong>templum</strong></span> <span class='ocrx_word' id='word_1_206' title='bbox 1640 3212 2023 3274; x_wconf 41' lang='lat' dir='ltr'><strong>ascendeff</strong></span> 
     </span>
    </p>
   </div>
   <div class='ocr_carea' id='block_1_5' title="bbox 235 3307 2018 3396">
    <p class='ocr_par' dir='ltr' id='par_1_5' title="bbox 235 3307 2018 3396">
     <span class='ocr_line' id='line_1_32' title="bbox 235 3307 2018 3396; baseline 0.002 -28"><span class='ocrx_word' id='word_1_207' title='bbox 235 3318 409 3368; x_wconf 89' lang='lat' dir='ltr'><strong>rent</strong></span> <span class='ocrx_word' id='word_1_208' title='bbox 466 3307 712 3389; x_wconf 86' lang='lat' dir='ltr'><strong>Vopisc.</strong></span> <span class='ocrx_word' id='word_1_209' title='bbox 766 3310 971 3370; x_wconf 85' lang='lat' dir='ltr'><strong>Aurel.</strong></span> <span class='ocrx_word' id='word_1_210' title='bbox 1028 3310 1197 3374; x_wconf 90' lang='lat' dir='ltr'>XIX.</span> <span class='ocrx_word' id='word_1_211' title='bbox 1244 3314 1395 3386; x_wconf 65' lang='lat'><strong>460,</strong></span> <span class='ocrx_word' id='word_1_212' title='bbox 1447 3312 1617 3396; x_wconf 86' lang='lat'>(215.</span> <span class='ocrx_word' id='word_1_213' title='bbox 1663 3314 1770 3394; x_wconf 90' lang='lat' dir='ltr'><strong>D.)</strong></span> <span class='ocrx_word' id='word_1_214' title='bbox 1856 3311 2018 3374; x_wconf 90' lang='lat' dir='ltr'><strong>Hinc</strong></span> 
     </span>
    </p>
   </div>
   <div class='ocr_carea' id='block_1_6' title="bbox 2152 2384 2158 2464">
    <p class='ocr_par' dir='ltr' id='par_1_6' title="bbox 2152 2384 2158 2464">
     <span class='ocr_line' id='line_1_33' title="bbox 2152 2384 2158 2464; baseline 0 0"><span class='ocrx_word' id='word_1_215' title='bbox 2152 2384 2158 2464; x_wconf 72' lang='grc' dir='ltr'><strong>ι’</strong></span> 
     </span>
    </p>
   </div>
   <div class='ocr_carea' id='block_1_7' title="bbox 2144 2511 2158 2566">
    <p class='ocr_par' dir='ltr' id='par_1_7' title="bbox 2144 2511 2158 2566">
     <span class='ocr_line' id='line_1_34' title="bbox 2144 2511 2158 2566; baseline 0 -43"><span class='ocrx_word' id='word_1_216' title='bbox 2144 2511 2158 2566; x_wconf 70' lang='lat'><strong>[¹</strong></span> 
     </span>
    </p>
   </div>
  </div>
 </body>
</html>
