2158 3848
848 218 1295 262 ORPHICA.
1828 207 1952 267 389

182 356 460 412 oratione
502 352 796 428 scriptum
851 347 916 404 in
960 362 1282 404 numerum
1344 348 1677 407 carminum
1724 349 1946 431 Orphi-

180 469 388 512 corum
448 449 711 508 relatum
757 443 927 504 esse‘l
1011 443 1067 502 E
1120 444 1536 524 superioribus
1588 454 1788 524 patet,
1841 450 1944 508 Io-

172 569 312 608 nem
337 548 435 608 vel
450 590 468 619 ,
513 557 581 607 ut
607 543 981 605 Callimacho
1005 545 1210 605 visum
1225 588 1242 617 ,
1284 545 1617 625 Epigenem
1642 547 1708 604 in
1734 545 1940 624 Triag-

166 651 283 708 mis
311 647 719 723 Pythagoram
763 662 1097 717 accusasse,
1141 643 1304 724 quod
1347 645 1641 704 nonnulla
1678 662 1794 703 sua
1827 643 1940 703 Or-

168 748 329 827 pheo
376 728 726 805 affinxisset.
768 767 787 787 ²
810 743 985 803 Licet
1025 745 1210 822 igitur
1251 761 1523 816 sumere,
1570 742 1635 802 id
1680 762 1719 803 a
1761 741 1939 804 Criti—

169 848 253 905 cis
298 846 413 904 hoc
467 844 571 906 vel
626 844 815 904 simili
869 843 1057 904 modo
1113 841 1406 903 traditum
1463 861 1626 904 esse:
1675 844 1938 928 Ὀρφεὺς

169 949 400 1030 ἔγραψε
443 945 636 1008 πολλοὶ
681 945 786 1007 καὶ
830 946 984 1007 ἄλλα
1026 944 1132 1006 καὶ
1173 943 1251 1022 δὴ
1308 944 1414 1005 καὶ
1454 944 1568 1006 τὸν
1583 1011 1588 1021 ,Α
1603 944 1791 1026 Ἱερὸν
1832 942 1935 1007 λό-

164 1070 314 1130 γον,
372 1047 558 1127 ὅνπερ
605 1047 746 1108 Ἴων
787 1047 1091 1108 νοθεῦσαι
1134 1042 1368 1127 λέγεται
1411 1041 1494 1112 ὥς
1537 1041 1933 1127 Πυθαγόρου

164 1148 337 1209 ὄντα.
395 1162 758 1223 summaque
813 1141 1262 1221 Lexicographi
1314 1139 1480 1200 illius
1542 1139 1935 1200 festinatione

161 1243 485 1316 accidisse,
530 1252 600 1301 ut
639 1241 900 1302 verbum
942 1243 1246 1304 νοθεῦσαι
1259 1261 1282 1314 ,
1326 1237 1493 1319 quod
1535 1250 1665 1300 tam
1701 1239 1779 1299 de
1819 1240 1933 1300 fal-

157 1344 336 1401 sariis
381 1351 443 1401 et
485 1341 781 1400 librorum
825 1339 1303 1418 subjectoribus,
1347 1356 1533 1420 quam
1576 1339 1653 1399 de
1691 1337 1930 1400 Criticis

155 1440 437 1501 fraudem
492 1440 880 1518 arguentibus
939 1438 1160 1499 dicitur
1175 1440 1253 1521 [ι]
1315 1458 1642 1520 perperam
1698 1443 1930 1520 accipe-

154 1550 281 1614 ret,
347 1542 521 1620 quasi
575 1541 688 1599 Ion
741 1543 877 1619 ipse
918 1538 1201 1599 fraudem
1255 1541 1692 1615 commisisset,
1759 1541 1930 1618 cujus

153 1641 260 1700 ille
302 1639 596 1719 indicium
640 1639 883 1699 fecerat.
968 1639 1187 1718 Neque
1227 1659 1430 1699 errore
1471 1652 1692 1701 vacare
1716 1639 1929 1701 viden-

155 1750 255 1800 tur
298 1758 453 1819 quae
498 1738 700 1799 addit:
726 1801 731 1805 ,
758 1743 825 1804 ἐν
869 1739 938 1802 δὲ
981 1738 1222 1809 τούτοις
1265 1740 1343 1802 τὰ
1379 1741 1776 1822 Ἱεροστολικοὶ
1814 1765 1927 1802 κα-

153 1838 454 1922 λούμενα,
501 1858 656 1917 quae
697 1841 909 1918 potius
952 1843 1424 1909 Ναοτευκτικοῖς
1465 1841 1700 1898 inserta
1735 1839 1927 1898 fuisse

153 1952 228 2003 ex
271 1940 612 2015 argumenti
655 1936 1059 1998 similitudine
1102 1940 1398 2019 suspicor.
1786 1987 1790 1995 f

322 2036 612 2098 XXXIV.
679 2039 919 2120 Ὕμνοι.
1016 2039 1090 2098 In
1144 2039 1358 2117 elogiis
1415 2040 1755 2099 carminum
1814 2038 1925 2097 Or-

150 2138 470 2219 phicorum
485 2181 504 2212 ,
590 2138 810 2217 quibus
867 2136 1149 2198 Clemens
1207 2148 1270 2198 et
1326 2138 1550 2218 Suidas
1601 2139 1700 2197 usi
1766 2146 1926 2209 sunt,

148 2218 546 2315 Hymnorum
588 2238 761 2296 nulla
802 2238 872 2297 fit
915 2240 1182 2311 mentio,
1236 2257 1350 2298 nec
1392 2237 1661 2297 dubitari
1703 2245 1925 2316 potest,

151 2340 301 2417 quin
343 2337 582 2417 antiqui
612 2333 852 2408 Critici,
895 2355 1048 2416 quos
1091 2337 1186 2399 illi
1229 2337 1668 2418 compilarunt,
1712 2334 1788 2395 de
1813 2335 1925 2395 Or-

149 2437 298 2517 phei
347 2437 597 2513 hymnis
651 2434 955 2496 nihildum
1011 2436 1446 2501 inaudiverint.
1544 2436 1791 2515 Loquor
1848 2434 1926 2493 de

148 2538 259 2610 iis,
320 2538 427 2615 qui
478 2537 674 2620 literis
729 2538 1068 2614 consignati
1121 2544 1280 2596 sunt.
1389 2535 1550 2597 Nam
1602 2544 1929 2616 poetarum

147 2637 491 2716 principem
517 2635 776 2695 deorum
819 2634 1033 2697 laudes
1079 2644 1259 2696 cantu
1305 2634 1640 2696 celebrasse
1664 2636 1925 2694 fortasse

141 2736 274 2813 jam
317 2745 451 2794 tum
496 2735 793 2796 creditum
837 2746 949 2810 est,
992 2754 1182 2816 quum
1216 2753 1439 2796 nomen
1475 2737 1607 2814 ejus
1642 2737 1708 2795 in
1735 2735 1924 2794 Grae-

152 2835 246 2894 cia
295 2835 734 2905 inclaresceret.
845 2835 971 2896 Sed
1028 2837 1309 2897 homines
1364 2835 1641 2897 literatos
1708 2836 1924 2911 legisse

154 2932 386 3011 aliquid
445 2933 523 2994 de
581 2935 699 2995 hoc
750 2955 966 3014 genere
1036 2939 1371 3020 carminum
1386 2981 1404 3011 ,
1469 2935 1639 2995 nullo
1693 2932 1923 2994 indicio

153 3040 342 3110 patet.
425 3034 748 3095 Platonem
804 3035 1053 3117 quidem
1106 3036 1335 3097 frustra
1389 3044 1729 3097 antestatur
1784 3032 1922 3093 Tie-

275 3184 337 3241 [t]
370 3185 515 3232 Schol.
546 3190 729 3244 August.
772 3189 828 3232 ad
858 3190 1077 3235 Demosth.
1110 3208 1153 3249 p.
1187 3191 1284 3236 125.
1318 3191 1434 3240 τινὲς
1463 3187 1713 3235 eudemum
1741 3187 1822 3233 τὸν
1851 3185 1925 3231 λό-

153 3257 253 3300 γον.
286 3242 545 3301 Philoponus
575 3248 630 3290 ad
663 3248 840 3291 Aristot.
870 3249 924 3292 de
953 3251 1035 3294 An.
1077 3252 1130 3294 A.
1160 3251 1240 3294 VI.
1285 3265 1326 3294 a.
1352 3248 1641 3308 Ἀλέξανδρος
1669 3243 1848 3292 νοθεύει
1874 3245 1925 3289 τὸ

148 3303 338 3360 χωρίον.
370 3301 435 3344 Id.
466 3305 518 3347 A.
545 3306 648 3349 VII.
682 3304 779 3348 174.
815 3303 1099 3367 Ἀνδρόνικος
1128 3307 1151 3352 ὁ
1178 3306 1348 3358 Ῥόδιος
1376 3304 1598 3357 νοθεύσας
1626 3305 1675 3351 τὸ
1718 3307 1824 3364 περὶ
1854 3307 1927 3357 τῆς

150 3357 414 3418 Ἑρμηνείας
442 3363 626 3416 βιβλίον.
657 3366 714 3407 cf.
747 3363 907 3408 Jacobs
935 3367 991 3410 ad
1019 3366 1191 3411 Anthol.
1224 3367 1283 3411 Τ.
1314 3366 1417 3411 XII.
1447 3382 1490 3424 p.
1526 3362 1621 3411 174.
