2158 3848
227 217 350 278 322
759 226 998 271 LIBER
1041 226 1475 271 SECUNDUS.

226 360 617 426 concursatio..
653 357 1003 438 depingitur
1022 352 1140 436 [⁸¹].·.
1191 355 1379 415 Hisce
1439 358 1810 417 testimoniis
1855 357 2012 418 illud

227 459 477 541 quidem
523 457 854 539 probatur,
915 455 1284 531 Lyricorum
1316 458 1757 536 posteriorum
1813 467 2014 518 aetate

228 560 543 640 Orpheum
599 577 714 637 pro
772 556 1029 617 mirifico
1083 554 1332 614 fidicine
1373 557 1652 617 habitum
1697 556 1860 631 mse,
1905 557 2014 617 sed

228 677 353 720 non
408 658 705 739 probatur
759 655 1094 734 opinionis
1129 662 1373 716 summa
1427 658 1783 737 antiquitas.
1876 656 2016 717 Non

228 762 399 831 licet,
442 758 676 836 inquit,
730 757 934 836 poetis
979 754 1316 834 quidquam
1361 759 1644 836 proferre
1686 759 1808 817 nisi
1851 754 2019 836 quod
2128 811 2131 815 .

224 861 356 936 jam
428 866 577 918 ante
636 856 835 918 multa
902 855 1110 916 secula
1177 859 1530 935 susceptum
1596 858 2018 938 temporisque
2063 914 2071 921 ,

232 957 639 1018 diuturnitate
695 955 1124 1015 confirmatum
1182 957 1280 1014 sit.
1377 957 1550 1015 Itane
1606 956 1795 1018 vero?
1875 956 2011 1015 Pin-

231 1058 418 1118 darus
477 1056 762 1117 Aristeae
817 1055 1127 1130 fabulam,
1185 1065 1492 1115 recentem
1526 1054 1738 1115 adhuc
1780 1065 1844 1114 et
1885 1072 2018 1115 mu-

231 1167 426 1220 steam
484 1156 588 1238 (cf.
644 1155 938 1217 Niebuhr.
992 1156 1198 1215 kleine
1261 1155 1568 1217 Schriften
1629 1155 1698 1215 T.
1758 1157 1803 1215 Ι.
1827 1177 1829 1180 ’
1849 1154 2019 1233 361.)

230 1256 603 1319 carminibus
648 1257 776 1317 suis
823 1256 1159 1318 celebravit
1201 1258 1304 1316 Fr.
1347 1275 1408 1335 p.
1432 1255 1576 1315 657.
1621 1257 1780 1318 alius
1810 1256 2018 1316 aliam.

233 1360 318 1419 Et
374 1359 597 1418 merito
634 1354 934 1435 ‹quidem3
994 1357 1109 1435 τὴν
1159 1358 1285 1441 γὰρ
1343 1357 1563 1436 ἀοιδὴν
1606 1365 1846 1439 μᾶλλον
1890 1361 2017 1418 ἐπι-

232 1458 488 1521 κλείουᾶ
549 1458 883 1536 ἄνθρωποι
936 1457 1067 1534 ἥτις
1128 1455 1532 1519 ἀκουόντεσσι
1573 1456 1847 1537 νεωτάτη
1893 1458 2042 1539 ἅμ”

232 1559 572 1641 φιπέληταιι.
672 1554 802 1615 Sed
844 1556 1032 1614 fuerit
1075 1573 1223 1614 sane
1265 1556 1591 1615 homericis
1635 1557 2019 1637 temporibus

233 1658 440 1738 aliqua
484 1656 720 1735 Orphei
763 1656 953 1728 fama,
1001 1655 1140 1715 talis
1184 1655 1466 1729 fortasse,
1513 1657 1711 1736 qualis
1755 1656 1834 1716 de
1858 1657 2020 1717 Tha-

230 1777 415 1835 myra
464 1757 584 1817 fuit
639 1766 747 1820 aut
803 1757 1092 1829 Phemio;
1138 1765 1302 1815 artes
1346 1767 1554 1815 tamen
1601 1765 1665 1815 et
1713 1757 2020 1835 dogmata,

232 1876 496 1937 quorum
561 1857 670 1915 ille
726 1868 941 1917 auctor
996 1854 1287 1929 habetur,
1343 1855 1611 1916 Homeri
1663 1856 2019 1938 aequalibus
2114 1872 2115 1875 ’
2157 1922 2158 1938 ¹

227 1959 474 2035 ,cognita
509 1956 751 2030 fuisse,
808 1976 892 2016 ex
947 1956 1315 2032 Lyricorum
1367 1959 1736 2016 testimoniis
1791 1975 2018 2037 nequa-

233 2077 419 2138 quam
474 2057 853 2134 intelligitur.
953 2054 1162 2115 Unum
1218 2057 1404 2133 igitur
1448 2067 1730 2138 superest
1773 2067 1838 2116 et
1877 2058 2017 2120 leve

231 2159 414 2235 huj-us
469 2175 689 2217 causae
741 2158 1227 2230 firmamentum3
1294 2167 1559 2216 stemma
1610 2156 1767 2217 illud
1822 2159 2018 2235 gentis
2116 2192 2118 2195 -

232 2257 567 2338 Orphicae,
632 2255 798 2336 quod
861 2259 1168 2334 integrum
1226 2253 1466 2318 Charax
1520 2257 1691 2340 apud
1743 2257 1915 2318 Suid.
1969 2277 2016 2319 s.

234 2359 507 2441 Ὅμηρος
552 2366 613 2416 et
650 2359 911 2436 scriptor
947 2359 1180 2435 Agonis
1217 2366 1594 2439 proponunt,
1641 2369 1883 2439 partem
1904 2378 2018 2440 po-

234 2467 528 2517 stremam
564 2457 856 2516 Proculus
901 2458 968 2515 in
993 2456 1140 2516 Vita
1161 2458 1423 2520 Homeri
1464 2462 1531 2520 in
1554 2458 1869 2520 Bibl.=ve-t.
1895 2458 2015 2518 Lit.

235 2567 298 2621 et
336 2556 469 2618 Art.
513 2555 583 2614 T.
626 2557 672 2614 I.
713 2573 777 2634 p.
822 2557 880 2614 8.
928 2567 990 2614 et
1029 2557 1095 2615 in
1141 2558 1483 2619 Gaisfordii
1525 2559 1641 2619 Ed.
1677 2559 2012 2641 Hephaest.

232 2674 294 2736 p.
328 2655 481 2715 1466.
524 2653 914 2717 Hellanicum
970 2656 1063 2734 (v.
1101 2655 1305 2715 Sturz.
1347 2677 1409 2737 p.
1460 2658 1625 2737 154.)
1670 2660 2013 2719 Damasten

235 2765 297 2815 et
337 2753 752 2832 Pherecydem
795 2756 1017 2815 citans:
1935 2795 1938 2798 -

359 2923 424 2982 [d]
454 2924 571 2969 Hinc
584 2924 886 2972 Theodoretus
917 2926 1086 2983 accepit
1101 2925 1294 2983 Therap.
1321 2924 1405 2968 111.
1424 2941 1466 2984 p.
1488 2926 1590 2971 767.
1622 2927 1795 2982 Schulz.
1821 2928 2013 2991 Ὀρφεὺς

233 2979 329 3033 ἓοῖς
357 2980 611 3043 κρσὖσμασι
635 2980 754 3033 μ’τοὺς
793 2979 956 3040 ΐχθύας
985 2986 1278 3043 ναταθέλγων
1306 2983 1503 3029 Daedalo
1533 2985 1589 3029 ad
1619 2986 1786 3030 bestias
1799 2975 2011 3032 'damnato

232 3042 482 3099 Orpheique
514 3042 706 3087 habitum
745 3042 896 3085 induto
927 3042 1097 3099 adstitit
1126 3057 1301 3100 genus
1342 3059 1493 3087 omne
1533 3047 1782 3090 ferarum
1824 3052 1878 3089 et
1919 3062 2011 3090 su·-

232 3114 334 3157 prra
361 3105 543 3144 vatem
572 3101 746 3144 multa
774 3100 1051 3159 pependit
1079 3103 1208 3145 avis
1242 3101 1435 3146 Martial.
1465 3103 1517 3145 L.
1549 3103 1748 3161 Spectac.
1777 3102 1947 3149 XXIII.
2026 3150 2028 3153 ,
