2158 3848
789 233 1240 283 carmela.
1773 217 1901 289 459

131 382 322 436 νων
359 370 550 435 {ainaim
592 361 1031 460 ποσζιβᾶδιζε
1084 360 1569 441 θνητὰ-,ἄδηλον
1623 363 1903 453 &carnium

127 468 412 553 βίωνΊὼ
457 476 521 549 p.
564 469 669 528 20..
688 463 787 530 xA.
865 460 1148 540 Augusto
1191 478 1375 534 vero,
1417 479 1605 547 quum
1651 460 1729 527 de
1770 476 1903 552 vsue7

129 584 378 632 cessore-
419 567 669 646 imperii
725 562 909 628 deum
964 569 1458 644 percontaretur4
1495 561 1655 627 ‘'uhflssi
1685 561 1903 624 modo:

128 673 297 737 Παῖς
331 668 620 749 Ἑβραῖος,
654 663 891 727 κέλεταί
942 689 1018 745 με
1061 663 1213 733 θεὸς
1266 661 1651 746 μακάρεσὶϊιν
1706 659 1904 727 ἀνοίσ-

127 788 258 830 σων
298 764 482 830 τόνδε
526 763 730 847 δόμον
771 769 1092 848 προλιπεῖν
1134 764 1240 826 καὶ
1280 761 1512 846 μήποτε
1556 759 1747 833 αὖθις
1783 765 1904 826 ἱκέ-

125 871 298 929 σθαι.
387 868 602 928 Ἄπιθι
646 865 862 928 λοιπὸν
916 867 981 927 ἐκ
1036 862 1254 946 δόμων
1295 864 1608 946 ἡμετέρων
1651 883 1712 943 Ρ.
1761 861 1900 923 182.

124 963 190 1026 C.
246 966 459 1045 Itaque
501 966 571 1024 fit
615 963 924 1036 credibile,
968 981 1185 1025 versus
1212 963 1384 1034 istoS‚
1430 980 1692 1041 quorum
1734 961 1903 1022 idem

127 1075 220 1125 est
264 1067 493 1138 exituS,
558 1085 634 1124 ex
678 1062 923 1123 oraculo
980 1063 1203 1141 aliquo?
1243 1061 1458 1119 fictitio
1500 1063 1797 1140 repetitos
1842 1071 1904 1121 et

125 1182 163 1223 a
209 1161 523 1224 Clemente
565 1162 918 1224 eommunis
974 1154 1414 1220 admonitionis
1473 1174 1655 1220 causa
1709 1147 1907 1242 appo-‘-

122 1265 274 1323 sitos
320 1283 470 1323 esse.
559 1259 850 1328 Clausula
905 1269 1114 1321 autem
1158 1261 1298 1340 ipsa
1341 1261 1608 1339 antiquis
1663 1262 1904 1322 assimi-

120 1362 247 1422 lata
291 1371 384 1422 est
426 1363 720 1437 or'aculis,
785 1381 1047 1444 quorum
1089 1360 1193 1423 vel
1246 1361 1313 1419 in
1369 1361 1491 1420 fine
1532 1360 1636 1422 vel
1689 1361 1756 1420 in
1802 1381 1905 1421 ex·-

123 1462 300 1522 ordio
345 1464 590 1543 saepius
632 1463 783 1523 haec
826 1474 888 1522 et
929 1461 1158 1523 similia
1193 1459 1385 1522 verba
1427 1461 1728 1539 leguntur,
1772 1464 1904 1542 qui-

118 1563 233 1623 bus
277 1563 501 1639 Pythia
543 1562 732 1623 modo
774 1564 1003 1644 impios
1049 1561 1424 1622 consultores
1470 1563 1668 1640 ejecit,
1711 1562 1901 1622 modo

120 1662 277 1722 bene
319 1665 572 1722 meritos
615 1673 986 1744 persequuta
1033 1670 1154 1722 est:
1198 1663 1366 1745 βαῖν’
1414 1664 1517 1725 ἀπ’
1563 1667 1732 1745 ἐμῶν
1773 1689 1900 1748 τρι-

117 1762 335 1827 πόδων
377 1762 614 1822 Aelian.
639 1762 711 1822 V.
755 1763 837 1823 H.
862 1764 968 1823 ΠΙ.
1012 1763 1114 1823 43.
1157 1760 1492 1829 Μουσάων
1532 1762 1899 1846 θεράποντα

118 1862 499 1937 κατέκτανες,
530 1866 708 1935 ἔξιθι
749 1873 904 1944 νηοῦ
948 1883 1007 1925 v.
1052 1862 1282 1922 Liebel.
1329 1862 1410 1921 ad
1433 1861 1660 1921 Archil.
1705 1864 1897 1944 p.‡42.

117 1952 429 2040 Wyttenb.
468 1952 555 2022 ad*
591 1963 752 2026 Plut.
801 1963 879 2023 de
924 1963 984 2023 S.
1027 1962 1101 2023 N.
1148 1961 1220 2021 V.
1267 1960 1325 2044 p.
1365 1963 1478 2021 81-
1512 1966 1898 2046 περικαλλέος

119 2064 278 2134 ἔξιθι
321 2072 475 2143 νηοῦ
521 2063 650 2146 (vel
693 2073 765 2123 ut
807 2063 957 2124 alibi
1000 2065 1221 2142 legitur
1265 2068 1480 2144 σηκοῦ)
1529 2063 1803 2145 Simplio.
1832 2067 1900 2126 in

118 2289 241 2331 φυτα
279 2270 428 2317 πάντα
469 2277 545 2319 καὶ
582 2276 788 2334 ἔνθυμον
827 2277 881 2331 (f.
922 2277 970 2325 ἐξ
999 2272 1120 2331 ἑνός)
1152 2277 1214 2324 εἰς
1244 2274 1293 2320 ἓν
1322 2271 1474 2330 ἰόντα,
1508 2267 1562 2320 οὗ
1592 2273 1753 2335 κρατὸς
1782 2274 1897 2321 alai-

118 2346 218 2377 νιον
255 2333 309 2389 (f.
341 2331 529 2389 ἀέναον)
575 2333 731 2392 ὀρθοῖς
759 2337 869 2378 ποσὶ
896 2335 1033 2388 θνητὲ
1061 2330 1237 2388 βάδιζε,
1268 2333 1467 2376 versibus
1494 2349 1649 2391 prosae
1677 2335 1897 2390 immixtis,

118 2396 168 2432 ut
205 2390 250 2432 in
293 2390 414 2433 libris
452 2392 721 2435 Kiranidum.
780 2393 856 2435 Sic
896 2393 1113 2435 Lucianus
1157 2393 1487 2435 christianizans
1526 2394 1765 2451 Philopatr.
1796 2394 1897 2438 XII.

116 2445 217 2505 248.
254 2446 562 2508 “Υψιμέδοντα
602 2450 717 2496 θεὸν
750 2455 902 2510 μέγαν
942 2447 1172 2511 ἄμβροτον
1212 2450 1491 2508 οὐρανίωνα,
1555 2451 1658 2496 υἱὸν
1709 2451 1895 2512 πατρὸς,

118 2509 301 2565 πνεῦμα
331 2509 382 2552 ἐκ
411 2508 581 2568 πατρὸς
608 2508 985 2568 ἐκπορευόμενον,
1018 2511 1068 2555 ἓν
1098 2512 1148 2554 ἐκ
1177 2513 1314 2571 τριῶν
1343 2512 1420 2553 καὶ
1450 2511 1498 2559 ἐξ
1517 2509 1618 2560 ἑνὸς
1639 2515 1755 2570 τρία·
1786 2515 1895 2556 τοῦ-

116 2580 197 2609 τον
226 2564 376 2625 νόμιζε
405 2570 549 2622 Ζῆνα,
579 2565 701 2612 τόνδ’
731 2565 847 2628 ἡγοῦ
874 2566 1001 2614 θεόν·
1033 2575 1078 2613 et
1105 2569 1151 2612 iu
1182 2569 1417 2626 Prophetis.
1446 2569 1672 2626 Sophoclis
1705 2573 1761 2614 ab
1775 2571 1898 2614 Heu-

117 2624 290 2680 singero
331 2625 448 2668 edita
483 2626 526 2669 in
567 2627 752 2684 Specim.
784 2629 967 2671 Observ.
998 2629 1042 2671 in
1073 2627 1206 2683 Soph.
1239 2643 1364 2684 quam
1395 2628 1505 2670 libro
1535 2629 1631 2686 ipso
1664 2630 1896 2673 destitutus

117 2696 169 2725 ex
210 2683 468 2727 adversariis
508 2686 611 2729 meis
652 2686 898 2730 adscribere
941 2701 1097 2744 cogor:
1131 2687 1244 2730 Ὅσοι
1273 2687 1362 2746 μὲν
1391 2685 1505 2745 πρὸς
1534 2687 1691 2747 ἀρετῆς
1720 2684 1896 2748 κόσμον

116 2737 259 2817 ὄρωρε
300 2747 493 2787 ποιεῖτε·
545 2741 635 2804 ἐγὼ
667 2744 707 2788 δ’
741 2746 945 2804 ἐφετμέω
974 2751 1098 2806 τρεῖν
1126 2746 1206 2791 ἕνα
1234 2748 1411 2804 μοῦνον
1441 2745 1726 2803 ὑψιμέδοντα
1756 2747 1893 2804 θεὸν,

118 2815 173 2844 ου
201 2798 334 2858 λόγος
361 2797 557 2860 ἄφθιτος
584 2804 635 2847 ἔν
658 2803 794 2848 &aasz
819 2801 927 2865 κόρῃ
958 2806 1119 2865 ἔγγυος
1137 2805 1343 2863 (ἔγκυος)
1375 2806 1513 2849 ἔσται.
1548 2807 1679 2848 Talia
1708 2808 1893 2850 fortasse

117 2859 251 2902 multa
279 2859 479 2918 leguntur
507 2862 553 2906 in
580 2863 819 2921 Prophetia
846 2870 1009 2921 septem
1040 2866 1277 2926 sapientum
1308 2864 1363 2907 de
1384 2865 1688 2908 Incarnatione
1714 2865 1894 2920 Christi,

119 2931 230 2973 quae
256 2917 301 2960 in
328 2918 522 2975 pluribus
553 2920 690 2964 Codd.
721 2926 854 2965 extat.
884 2937 926 2966 v.
957 2924 1109 2966 Aretin
1139 2924 1348 2979 Beitriige
1379 2938 1455 2965 zur
1486 2924 1644 2966 Gesch.
1675 2938 1717 2966 ιι.
1734 2923 1891 2967 Litter.

119 2975 179 3019 T.
218 2975 297 3020 lx.
333 2977 432 3022 719.
502 2979 590 3023 Sed
629 2980 708 3024 illa
736 2981 832 3038 ipsa
861 2983 996 3026 verba
1025 2983 1293 3041 perpaullum
1323 2987 1489 3025 mutata
1521 2980 1606 3027 ὅσα
1636 2980 1754 3043 πρὸς
1781 2980 1892 3042 ἄρε-

117 3031 200 3088 τὴν
238 3035 313 3077 καὶ
351 3032 525 3095 κόσμον
554 3034 695 3096 ὄρωρε
725 3065 783 3072 —-
812 3041 972 3098 ἔγκυος
1002 3043 1126 3086 ἔσται
1167 3042 1387 3084 cedrenus
1418 3056 1459 3097 p.
1494 3041 1590 3083 119.
1623 3041 1674 3085 C.
1707 3056 1761 3084 ex
1793 3055 1892 3085 ora-

119 3091 243 3145 culo,
285 3093 398 3149 quod
437 3096 591 3152 Apollo
631 3099 892 3153 Argonautis
933 3101 1095 3154 edidit,
1128 3102 1284 3151 affert3
1316 3115 1368 3142 ac
1396 3113 1450 3141 ne
1481 3099 1588 3142 haec
1619 3115 1646 3143 a
1674 3101 1892 3154 monachis

118 3150 370 3207 Byzantinis
408 3154 555 3198 efficta
594 3156 770 3209 credas,
808 3163 942 3202 totam
982 3159 1098 3202 illam
1136 3159 1327 3202 fabulam
1367 3157 1420 3200 de
1450 3159 1606 3217 templo
1637 3159 1814 3213 Rheae,
1846 3159 1892 3202 id

118 3222 224 3253 vero
255 3214 322 3251 est
348 3209 399 3252 B.
429 3211 650 3272 Virginis,
681 3220 726 3257 et
753 3228 902 3261 versus
930 3217 1046 3274 ipsos
1077 3218 1295 3274 aliquanto
1326 3218 1580 3272 integriores
1606 3219 1753 3276 prodit
1783 3218 1892 3261 scri-

119 3274 218 3325 ptor
246 3282 322 3310 sex
352 3270 505 3313 secuni-
540 3273 782 3330 antiquior,
826 3274 1080 3320 Theodotus
1111 3278 1363 3332 Aucyranus
1395 3277 1520 3320 Orat.
1551 3277 1597 3320 in
1626 3278 1673 3320 S.
1705 3277 1890 3321 Mariam

119 3341 162 3382 p.
194 3324 291 3368 477.
324 3326 380 3368 T.
412 3327 488 3371 lx.
518 3330 634 3374 Gall.
678 3331 753 3373 sed
786 3334 1000 3378 oraculum
1047 3337 1125 3378 hoc
1173 3334 1504 3379 Atheniensibus
1546 3336 1598 3378 de
1640 3336 1709 3379 dei
1753 3337 1889 3393 ignoti

122 3398 198 3428 ara
231 3386 534 3442 quaerentibus
563 3390 775 3434 redditum
807 3401 967 3436 narrat.
