2158 3848
181 195 305 256 540
710 207 947 252 numa
990 209 1417 254 SECUNDUS.

180 349 290 399 cet.
378 337 501 398 Sed
546 336 623 397 de
666 336 914 398 filiabus·
951 338 1131 420 plura
1174 349 1512 420 suppetunt
1554 339 1954 417 Proculi-nbi„

178 441 289 499 stri
333 439 699 500 testimonia.
766 439 1062 497 Primum
1108 437 1186 498 de
1219 439 1502 502 Minerva
1544 441 1686 500 hoe
1701 442 1767 500 in
1795 439 1952 499 Tim.

176 541 222 599 l.
281 536 379 606 52.
437 540 590 623 λέγει
645 539 678 602 ὅ
744 536 1036 622 Θεολόγος
1097 538 1191 600 ὅτι
1246 540 1605 627 παρήγαγεν
1665 540 1942 682 αὕιὴν
1917 540 1950 601 ὃ

177 637 378 719 πατήρ
1244 676 1247 681 ,

301 757 454 829 ’'OQ'‘
494 758 632 811 αὐτῶ
666 755 900 827 μεγάλων
936 756 1094 828 ἔργων
1123 759 1393 864 κράνῂιρα
1418 761 1625 830 γένοιτο.
1705 764 1709 767 ’

175 879 237 930 et
281 869 358 929 de
402 868 618 929 eadem
662 871 727 929 in
771 869 949 933 Polit.
982 875 1053 951 Ρ.
1082 857 1290 978 377

287 993 470 1081 Amo]
507 992 602 1064 γὰρ
640 994 901 1077 Κρονίδαο
940 991 1062 1046 νόου
1098 974 1366 1083 κράντειρα
1404 995 1658 1069 τέτυκται
1716 1053 1738 1083 ,
1736 1059 1764 1089 ,
1800 1058 1802 1060 ,

171 1125 367 1186 neque
423 1116 624 1166 ortum
682 1107 813 1184 ejus
868 1109 1213 1228 praeterit
1222 1109 1288 1166 in
1343 1107 1501 1175 Tim.
1557 1107 1603 1169 I.
1653 1066 1789 1172 51..
1799 1107 1952 1186 Oo-

172 1204 324 1290 φεύς
382 1227 572 1289 φησιν
617 1207 711 1268 ὅτι
756 1206 953 1285 αὐτὴν
997 1207 1030 1268 ὃ
1078 1207 1234 1276 Ζεὺς
1279 1209 1708 1293 απεγέννησεν
1736 1198 1831 1270 ἔκ,
1831 1215 1949 1288 τῆς
2012 1291 2015 1294 ,

171 1314 440 1391 κεφαλῆς
1163 1379 1167 1383 .
1315 1376 1317 1378 .

181 1438 183 1441 '
300 1428 512 1491 Ὅπλοις
547 1387 878 1495 λαμπομένην
907 1425 1156 1497 χαλκήιον
1191 1428 1357 1492 α’νθος
1392 1429 1632 1484 ἰδέσθαι.
1670 1445 1769 1486 ,4152

169 1559 288 1621 quo
343 1540 481 1600 loco
526 1539 1032 1605 Hemsterhusius
1090 1542 1434 1599 novitatem
1495 1539 1731 1622 Orphei
1760 1531 1956 1620 argui

172 1648 378 1700 censet
421 1639 503 1699 ad
547 1638 797 1699 Lucian.
841 1631 1005 1699 Dial.
1050 1639 1237 1698 Deor.
1292 1639 1400 1721 IX.
1458 1659 1534 1720 p.-
1559 1633 1954 1719 27522⁶T22ss

170 1742 306 1821 Bip.
350 1741 596 1800 Etenim
643 1740 1018 1799 scholiastes
1061 1739 1268 1820 Apo-n.
1292 1741 1394 1800 1v.
1447 1740 1824 1806 13110.--‹.ha00
1841 1726 1955 1802 aa.

173 1849 378 1900 notat:
425 1847 691 1923 Πρῶτος
735 1840 1120 1923 Στησίχορος
1165 1844 1280 1923 ἔφη
1326 1841 1444 1905 σὺν
1487 1829 1699 1913 ὅπλοις
1728 1847 1955 1922 ἐκτῆς

169 1949 283 2005 τοῦ
329 1941 476 2010 Διὸς
519 1947 787 2023 κεφαλῆς
833 1940 1230 2019 ἀναπηδῆσαι
1263 1941 1380 2020 τὴν
1415 1941 1710 2020 Ἀθηνᾶν.
1750 1941 1954 2015 ‘Quod

173 2043 227 2101 si
272 2058 492 2100 Verum
539 2050 662 2112 est,
724 2039 1227 2099 Hemsterhusius
1272 2042 1391 2113 ait,
1455 2040 1806 2102 stesichoro
1860 2060 1956 2106 re-

173 2143 503 2201 centiorem
550 2150 795 2221 oportet
850 2140 1041 2199 fuisse
1087 2140 1400 2220 Orpheum
1446 2141 1654 2214 illum,
1681 2163 1685 2165 ⁴
1711 2141 1816 2220 qui
1861 2161 1955 2200 ee-

174 2243 324 2302 cinit
383 2242 590 2311 ὅπλοις
647 2243 1047 2321 λαμπομένην
1105 2251 1216 2299 etc.
1274 2240 1348 2299 cf.
1391 2240 1694 2300 Matthiae
1745 2239 1829 2300 ad
1862 2240 1953 2313 „H.

172 2341 251 2401 H.
297 2362 358 2421 p.
411 2341 547 2400 102.
637 2341 757 2400 Sed
805 2343 936 2400 fieri
979 2350 1188 2420 potest
1237 2337 1317 2399 ut
1347 2340 1954 2421 Apolloniienarra-

172 2451 269 2500 tor
312 2459 438 2498 non
479 2441 700 2521 legerit.
720 2441 1158 2518 Theogoniam,
1204 2459 1387 2519 quam
1434 2433 1955 2502 doctissimis've-

171 2550 369 2599 terum
417 2539 970 2599 Grammaticorum
1030 2542 1305 2617 ignotam
1350 2541 1541 2599 fuisse
1572 2533 1952 2620 ‘praesentis-

172 2643 329 2700 simo
397 2639 688 2718 exemplo
751 2638 995 2698 docere'
1027 2657 1299 2717 possum.
1387 2639 1545 2699 Nam
1609 2639 1689 2698 ad
1732 2636 1815 2698 'IL
1879 2639 1951 2698 V.

174 2741 317 2802 883.
363 2739 470 2799 ubi
494 2739 662 2798 Mars
707 2759 744 2798 a
768 2738 1076 2798 Diomede
1120 2740 1362 2797 saucius
1401 2736 1539 2799 Jovi
1585 2739 1775 2797 filiam
1819 2757 1952 2798 sae-

173 2861 319 2902 vam
378 2838 710 2918 exprobrat
760 2838 856 2897 his
909 2837 1148 2899 verbis:
1211 2839 1290 2900 σὺ
1344 2839 1409 2901 δ’
1469 2839 1656 2908 αὐτὸς
1711 2839 1948 2924 ἐγείναο

173 2942 350 3005 παῖδ’
399 2940 688 3019 ἀΐδηλον,
732 2957 1072 3018 pronomen
1131 2936 1317 3008 αὐτός
1359 2936 1638 2997 Hesiodo
1685 2941 1951 2998 occasio-

174 3061 315 3100 nem
372 3039 729 3119 praebuisse
784 3038 1082 3110 scribunt,
1148 3047 1218 3096 ut
1271 3037 1617 3098 Minervam
1679 3059 1713 3096 e
1772 3037 1950 3100 Jovis
2019 3110 2021 3113 ¹

176 3142 376 3220 capite
434 3149 631 3199 ortam
689 3141 954 3216 fingeret.
1041 3137 1250 3217 Neque
1306 3140 1556 3197 omnino
1617 3139 1682 3196 in
1740 3140 1947 3218 eopio-

176 3241 435 3299 sissimis
478 3239 740 3299 Homeri
785 3239 1234 3299 commentariis
1292 3238 1477 3297 ullam
1526 3230 1778 3318 Orphici
1823 3255 1946 3297 car-

179 3343 382 3414 minis,
428 3340 504 3400 de
549 3358 668 3420 quo
713 3341 1039 3421 loquimur,
1082 3340 1454 3399 mentionem
1507 3340 1636 3398 fieri
1679 3338 1946 3397 memini.
