2158 3848
755 229 1207 274 ORPHICA.
1743 215 1864 276 271

98 371 286 429 motis
320 365 596 443 solisque
636 363 704 421 in
738 359 912 416 locis.
1000 354 1138 428 Qua
1161 354 1517 415 definitione
1559 361 1870 419 continen-

100 478 201 528 tur
239 467 506 547 primum
549 459 846 537 mysteria
888 456 1151 529 urbana,
1194 457 1330 518 sive
1373 476 1447 516 ea
1489 458 1639 517 solis
1683 462 1873 536 genti-

98 568 256 626 libus
299 573 448 622 nota
490 569 692 631 erant,
749 558 886 618 sive
927 558 1090 616 intra
1132 555 1519 616 sacerdotum
1565 561 1872 618 conscien-

98 670 248 725 tiam
300 660 602 731 latebant,
688 659 847 717 sicut
904 656 1374 717 Atheniensium
1443 660 1675 739 ἄῤῥητα
1738 658 1870 742 ἱερά

95 767 222 843 regi
275 772 335 821 et
393 762 638 837 reginae
692 775 1006 818 sacrorum
1050 743 1433 817 commissa.¹
1479 757 1696 819 Altera
1736 777 1873 838 spe-

98 868 218 924 cies
262 861 686 939 complectitur
728 858 990 935 Magnae
1032 857 1250 918 Matris
1309 856 1648 938 Bacchique
1702 877 1875 918 sacra

93 964 384 1034 fanatica,
451 971 582 1019 tum
640 960 777 1033 illa,
843 976 999 1037 quae
1063 959 1328 1015 triennio
1397 959 1767 1017 circumacto
1837 977 1876 1018 a

91 1063 420 1122 mulierum
467 1059 739 1119 coetibus
784 1075 1062 1117 seorsum
1106 1059 1411 1136 permissu
1467 1059 1737 1118 civitatis
1780 1059 1873 1116 in-

94 1171 363 1222 staurata
419 1169 562 1219 sunt
589 1159 663 1242 [²]
680 1202 697 1231 ‚
766 1167 899 1217 tum
961 1158 1212 1236 privata
1267 1156 1875 1236 Orpheotelestarum

0 1283 1 1326 ς
92 1264 283 1322 initia.
367 1259 470 1321 Ad
524 1260 772 1319 tertiam
827 1258 1084 1317 classem
1137 1257 1372 1331 refero,
1440 1259 1496 1317 si
1549 1276 1704 1337 quae
1759 1276 1872 1338 pro

92 1362 343 1439 singulis
395 1360 656 1432 fiebant,
729 1357 989 1419 deorum
1031 1357 1313 1417 Manium
1367 1358 1875 1419 averruncorum-

93 1482 208 1544 que
250 1462 628 1541 placamina,
675 1468 993 1539 ceteraque
1036 1460 1333 1518 sacrificia
1358 1458 1642 1518 lustralia
1684 1469 1746 1519 et
1779 1478 1874 1519 re-

91 1563 387 1622 solutoria
432 1580 570 1620 cum
624 1560 966 1619 inferorum
1019 1561 1344 1619 numinum
1396 1559 1693 1636 religione
1737 1568 1877 1619 con-

84 1665 313 1741 juncta.
397 1661 497 1719 De
532 1660 753 1739 quibus
798 1659 999 1718 dicam
1044 1659 1329 1740 equidem
1374 1659 1657 1737 singuIiS‚
1694 1661 1874 1719 initio

95 1773 298 1822 sumto
342 1780 382 1820 a
423 1761 754 1836 mysteriis.

261 1860 364 1921 Ad
386 1861 708 1919 Eleusinia
752 1862 1023 1940 antiquis
1059 1859 1452 1939 'temporibus
1494 1858 1734 1918 nullum
1769 1878 1878 1940 pe-

91 1963 346 2040 regrinis
404 1960 641 2019 aditum
695 1959 887 2019 fuisse
942 1969 1076 2018 tum
1118 1959 1541 2039 Apollodorus
1597 1968 1875 2032 testatur,

92 2073 228 2122 tum
298 2070 479 2123 vetus
536 2060 970 2142 proverbium:
1049 2061 1309 2123 Ἀττικοὶ
1373 2061 1453 2123 τοὶ
1517 2061 1875 2136 Ἐλευσίνια,

94 2162 261 2243 quod
305 2161 428 2221 dici
471 2163 570 2224 ἐπὶ
590 2169 733 2226 τῶν
767 2163 915 2224 καθ’
960 2162 1220 2231 ἑαυτοὺς
1265 2163 1729 2246 συλλεγομένων
1772 2163 1878 2223 καὶ

94 2262 499 2346 πραττόντων
540 2286 603 2324 τι
648 2259 1027 2342 ἀπόρρητον,
1086 2261 1278 2320 Duris
1323 2270 1534 2320 auctor
1579 2269 1673 2320 est
1708 2260 1878 2341 apud

96 2363 322 2423 Zenob.
367 2363 442 2422 Π.
487 2362 589 2421 26.
642 2361 1008 2439 Diogenian.
1053 2362 1128 2420 11.
1175 2362 1274 2421 38.
1320 2379 1575 2441 eamque
1620 2361 1698 2420 ob
1737 2380 1876 2421 cau-

95 2483 230 2524 sam
282 2463 563 2523 nonnulli
605 2461 937 2522 Herculem
998 2470 1063 2520 et
1112 2462 1483 2534 DioscurQS,
1547 2471 1875 2542 antequam

92 2566 517 2637 initiarentur,
580 2581 620 2622 a
674 2562 912 2625 civibus
953 2561 1176 2621 Atticis
1231 2561 1563 2642 adoptatos
1608 2581 1741 2622 esse
1784 2563 1877 2622 fa-

93 2665 290 2725 bulati
332 2674 491 2724 sunt.
576 2661 789 2742 Neque
837 2662 1179 2723 faciliorem
1231 2664 1298 2722 in
1353 2663 1875 2724 communicandis

213 2863 276 2920 [⁸]
307 2863 436 2907 Diod.
464 2863 542 2906 IV.
572 2861 614 2905 3.
644 2860 769 2920 παρὰ
796 2863 986 2911 πολλαῖς
1014 2864 1105 2906 τῶν
1129 2860 1397 2918 Ἑλληνίδων
1425 2859 1604 2907 πόλεων
1633 2861 1709 2906 διὰ
1715 2865 1875 2933 τριῶν

100 2920 212 2964 ἑτῶν
247 2917 434 2980 βακχεῖά
471 2936 518 2965 τε
557 2922 787 2980 γυναικῶν
827 2920 1119 2991 ἀθροίζεσθαι
1158 2924 1234 2964 καὶ
1273 2926 1370 2971 ταῖς
1397 2926 1646 2993 παρθένοις
1674 2917 1874 2980 νόμιμον

0 2994 4 3023 ε
71 2974 217 3023 >dvm
250 2984 560 3050 θυρσοφορεῖν
604 2981 682 3023 καὶ
721 2976 1113 3031 συνενθουσιάζειν
1153 2977 1416 3035 εὐαζούσας,
1459 2978 1536 3028 τὰς
1577 2980 1627 3024 δὲ
1656 2985 1875 3038 γυναῖκας

101 3035 214 3080 κατὰ
253 3036 386 3093 συστή
426 3054 510 3082 ata
549 3033 778 3089 θυσιάζειν
815 3041 877 3096 τῷ
914 3041 1009 3095 θεῷ
1051 3042 1128 3083 καὶ
1168 3036 1421 3095 βακχεύειν.
1481 3038 1664 3081 Ovidius
1694 3039 1869 3082 Remed.

104 3098 244 3138 Amor.
285 3110 327 3138 v.
397 3097 467 3141 92.
507 3097 635 3140 ibat
661 3103 723 3139 ut
751 3082 941 3140 Edono
970 3100 1237 3141 referens
1269 3098 1612 3140 Trieterica
1641 3098 1871 3141 Baccho

12 3161 19 3172 ⁸
102 3155 190 3196 ire
219 3153 370 3198 solet
396 3157 551 3199 fusis
581 3155 836 3198 barbara
865 3157 1034 3199 turba
1063 3158 1242 3201 comis.
1302 3155 1457 3212 anue
1487 3156 1691 3200 solemnia
1718 3158 1871 3214 perdiu

102 3213 283 3255 durasse
311 3215 496 3258 ostendit
524 3215 717 3258 Galenus
746 3213 801 3256 de
829 3215 1019 3261 Antidot.
1051 3216 1087 3258 Ι.
1119 3217 1160 3258 8.
1186 3215 1286 3258 878.
1316 3215 1369 3257 B.
1407 3214 1459 3258 F.
1484 3214 1608 3258 XIII.
1640 3212 1872 3265 κάλλιστος

104 3265 187 3315 ουν
230 3272 322 3314 ἐστι
359 3271 510 3327 καιρὸς
543 3271 645 3330 (τὰς
684 3272 865 3329 ἐχίδνας
898 3271 1133 3346 θηρεύειν)
1174 3272 1307 3326 ἡνίκα
1348 3275 1424 3316 καὶ
1475 3276 1519 3318 οὶ
1559 3277 1621 3332 τιό
1656 3272 1869 3346 Διονύσῳ

19 3347 21 3350 ’
102 3326 396 3385 βακχεύοντες
422 3329 608 3376 εἰώθασι
639 3331 839 3387 διασπᾶν
865 3330 943 3381 τὰς
969 3333 1173 3390 ἐχίδνας,
1204 3335 1470 3403 παυομένου
1497 3336 1576 3377 τοῦ
1605 3326 1712 3391 ἦρος
1741 3329 1867 3379 ου’πω

104 3387 146 3430 δ’
177 3390 251 3445 ⁷⁷19>
252 3392 403 3445 μένου
434 3392 512 3434 τοῦ
540 3394 715 3449 4λε’ρους.
749 3393 803 3433 cf.
836 3390 1056 3434 Schwarz.
1087 3393 1142 3435 de
1175 3392 1354 3434 Gemma
1384 3391 1518 3448 antiq.
1552 3408 1594 3449 p.
1624 3393 1694 3435 79.
