2158 3848
809 246 1261 291 oupnch.
1805 239 1929 301 243

146 400 282 440 cum
326 396 633 438 summum
677 376 870 435 fuisse
912 391 1038 432 non
1092 374 1298 435 solum
1345 379 1572 439 novitii
1627 389 1931 444 testantur

144 490 451 549 auctoreS,
496 477 705 556 quales
746 474 1043 534 hactenus
1085 474 1375 554 producti
1420 488 1593 551 sunt,
1639 481 1748 540 sed
1789 484 1932 543 Pin-

143 580 357 650 daruS‚
400 574 744 651 Aeschylus
787 573 1004 651 Agam.
1054 574 1234 635 1640.
1295 576 1628 657 Euripides
1673 581 1807 659 Iph.
1853 583 1929 643 A.

141 677 323 738 1199.
411 676 732 735 Summam
777 684 984 735 autem
1029 677 1341 750 omnium,
1388 697 1547 758 quae
1575 677 1653 738 de
1680 679 1931 762 Orpheo

136 775 599 860 praedicantur,
645 776 980 836 Pausanias
1026 777 1455 858 complectitur
1497 776 1606 839 IX.
1634 781 1734 841 30.
1787 783 1934 866 Ὄρ-

137 878 287 962 φεύς
331 877 429 940 ἐπὶ
469 879 631 964 μέγα
672 874 870 958 ἦλθεν
914 875 1126 958 ἰσχύος
1180 877 1281 939 οἶα
1338 878 1781 963 πιστευόμενος
1824 884 1930 946 εὑ-

135 980 386 1062 ρηκέναι
428 979 674 1049 τελετὰς
715 982 892 1042 θεῶν
946 978 1053 1040 καὶ
1112 979 1315 1062 ἔργων
1360 978 1636 1044 ἀνοσίων
1678 986 1928 1066 καθαρ-

132 1080 292 1163 μοὺς
349 1077 561 1144 νόσων
630 1104 696 1140 τε
770 1076 1009 1160 ἰάματα
1080 1076 1189 1140 καὶ
1260 1078 1498 1160 τροπὰς
1555 1081 1931 1163 μηνιμάτων

132 1180 361 1254 θείων,
408 1198 564 1259 quae
608 1178 818 1237 omnia
861 1176 943 1237 ad
990 1196 1184 1237 unum
1228 1195 1418 1255 genus
1461 1176 1775 1255 recidunt,
1835 1184 1932 1240 cui

131 1281 502 1340 recentiores
547 1278 792 1356 Magiae
845 1295 1077 1338 nomen
1137 1277 1514 1339 indiderunt.
1605 1279 1742 1354 Quo
1791 1301 1933 1340 con-

132 1382 362 1440 tinetur
416 1369 703 1442 τελεσῖὲοῢ
760 1379 937 1438 notio
995 1380 1245 1460 piacula
1300 1379 1548 1460 publice
1604 1374 1932 1461 privatim-

131 1502 248 1563 que
293 1490 579 1560 suscepta
621 1480 1008 1560 procurantis
1066 1489 1129 1539 et
1185 1481 1379 1540 animi
1435 1480 1794 1562 corporisve
1846 1483 1933 1542 la-

130 1583 241 1643 bes
282 1600 391 1643 seu
422 1581 682 1662 proprio
719 1598 927 1638 errore
969 1589 1313 1641 contractas
1352 1583 1488 1642 sive
1528 1581 1931 1643 hereditarias

134 1683 373 1742 arcanis
418 1678 789 1760 quibusdam
836 1682 1186 1740 cerimoniis
1232 1682 1558 1761 expiantiS.

303 1781 467 1841 VIII.
524 1780 879 1853 Postrem0‚
923 1798 1003 1838 ne
1049 1780 1198 1860 quid
1244 1781 1597 1854 omittatur,
1645 1781 1931 1860 Orpheus

134 1884 517 1944 Thracum
561 1880 885 1960 populis
941 1879 1098 1939 fuit
1153 1890 1427 1940 auctor
1471 1898 1809 1941 amorem
1854 1884 1932 1941 in

131 1994 450 2044 teneros
494 1977 938 2040 transferre
980 1997 1250 2040 mares.
1311 1980 1498 2044 ovid.
1528 1981 1676 2041 Met.
1702 1980 1782 2041 X.
1829 1982 1931 2041 83.

128 2084 416 2163 Hyginus
445 2081 694 2146 Astron.
719 2079 851 2141 VII.
900 2099 1044 2141 eum
1078 2099 1116 2140 a
1152 2082 1518 2142 mulieribus
1546 2079 1932 2162 discerptum

131 2184 328 2246 tradit
367 2202 508 2266 per
551 2180 924 2242 Venerem
978 2183 1426 2260 instigatiS‚
1482 2184 1664 2262 quia
1708 2180 1933 2262 Jupi-

133 2295 252 2345 ter
310 2285 388 2343 in
449 2284 593 2342 lite
656 2280 744 2341 de
799 2279 1166 2341 Adonide
1228 2280 1656 2362 Calliopen
1720 2281 1934 2360 judi-

137 2405 293 2446 cem
355 2382 711 2456 dederat3
784 2381 928 2441 alii
991 2381 1262 2443 dicunt
1320 2381 1520 2463 quod
1579 2381 1931 2462 Orpheus

134 2487 428 2566 primus
460 2500 880 2566 puerorum
926 2500 1258 2542 amorem
1302 2480 1934 2563 induxerit3quod

135 2605 173 2645 a
216 2585 522 2645 Phanocle
564 2586 653 2643 ita
697 2581 997 2643 traditum
1043 2593 1152 2642 est.
1239 2582 1415 2641 Plato
1461 2583 1611 2663 Rep.
1655 2583 1734 2643 X.
1780 2584 1925 2643 620.

132 2685 208 2747 A.
255 2688 388 2766 ejus
432 2694 694 2745 mortem
739 2684 1082 2745 violentam
1127 2693 1188 2744 et
1231 2692 1449 2743 natum
1494 2684 1636 2743 hinc
1684 2686 1750 2744 in
1796 2703 1931 2744 mu-

131 2787 313 2846 lieres
359 2785 574 2846 odium
618 2795 1094 2859 commemorat,
1163 2804 1315 2865 quas
1362 2802 1441 2844 an
1495 2786 1681 2846 vivus
1741 2785 1930 2843 offen-

138 2885 299 2947 derit
341 2887 656 2968 OrpheuS‚
722 2887 952 2946 nullius
1008 2887 1371 2966 antiquioris
1429 2886 1695 2944 auctoris
1756 2885 1928 2943 testi-

142 2990 350 3047 monio
383 2997 653 3060 constat,
697 3005 810 3046 nec
844 2989 993 3047 satis
1030 2988 1228 3068 liquet
1265 2988 1493 3063 crimen
1530 2987 1736 3064 ipsum
1781 2988 1927 3065 (quo

142 3085 467 3163 Thamyris
511 3106 750 3168 quoque
806 3088 1165 3168 infamatur)
1224 3097 1430 3146 utrum
1490 3104 1574 3144 ex
1619 3085 1927 3145 Thracum

139 3185 415 3248 moribus
459 3190 801 3266 conjectum
845 3208 925 3249 an
969 3210 1003 3248 e
1047 3190 1234 3249 sacris
1278 3185 1770 3267 carminibusque
1815 3184 1927 3245 Or-

140 3286 339 3365 phicis
385 3285 632 3347 ductum
679 3288 880 3347 fuerit.

1429 3486 1587 3544 16*
