2158 3848
211 204 331 263 180
795 209 1033 253 LIBER
1076 205 1385 252 PRIMUS.

207 346 479 417 intersit,
524 344 638 403 etsi
682 351 812 403 arte
857 336 1290 422 comprehendi
1334 355 1458 397 non
1501 342 1739 417 potest,
1782 342 1990 393 tamen

212 445 619 524 unusquisque
663 445 1004 522 peritorum
1047 438 1349 515 intelligit.

984 648 1037 727 ξ.
1124 649 1225 707 22.

383 839 596 914 Longa
639 824 788 893 haec
842 832 961 891 fuit
1018 831 1095 891 ab
1139 830 1419 889 instituto
1477 848 1652 889 cursu
1701 822 1996 908 digressio

216 937 322 998 sed
369 937 448 997 ad
493 918 970 1015 explicandum,
1030 947 1187 1009 quae
1230 929 1434 987 exorsi
1488 944 1760 1003 sumus,·
1793 946 2001 989 neces-

218 1040 397 1098 saria.
486 1035 644 1096 Nam
709 1035 761 1093 si
828 1016 1086 1112 apparet
1145 1037 1388 1089 veteres
1446 1028 1876 1107 archaeologos
1936 1029 2002 1085 in

217 1133 692 1216 interpretandis
736 1134 1044 1211 majorum
1087 1129 1386 1188 institutis
1434 1128 1604 1188 haud
1646 1129 1824 1187 aliter
1866 1145 2004 1186 ver-

222 1244 390 1296 satos
448 1253 580 1294 esse
627 1251 810 1312 quam
870 1233 937 1290 in
988 1239 1313 1310 poetarum
1358 1228 1583 1288 fabulis
1638 1231 2004 1307 interpretes

222 1336 614 1414 allegoricos,
657 1334 800 1391 hinc
831 1328 1192 1389 concludere
1217 1346 1578 1408 possumUS,
1624 1328 1835 1387 omnia
1875 1326 2005 1397 illa,

225 1454 383 1516 quae
423 1437 492 1492 in
535 1432 846 1509 mysteriis
891 1428 1120 1488 tradita
1164 1447 1296 1487 esse
1342 1426 1656 1500 dicuntur,
1719 1445 1844 1486 non
1888 1436 2009 1485 tra-

224 1536 355 1595 dita
397 1551 531 1592 esse
576 1531 685 1591 sed
731 1549 769 1589 a
803 1527 1250 1608 spectatoribus
1277 1529 1648 1605 excogitata,
1692 1529 1851 1587 sicut
1873 1546 2010 1586 sen-

224 1622 456 1696 tentiae
499 1630 976 1708 Pythagoricae,
1021 1627 1404 1699 Platonicae,
1450 1625 1714 1700 Stoicae,
1758 1646 1908 1707 quas
1945 1628 2011 1686 in

225 1734 489 1795 Homeri
534 1728 906 1790 carminibus
950 1728 1070 1804 legi
1110 1725 1416 1786 affirmant
1438 1726 1844 1805 Allegoretae,
1886 1746 2014 1786 non

226 1825 451 1915 poetae
516 1839 660 1890 sunt
714 1829 897 1887 effata
951 1826 1062 1886 sed
1117 1828 1396 1907 ipsorum
1450 1828 2014 1909 interpretamenta.

232 1930 625 2002 Sacerdotes,
690 1930 1064 2009 periegetaS,
1129 1925 1412 1986 aedituos
1466 1929 1764 1987 nonnulla
1807 1930 2015 2007 priva-

233 2035 350 2093 tim
394 2030 893 2090 subministrasse
938 2026 1277 2099 sacricoliS,
1321 2045 1447 2085 non
1478 2029 1863 2105 negaverim,
1907 2027 2017 2088 sed

236 2132 448 2213 potius
491 2132 582 2188 ita
626 2126 1023 2198 contendam,
1089 2144 1402 2209 sacrorum
1447 2135 1802 2207 opertorum
1845 2130 2018 2202 rituS,

237 2251 358 2312 quo
405 2229 769 2290 occultiores
814 2219 1016 2286 essent
1061 2234 1124 2284 et
1165 2226 1627 2300 insolentiores,
1697 2246 1772 2287 eo
1826 2230 2020 2307 magis

240 2342 375 2390 tum
429 2337 808 2409 spectatores
866 2325 947 2386 ad
1001 2345 1215 2386 causas
1272 2325 1676 2407 indagandas>
1709 2329 2021 2402 excitasse,

243 2438 374 2489 tum
417 2430 592 2500 illos,
659 2422 920 2507 quorum
962 2428 1287 2498 intererat,
1351 2445 1428 2484 ne
1473 2427 1621 2506 quid
1675 2446 1884 2490 earum
1928 2450 2023 2489 re-

244 2548 384 2589 rum
448 2529 682 2586 nescire
738 2526 1127 2598 viderentur,
1193 2523 1274 2583 ad
1329 2527 1874 2589 comminiscendas
1929 2548 2026 2590 sa-

247 2646 491 2688 crorum
549 2645 766 2687 causas
819 2626 1036 2685 fecisse
1089 2624 1477 2703 promtiores,
1583 2626 1757 2686 Haec
1819 2638 2026 2690 autem
2098 2623 2102 2627 ’

250 2728 490 2799 omnia,
554 2745 726 2805 quaer
768 2726 997 2784 initiati
1050 2724 1154 2786 vel
1210 2742 1249 2782 a
1302 2723 1719 2785 sacerdotibus
1781 2745 2028 2810 accepe-

243 2823 426 2900 runt,
468 2826 572 2888 vel
615 2824 962 2903 conjectura
1004 2825 1286 2902 augurati
1328 2834 1501 2899 sunt,
1544 2825 1747 2905 qualia
1776 2828 2027 2890 demum

249 2927 458 2999 fuere,
514 2943 699 3005 quam
741 2926 970 3005 pusilla
1026 2933 1088 2983 et
1129 2924 1419 3005 puerilia!
1506 2924 1666 2985 Vino
1709 2927 2029 2991 libidinem

251 3026 524 3098 incitari,
587 3026 878 3085 mortales
931 3024 1204 3103 frugibus
1260 3034 1323 3083 et
1375 3024 1673 3085 fructibus
1727 3026 2028 3099 victitare,

255 3126 421 3185 veris
464 3126 644 3184 initio
689 3144 864 3204 agros
910 3126 1308 3198 efflorescere,
1353 3135 1649 3186 autumno
1681 3136 1892 3186 exacto
1925 3126 2027 3185 de-

258 3224 604 3298 florescere,
663 3226 947 3286 haeccine
989 3235 1133 3285 sunt
1186 3226 1296 3285 illa
1339 3225 1785 3304 Pelasgicorum
1819 3226 2027 3308 philo-

257 3323 591 3404 sophorum
637 3336 845 3386 sancta
905 3335 966 3385 et
1009 3336 1265 3404 augusta
1307 3328 1635 3403 mysteria,
1702 3345 1855 3407 quae
1911 3325 2028 3384 soli
