2158 3848
265 173 391 234 222
854 181 1092 226 LIBER
1137 183 1446 227 PRIMUS.

265 315 667 400 ’ψυχοπομποὶ
689 313 901 399 γόητες
946 314 1355 376 daemonas
1399 318 1478 376 in
1523 315 1849 376 aliorum
1878 337 2036 397 per-

263 418 543 477 niciem
590 415 678 474 ab
723 415 1001 475 inferis
1047 426 1395 478 evocant.
1465 415 1623 476 Nam
1666 436 1793 477 11011
1837 418 2036 478 solum

261 519 378 578 hoc
421 516 676 577 consilio
721 517 976 576 venefici
1030 516 1166 574 aliis
1212 516 1547 577 daemonas
1601 518 2038 591 immittebant,

261 629 331 679 ut
384 633 604 696 corpus
664 633 877 674 eorum
930 614 1162 674 morbis
1232 627 1293 676 et
1347 618 1696 691 doloribUS‚
1763 620 2035 682 animum

262 709 412 778 diris
456 714 825 791 imaginibus
883 725 1176 775 vexarent
1233 720 1413 795 (quae
1457 726 1754 780 vocantur
1799 723 2039 805 ἐπαγω-

259 818 367 903 γαὶ
422 818 506 878 ἐπ’
566 814 815 896 ἐχθροῖς
868 813 1117 874 Lucian.
1162 815 1338 875 Alex.
1381 817 1454 876 V.
1499 819 1626 899 68.)
1685 817 1796 878 sed
1853 820 2039 878 etiam

260 916 342 977 ad
378 913 815 975 insinuandum
851 915 929 975 iis
965 934 1238 976 amorem
1260 919 1331 996 [ἃ]
1379 917 1676 997 aliosque,
1718 937 1873 997 quos
1908 920 2040 980 vel-

258 1019 415 1091 lent,
478 1016 727 1076 affectus
785 1016 969 1074 tacite
1024 1035 1135 1096 per
1191 1017 1437 1076 somnia
1490 1018 1827 1094 gliscentes.
1913 1020 2039 1078 Dio

261 1116 510 1179 Cassius
575 1124 784 1176 narrat
849 1115 1035 1176 LVII.
1097 1113 1192 1175 15.
1281 1116 1597 1180 Tiberium
1653 1119 2040 1178 institutione

258 1218 570 1295 Thrasylli
640 1219 706 1276 in
773 1234 978 1275 rerum
1047 1235 1407 1277 arcanarum
1475 1207 1730 1283 scientia
1798 1227 2039 1280 tantum

258 1321 594 1402 profecisse
659 1318 808 1386 ὥςτε
861 1316 1008 1379 ποτὲ
1063 1319 1219 1400 ὄναρ
1277 1319 1504 1390 δοῦναί
1554 1343 1680 1383 τινι
1736 1317 2039 1404 ἀργύριον

256 1419 607 1488 κελευσθεὶς
651 1422 930 1480 συνεῖναι
986 1417 1082 1479 ὅτι
1125 1417 1374 1499 δαίμων
1414 1446 1508 1489 τις
1551 1424 1616 1482 ἐκ
1658 1419 1938 1505 γοητείας
1982 1421 2040 1480 οἱ

258 1515 743 1603 ἐπιπέμπεταιῇ]
791 1516 899 1576 11111
942 1517 1069 1579 vid.
1112 1519 1370 1598 Interpr.
1457 1518 1547 1578 Hi
1584 1528 1790 1578 autem
1819 1519 2038 1579 011110-

254 1623 478 1702 pompi
534 1620 668 1681 sive
736 1616 1069 1677 daemones
1125 1619 1458 1678 somniales
1512 1619 1904 1699 pertinebant
1958 1618 2040 1678 ad

253 1723 580 1802 proprium
619 1718 943 1796 Magorum
987 1719 1368 1793 satellitium,
1410 1722 1675 1799 'quorum
1717 1723 2039 1799 unusquis-

254 1842 373 1902 que
418 1838 561 1880 suos
606 1818 903 1899 paredros
949 1821 1110 1893 sive,
1165 1829 1234 1878 ut
1276 1838 1438 1879 nunc
1479 1839 1802 1894 vocamus»,
1860 1821 2040 1899 spiri-

254 1932 355 1982 tus
412 1920 746 1979 familiares
801 1919 1029 1978 habere
1086 1918 1328 1978 solebat
1353 1919 1444 2000 [⁰]‚
1500 1938 1761 1998 quorum
1809 1939 1928 2000 ope
1974 1929 2037 1978 et

251 2022 461 2080 futura
502 2029 974 2098 praenoscerent
987 2016 1060 2099 [²¹]
1109 2029 1170 2077 et
1215 2030 1414 2078 cetera
1458 2022 1837 2093 conficerent,
1882 2021 2039 2079 sicut

252 2121 589 2201 Apollonio
647 2119 957 2197 ejusmodi
1014 2119 1278 2178 daemon
1325 2121 1611 2178 assistere
1656 2119 2033 2179 credebatur.

335 2282 343 2295 Χ
372 2276 436 2332 [a]
470 2275 525 2317 cf.
560 2275 668 2317 Acta
700 2274 888 2331 Martyr.
916 2275 1115 2318 Ruinart.
1144 2290 1186 2332 p.
1219 2272 1315 2316 141.
1346 2274 1414 2318 ed.
1444 2275 1502 2318 Π.

371 2358 433 2416 [b]
465 2358 638 2401 Heliod.
681 2359 804 2401 Aeth.
846 2359 923 2401 IV.
967 2359 1009 2402 7.
1050 2358 1148 2402 174.
1189 2357 1385 2416 ὀχλεῖτοει
1424 2355 1513 2401 ὑπὸ
1554 2360 1646 2402 τῶν
1676 2354 1939 2414 δυνάμεων,
1983 2354 2035 2408 ἃς
2101 2402 2119 2411 A

254 2417 389 2467 αὐτὸς
418 2421 703 2474 κατέπεμψα.
1445 2449 1447 2451 .

373 2501 433 2557 [c]
461 2496 845 2558 Ὀνειροπομποὺς
885 2500 963 2541 καὶ
999 2499 1254 2558 παρέδρους
1283 2498 1504 2557 δαίμονας
1532 2499 1687 2543 Justin.
1717 2500 1843 2557 Apol.
1872 2500 1932 2542 ΙΙ.
1963 2499 2033 2543 65.

254 2561 448 2603 Galenus
488 2559 541 2600 de
584 2557 701 2600 Med.
744 2557 893 2612 Simpl.
935 2556 988 2599 X.
1029 2558 1129 2601 275.
1161 2558 1212 2598 C.
1243 2555 1296 2600 οὐ
1326 2557 1595 2627 μνημονεύω
1624 2561 1715 2602 τῶν
1743 2561 2035 2616 καλουμένων

253 2621 468 2687 (pamma),
502 2615 772 2674 ἀγωγίμων,
804 2615 1156 2673 ὀνειροπομπῶν
1183 2629 1230 2657 τε
1261 2618 1338 2657 καὶ
1365 2628 1610 2673 μισητρων.
1684 2619 1874 2659 Fuerunt
1903 2619 2033 2660 etiam
2100 2631 2105 2642 ·’

252 2677 372 2734 genii
411 2675 587 2734 paredri
630 2673 784 2716 nullius
815 2674 992 2715 servitio
1024 2674 1233 2730 adscripti
1262 2673 1337 2715 sed
1369 2674 1586 2726 omnibus,
1618 2674 1771 2730 quibus
1801 2676 1910 2717 bene
1940 2676 2033 2719 vel-

252 2738 360 2789 lent,
391 2735 628 2783 salutare33
658 2732 1056 2788 velutHephaestio
1082 2738 1186 2794 post
1213 2738 1389 2776 mortem
1411 2731 1644 2775 Alexandri
1673 2733 2033 2778 amicos-somniis

251 2800 298 2838 et
340 2793 527 2836 oraculis
570 2791 764 2835 officiose
804 2791 1058 2844 admonens,
1088 2799 1292 2848 tanquam
1322 2788 1430 2839 θεὸς
1458 2787 1685 2850 πάρεδρος
1714 2794 1791 2834 καὶ
1820 2791 2030 2842 ἀλεξίκα-

251 2870 330 2904 κος
358 2853 498 2896 cultus
529 2856 597 2895 est
626 2850 805 2892 Lucian.
836 2849 889 2891 de
920 2849 1113 2893 Calumn.
1145 2850 1286 2893 XVII.
1311 2848 1381 2891 47.
1414 2849 1471 2895 T.
1502 2850 1624 2892 VIII.

370 2933 435 2993 [d]
467 2934 685 2994 Epiphan.
726 2934 778 2976 L.
805 2933 845 2976 -Ι,
880 2933 944 2976 Τ.
973 2932 1056 2979 ΙΙΙ.
1098 2931 1197 2979 234,
1239 2931 1356 2982 εἰκὸς
1394 2931 1530 2976 αὐτὸν
1566 2932 1762 2992 δαίμονα
1802 2931 1951 2995 πάρεὸ
1979 2950 2032 2979 ον

251 2997 373 3053 ἔχειν
403 2994 468 3037 δι’
504 2996 558 3038 οὑ
586 2988 876 3052 προφητεύει.
918 2991 1175 3035 Ter-tullian.
1207 2991 1261 3034 de
1291 2993 1371 3035 An.
1404 3007 1447 3049 p.
1477 2991 1575 3034 351.
1604 2992 1659 3036 D.
1691 2995 1888 3036 scimus
1981 3009 2030 3050 a-

252 3054 420 3110 gicae
460 3053 647 3095 licere
691 3050 1078 3109 explorandis
1118 3051 1377 3094 occultis
1416 3065 1514 3107 per
1557 3050 1942 3095 catabolicos
1972 3055 2029 3094 et

251 3112 546 3156 Paredros
591 3116 644 3154 et
683 3110 1038 3166 pythonicos
1080 3114 1161 3153 etc.
1221 3110 1338 3152 Idem
1376 3109 1500 3166 Apol.
1531 3109 1694 3153 XXIII.
1725 3110 1796 3154 32.
1846 3111 2027 3156 Herald.

253 3170 300 3213 si
341 3170 486 3226 magi
510 3170 940 3226 'phantasmata
977 3168 1149 3211 edunt
1189 3174 1244 3211 et
1273 3169 1672 3212 defunctorum
1701 3167 2027 3212 inclamant

252 3230 497 3282 animas,
528 3228 577 3270 si
605 3242 818 3284 pueros
846 3228 905 3270 in
934 3227 1227 3284 eloquium
1259 3227 1480 3270 oraculi
1521 3228 1768 3272 eliciunt
1813 3227 2026 3284 (scr-..eli-

251 3289 378 3344 dunt)
409 3292 464 3330 01
494 3289 713 3330 somnia
750 3287 1087 3338 immittunt,
1131 3287 1409 3329 habentes
1449 3286 1615 3329 simul
1645 3287 2024 3330 invitatorum

250 3347 571 3390 daemonum
602 3347 982 3389 assistentem
1011 3345 1122 3388 sibi.
1152 3348 1509 3402 potestatem.

2151 3191 2158 3323 ...ῃ-..-
2151 3138 2158 3175 e-
2153 3103 2158 3112 .
2155 3069 2158 3082 .-
