2158 3848
805 231 1257 276 onrHICA.
1795 216 1919 277 245

138 389 275 429 rum
322 367 672 427 cerimoniis
713 363 811 422 usi
854 368 1031 434 sunt3
1088 357 1276 439 idque
1319 362 1761 437 superstitiosis
1805 362 1921 420 hoc

136 469 372 528 facilius
431 461 792 544 persuaderi
849 467 1130 539 poterat,
1209 458 1403 538 quod.
1434 458 1661 518 linteae
1726 463 1919 522 vestis

141 568 281 627 usus
328 565 576 624 Graecis
596 579 601 582 ’
621 562 890 641 antiquis
917 559 1320 620 *domesticus
1365 568 1498 618 erat
1542 562 1627 636 (v.
1672 559 1919 619 Werns-

132 666 286 725 dori.
331 663 412 724 ad
454 663 624 724 Him.
668 661 777 721 XI.
823 659 992 739 572.)
1039 679 1234 740 eoque
1278 661 1482 740 aptior
1526 658 1607 718 ad
1650 678 1780 719 rem
1827 659 1918 717 di-

132 768 358 827 vinam.
445 765 560 823 Ille
603 781 754 825 vero
801 762 961 844 ἱερὸς
1005 760 1184 847 λόγος
1228 762 1361 819 sine
1405 758 1596 819 dubio
1652 758 1736 821 ad
1792 777 1920 816 me-

131 863 593 944 tempsychosin
649 862 970 943 spectabat
1022 860 1434 940 monebatque
1500 862 1779 920 initiatos
1850 867 1921 918 ut

128 965 409 1024 animum
480 983 520 1024 a
584 965 863 1044 corporis
928 962 1343 1033 commerciis,
1422 969 1720 1039 quantum
1788 960 1921 1018 fieri

125 1074 369 1145 posset,
437 1083 700 1125 avocare
756 1061 1102 1135 studerent3
1168 1079 1354 1139 quam
1412 1061 1719 1118 rationem
1777 1061 1922 1137 quia

127 1164 563 1223 Bacchicorum
607 1164 930 1222 initiorum
975 1169 1255 1220 auctores
1301 1158 1557 1239 Orphici
1613 1178 1652 1218 a
1695 1158 1920 1235 Pytha-

125 1282 275 1341 gora
318 1271 766 1335 assumserant,
810 1261 1191 1339 Pythagoras
1235 1260 1314 1319 ab
1339 1258 1716 1339 'AegyptiiS‚
1778 1277 1920 1338 pro-

123 1374 340 1446 pterea
380 1361 746 1423 Herodotus
791 1363 963 1440 orgia
1004 1361 1113 1420 illa
1155 1360 1566 1438 Pythagorica
1611 1367 1673 1418 et
1716 1357 1920 1436 Aegy-

121 1466 260 1546 ptia
318 1482 454 1522 esse
510 1461 694 1536 dicit,
760 1464 993 1542 quippe
1050 1460 1131 1521 ad
1174 1461 1560 1539 Pythagorae
1615 1469 1676 1519 et
1718 1457 1922 1536 Aegy-

123 1566 402 1645 ptiorum
445 1564 782 1626 sententias
826 1564 1188 1642 composita.
1561 1612 1564 1616 ,

298 1663 473 1723 Haec
508 1662 802 1742 'quidem'
835 1662 913 1721 de
967 1663 1135 1721 cultu
1197 1661 1612 1741 Orphicorum
1670 1658 1921 1720 tradun-

127 1777 257 1838 tur;
314 1782 428 1822 nec
469 1764 674 1823 minor
715 1764 841 1825 illis
887 1782 1033 1821 cura
1076 1764 1279 1823 victus
1323 1761 1577 1834 mundi,
1632 1761 1922 1838 nullaque

129 1865 538 1924 animantium
581 1862 770 1922 caede
812 1864 1032 1942 parati.
1120 1862 1295 1921 Plato
1334 1862 1515 1939 Legg.
1541 1861 1644 1920 VI.
1670 1860 1815 1920 782.
1842 1860 1922 1917 D.

131 1964 319 2028 θύειν
363 1961 749 2047 ἀνθρώπους
804 1965 892 2025 ἔτι
947 1963 1054 2026 καὶ
1105 1970 1227 2026 νῦν
1269 1963 1633 2046 παραμένον
1668 1961 1923 2045 ’ὁρῶμεν

128 2072 407 2139 πολλοῖς,
473 2066 579 2127 καὶ
633 2063 1012 2130 τοῦναντίον
1069 2061 1379 2145 ἀκούομεν
1445 2067 1512 2126 ἐν
1568 2066 1774 2133 ἄλλοις
1828 2062 1925 2123 ὅτι

127 2236 382 2293 pellibus
425 2240 557 2277 sunt
598 2237 786 2287 facta3
826 2234 959 2276 inde
999 2234 1057 2276 in
1100 2233 1331 2290 aliquot
1373 2233 1561 2276 sacris
1592 2237 1650 2276 et
1678 2231 1922 2275 sacellis

129 2294 409 2350 scriptum
447 2294 746 2346 habemus,
795 2293 873 2335 Ne
912 2291 1046 2348 quid
1089 2296 1373 2334 scorteum
1415 2292 1803 2342 adhibeatur,
1857 2304 1921 2332 ne

131 2353 266 2409 quid
296 2352 673 2395 morticinum.
731 2351 800 2394 De
830 2351 1088 2393 Carmentae
1118 2351 1201 2393 hoc
1229 2353 1366 2393 refert
1394 2351 1580 2394 Ovidius
1598 2350 1723 2395 Fast.
1755 2350 1791 2391 I.
1823 2348 1921 2391 629.

133 2411 356 2467 Appianus
380 2410 477 2453 Civ.
506 2411 586 2452 IV.
620 2410 687 2452 11.
717 2409 817 2452 726.
849 2405 1066 2467 ὑπόδημα
1096 2407 1259 2453 λευκὸν
1285 2407 1478 2465 ἀττικὸν,
1511 2406 1535 2453 ὃ
1568 2411 1644 2452 καὶ
1668 2409 1923 2462 Ἀθηναίων

132 2471 315 2527 ἔχουσιν
344 2471 480 2527 ἱερεῖς
508 2472 584 2512 καὶ
607 2467 949 2526 Ἀλεξανδρέων,
981 2470 1060 2511 καὶ
1089 2469 1279 2512 καλοῦσι
1304 2465 1568 2526 φαικάσιον·
1594 2471 1639 2510 et
1659 2480 1843 2524 papyro,
1874 2469 1923 2508 ut

133 2528 319 2581 videtur,
349 2527 507 2580 textili,
539 2542 623 2584 quo
657 2528 904 2570 sacerdotes
934 2526 1176 2582 Aegyptios
1205 2541 1303 2569 usos
1326 2542 1420 2569 esse
1445 2527 1617 2568 scimus.
1640 2542 1682 2569 v.
1712 2525 1920 2568 Schmidt.

133 2587 187 2629 de
218 2587 382 2629 sacerd.
413 2587 522 2642 Aeg.
553 2601 596 2643 p.
624 2584 695 2628 44'.
725 2582 998 2643 ὑποδήματα
1027 2581 1261 2642 Αἰγύπτια
1289 2591 1421 2629 vocat
1450 2585 1662 2627 Aristides
1685 2585 1770 2626 Or.
1799 2585 1921 2626 Sacr.

133 2645 167 2688 I.
199 2646 296 2687 287.
366 2646 420 2687 In
458 2645 764 2688 Eratosthenis
794 2658 925 2687 versu
955 2644 1237 2700 (Bernhardy
1269 2659 1312 2701 p.
1345 2645 1468 2700 160.)
1501 2659 1624 2700 quem
1656 2644 1788 2686 affert
1817 2643 1922 2684 Bal·-

131 2703 284 2746 duinus
324 2703 378 2746 de
419 2703 541 2749 Calc.
585 2710 673 2747 ant.
716 2719 753 2747 c.
797 2702 865 2745 14.
912 2718 953 2759 p.
987 2701 1083 2745 181.
1125 2705 1278 2762 πέλμα
1317 2700 1677 2764 ποτιράπτεσκεν
1717 2702 1923 2760 ἐλαφροῦ

173 2768 394 2807 αικασίοιο
409 2796 421 2818 ,
469 2762 736 2806 scribendum
774 2762 948 2806 videtur
983 2763 1360 2822 ποτιῤῥίπτασκε,
1405 2763 1459 2804 de
1490 2762 1637 2818 aquila
1665 2761 1762 2813 illa,
1810 2775 1922 2816 quae

151 2822 298 2864 avanti
336 2821 585 2878 Rhodopidi
626 2821 816 2864 calceum
856 2820 1066 2891 surripuit
1106 2823 1183 2863 καὶ
1223 2817 1436 2879 ἐκόμισεν
1466 2824 1529 2870 εἰς
1556 2823 1758 2878 Μεῇιιφιν
1789 2815 1922 2861 δικά-

139 2880 285 2929 ζοντος
319 2885 391 2923 ‘Fa
427 2884 608 2938 μιτίχου
640 2882 718 2923 καὶ
747 2883 810 2929 εἷς
831 2878 911 2924 τὸν
935 2880 1108 2922 κολπον
1133 2880 1314 2934 ἐνέβαλε
1341 2878 1390 2923 τὸ
1416 2876 1631 2937 ὑπόδημα
1662 2878 1831 2922 Aelian.
1865 2878 1919 2920 V.

139 2936 196 2978 H.
222 2938 344 2980 XIII.
405 2938 446 2982 3.
477 2939 571 2981 sive
600 2944 648 2981 ut
677 2939 837 2982 Strabo
868 2939 931 2981 ait
959 2938 1100 2980 XVII.
1132 2939 1231 2980 808.
1263 2938 1438 2999 ἔρῥιψε.
1485 2937 1803 2993 Pythagoricus
1832 2935 1919 2987 ille,

140 2994 214 3050 qui
242 3010 268 3037 a
297 3002 442 3040 sutore
471 2997 713 3043 Phaecasia
741 2999 844 3040 emit
872 2998 1025 3040 Senec.
1054 2997 1207 3039 Benef.
1237 2997 1335 3039 VII.
1366 2998 1436 3040 21.
1468 2998 1560 3038 sine
1590 2995 1721 3037 dubio
1745 2999 1921 3051 propter

142 3056 432 3111 praeceptoris
472 3056 748 3099 interdictum
789 3057 970 3099 scorteis
1000 3055 1066 3098 uti
1094 3056 1253 3108 noluit,
1285 3071 1337 3098 ac
1366 3055 1552 3098 fortasse
1582 3055 1713 3097 etiam
1740 3054 1919 3109 βασιλί-

142 3110 242 3166 δες,
261 3125 390 3179 ‘quas
427 3115 610 3158 Athenis
653 3128 733 3157 rex
775 3129 993 3159 sacrorum
1033 3115 1237 3170 gestabat
1279 3112 1390 3156 Poll.
1420 3114 1518 3156 VII.
1548 3111 1618 3156 25.
1650 3125 1922 3170 papyraceae

141 3176 216 3211 aut
244 3169 401 3213 linteae
428 3180 576 3226 erant3
605 3174 768 3216 Romae
798 3170 969 3230 quidem
998 3172 1264 3216 Flaminicae
1293 3171 1528 3216 morticinis
1558 3172 1715 3215 calceis
1744 3169 1809 3214 uti
1838 3185 1921 3213 non

143 3229 302 3271 licebat
331 3229 453 3273 Serv.
485 3233 589 3277 Aen.
620 3232 697 3275 IV.
729 3229 827 3274 646.
856 3247 934 3276 nec
963 3232 1189 3276 fortuitum
1218 3229 1392 3273 videtur
1421 3231 1534 3288 quod
1556 3230 1776 3274 Lucianus
1795 3230 1917 3273 Alex.

140 3290 181 3340 5.
211 3285 282 3328 39.
318 3287 411 3328 100.
442 3289 499 3331 Τ.
527 3292 581 3333 V.
614 3290 892 3347 Eumolpidas
921 3296 967 3334 et
996 3291 1187 3345 Ceryces
1215 3289 1563 3347 Paphlagonicos
1591 3289 1827 3332 carbatinis
1853 3289 1920 3331 in—

141 3345 263 3396 duit;
309 3352 425 3387 certe
464 3346 508 3388 in
548 3349 715 3405 magico
755 3363 878 3392 sacro
909 3349 1115 3392 Ammiani.
1146 3347 1307 3391 XXIX.
1340 3348 1380 3394 1.
1409 3347 1480 3391 30.
1511 3348 1674 3391 oraculi
1705 3347 1922 3390 consultor

142 3403 286 3446 linteis
316 3404 569 3450 indumentis
598 3408 778 3452 amictus
808 3412 874 3452 est
890 3439 903 3460 ‚
934 3408 1244 3464 calceatusque
1275 3407 1423 3452 itidem
1450 3407 1595 3452 linteis
1624 3406 1772 3451 soccis.
