2158 3848
193 180 320 241 344
723 192 962 237 mmm
1004 189 1433 236 SECUNDUS.

196 321 322 383 Sed
377 341 691 404 nunquam
747 323 943 400 magis
997 322 1204 401 poesis
1260 321 1582 402 Orphicae-
1622 322 1828 383 studia
1881 326 1971 384 vi-

194 442 379 501 guere
422 442 608 503 quam
653 424 879 482 seculo.
903 431 1049 502 post
1071 419 1382 482 Christum
1429 424 1611 482 tertio
1649 434 1710 482 et
1737 432 1976 504 quarto,

199 541 387 603 quum
430 524 859 604 philosophia,
903 521 1102 582 veluti
1147 521 1369 581 effoeta
1411 531 1770 603 parentum,
1812 523 1979 601 geni-

195 621 307 681 tali
350 624 564 700 vigore
608 621 903 681 destituta
958 621 1138 677 unice
1190 622 1254 679 in
1313 622 1669 701 colligendis
1725 632 1788 682 et
1832 642 1979 703 quo-

195 741 315 802 quo
361 722 551 781 modo
597 719 995 780 conciliandis
1038 729 1318 780 veterum
1362 725 1712 803 sapientum
1740 732 1983 782 senten-

196 822 298 900 tiis
344 830 760 900 occuparetur.
847 815 1107 878 Charax-
1129 820 1416 880 sacerdos
1442 823 1871 901 PergamenuS‚
1914 831 1985 881 ut

199 919 423 980 Suidas
469 921 683 993 docet,
727 919 974 980 Nerone
1016 927 1220 979 aetate
1262 920 1549 996 inferior,
1604 933 1848 1002 praeter
1890 924 1983 982 hi-

197 1021 452 1080 storiam
482 1021 795 1081 Graeciae
839 1021 1086 1099 scripsit
1138 1020 1334 1083 πολλὰ
1378 1020 1727 1106 φιλόσοφα,
1784 1027 1853 1086 ἐν
1892 1023 1984 1093 οἷς

197 1123 301 1183 καὶ
346 1122 725 1204 συμφωνίαν
760 1122 1081 1203 Ὀρφέως,
1138 1119 1540 1206 Πυθαγόρου
1583 1123 1690 1185 καὶ
1714 1110 1986 1186 Πλάτω-

197 1247 305 1291 νος
349 1223 490 1303 περὶ
531 1223 611 1284 τὰ
657 1220 866 1307 λόγια,
912 1220 1079 1300 quod
1122 1239 1325 1298 genus¹
1356 1221 1664 1282 scribendi
1704 1225 1986 1285 maxime

198 1341 235 1380 a
278 1322 611 1380 Platonicis
665 1321 1039 1380 celebratum
1095 1331 1204 1398 est.
1294 1320 1529 1382 Suidas.
1560 1323 1983 1397 Damascium‚

198 1430 269 1481 ut
323 1420 606 1493 videtur,
667 1431 965 1499 sequutus
989 1420 1439 1500 ‘Serapionem
1488 1422 1988 1484 Alexandrinum

199 1530 411 1579 narrat
426 1520 668 1601 'Orphei
714 1522 989 1579 carmina
1031 1519 1310 1579 studiose
1352 1520 1697 1583 lectitasse:
1738 1525 1813 1587 οὗ
1849 1525 1990 1607 περὶ

199 1622 278 1682 τὰ
333 1618 742 1709 τεχνικώτερα
794 1629 904 1700 τῆς
960 1619 1334 1703 φιλοσοφίας
1383 1619 1558 1699 ἠξίου
1597 1618 1986 1706 διατρίβειν,

202 1722 357 1783 ἀλλὰ
399 1726 529 1791 τοῖς
574 1720 930 1804 ἆὸροτέροις
954 1721 1060 1782 καὶ
1102 1724 1798 1807 ἐνθουσιαστικωτὲροις
1839 1721 1988 1802 νοή-γ

200 1843 395 1901 μασιν
437 1819 752 1904 ἐνεφύετο·
799 1819 898 1883 διὸ
942 1819 1145 1901 μόνον
1189 1821 1414 1901 σχεδὸν
1439 1823 1835 1907 τόνι“ορφέα
1864 1825 1990 1886 ἐκέ-

201 1946 384 2003 κτητο
441 1922 547 1984 καὶ
603 1919 1033 2005 ἀνεγίνωσκεν.
1115 1915 1179 1979 et
1210 1921 1446 2001 vpaullo
1508 1923 1756 2003 postea:
1823 1924 1989 1986 οὕτω

202 2020 570 2104 κατεφρόνει
607 2019 950 2104 χρημάτων
981 2021 1128 2090 ὥςτε
1172 2026 1513 2100 κεκτῆσθαι
1543 2023 1744 2103 μηδὲν
1783 2023 1824 2103 ’ἢ
1869 2022 1990 2106 μό-

202 2148 286 2186 να
328 2121 444 2185 δύο
488 2121 527 2200 ἢ
571 2121 714 2203 τρία
758 2121 1007 2203 βιβλία,
1064 2116 1156 2183 ὧν
1206 2119 1287 2199 ἦν
1326 2123 1436 2184 καὶ
1471 2124 1757 2206 Ὀρφέως
1811 2123 1991 2203 ποίη-

205 2247 314 2292 σις.
400 2221 574 2281 Idem
632 2229 823 2300 poeta
865 2219 1124 2278 Proculo
1168 2239 1410 2300 quoque
1464 2224 1531 2281 in
1574 2221 1810 2283 delicfis
1852 2223 1991 2297 fuit,

205 2325 341 2401 qui,
406 2332 477 2381 ut
529 2321 808 2379 Marinus
864 2319 1078 2379 scribit
1132 2340 1180 2378 c.
1238 2322 1339 2380 20.
1400 2340 1463 2401 p.
1511 2320 1609 2381 17.
1667 2332 1991 2402 aegrotans

204 2425 470 2500 hymnos
514 2420 635 2481 sibi
676 2422 924 2479 recitari
967 2439 1157 2499 quum
1192 2421 1537 2498 jussisset„
1554 2423 1690 2502 ipse
1734 2422 1993 2504 ἀνεπλή-

209 2549 322 2606 ρου
392 2523 538 2591 τοὺς
609 2521 851 2602 ’ὕμνους
934 2520 1045 2581 καὶ·
1104 2528 1236 2583 τῶν
1283 2522 1615 2643 Ὀρφικῶν
1680 2528 1848 2588 ἐπῶν
1911 2525 1992 2588 τὰ

207 2630 489 2686 πλεῖστα·
552 2621 657 2683 καὶ
698 2621 822 2706 γὰρ
877 2626 1080 2681 ταῦτα
1137 2622 1305 2682 ἐστιν
1347 2621 1448 2682 ὅτε
1499 2621 1806 2703 παρόντες
1849 2626 1992 2687 ἆνε-

208 2722 632 2809 γινιόσκωμεν.
676 2738 791 2779 nec
833 2709 1037 2778 minus
1091 2718 1420 2779 familiaris
1466 2718 1764 2797 syriano,
1819 2725 1993 2820 cujus

209 2826 369 2883 inter
414 2840 605 2902 opera
651 2818 873 2881 Suidas
916 2827 1193 2878 recenset
1234 2824 1317 2890 εις
1359 2820 1478 2899 τὴν
1514 2822 1800 2905 Ὀρφέως
1842 2828 1995 2888 θεο-

212 2924 430 3007 λογίαν
454 2921 674 3006 βιβλία
705 2919 822 2984 δύο
869 2927 932 2978 et
975 2921 1354 3003 συμφωνίαν
1391 2921 1708 3004 Ὀρφέως,
1753 2928 1992 2987 Πυθα-

211 3024 405 3109 γόρου
465 3023 571 3086 καὶ
627 3019 1008 3094 Πλατωνος,
1079 3039 1271 3101 quae
1292 3020 1552 3081 eadem
1576 3021 1691 3081 sub
1748 3023 1994 3084 Proculi

213 3124 461 3182 nomine
515 3122 881 3182 ferebantur.
984 3119 1107 3184 Hic
1158 3131 1407 3199 rogatus
1460 3140 1499 3181 a
1536 3110 1869 3206 'discipulis
1924 3133 1994 3183 ut
2047 3126 2050 3129 ’
2106 3115 2125 3215 A*

216 3222 531 3302 Orpheum
577 3223 914 3282 accuratius
956 3221 1326 3295 illustraret,
1390 3223 1699 3283 recusavit
1750 3223 1991 3283 somnio

216 3325 575 3383 absterritus
592 3367 608 3396 ,
664 3319 912 3405 petente
967 3331 1174 3383 tamen
1217 3322 1461 3384 Marino
1499 3332 1568 3382 ut
1611 3323 1830 3384 saltem
1874 3322 1990 3399 Sy-
