2158 3848
245 279 369 341 416
772 294 1006 340 LIBER
1055 296 1480 343 SECUNDUS.

241 424 814 487 Dodeoaeteridum:
841 437 1043 487 autem
1091 428 1268 505 longe
1312 427 1482 488 aliud
1525 447 1706 509 quam
1737 429 2010 511 Operum

241 525 433 586 fuisse
473 529 763 600 initium,x
796 526 975 586 docet
1018 525 1365 588 Chiliadum
1412 540 1640 591 auctor.
1684 532 1724 591 l.
1771 550 1819 588 c.
1996 545 1999 552 ·

372 637 548 709 ’Δεῦρό
589 656 678 691 νυιν
712 619 876 690 οῗέατά
910 658 998 705 μοι
1036 638 1276 710 καθαρὰς
1311 638 1468 703 ἀκοάς
1503 663 1556 696 τε
1590 641 1851 703 πετάσσας

379 724 587 781 κέκλυθι
623 720 766 784 τάξιν
798 720 1010 774 ἅπασαν
1046 723 1173 792 ὅσην
1209 725 1493 796 τεκμήρατο
1530 729 1730 794 δαίμων
1818 769 1821 775 ,

288 850 293 867 2
378 806 517 872 ‹233'16
552 812 678 886 μιῆς1
709 807 892 867 νυκτὸς
924 807 1004 876 ἠιῩ
1045 809 1097 871 ἐξ
1122 806 1243 870 »ἑνὸς
1275 807 1474 877 ἤματος
1510 811 1693 875 αὕτως.

236 919 676 1000 ιιηάο.·ειίἰ’(”]υἰ,3
728 923 1073 1002 *suspicetur
1131 921 1363 1002 Orphei
1418 924 1570 983 mes
1630 926 1764 985 sive
1807 924 2007 1005 Ephe-

235 1019 501 1080 merides'
543 1021 1085 1095 abeo-carmine,
1151 1021 1312 1102 quod
1373 1024 1511 1106 περὶ
1554 1024 1875 1110 Γεωργίας.
1921 1026 2013 1084 in-

236 1123 532 1202 scriptum
601 1121 748 1195 fuit,
814 1123 993 1200 longe
1053 1122 1724 1201 sejungendumresse,
1786 1124 2014 1204 quippe

237 1220 486 1282 diverso
540 1224 897 1302 prooemio,
956 1220 1156 1286 Ποίντ3
1219 1221 1402 1302 ἐδάης
1456 1230 1784 1302 Μουσαῖε,
1836 1221 2014 1283 indu-

235 1331 415 1381 cmm.
440 1339 461 1368 ἰ
488 1320 628 1381 Sed
655 1323 1035 1382 {haecvinter
1072 1323 1156 1381 sse
1214 1323 1524 1382 conciliari
1567 1329 1906 1403 poterunt„
1959 1323 2014 1382 si

233 1416 561 1481 statuimus
599 1420 669 1480 id
703 1421 878 1501 quod
923 1441 998 1480 ex
1044 1426 1417 1498 'argumento'
1465 1440 1710 1482 versus.
1741 1421 2012 1481 ef-Ge'or-

230 1519 376 1599 gicis
420 1521 591 1581 allati
637 1520 914 1603 (βάλλειν
958 1523 1162 1601 ἔρνεα)
1218 1523 1512 1600 patescit,
1578 1520 2011 1582 Dodecaeteri-

233 1619 341 1683 des
368 1626 370 1630 ’
395 1628 637 1705 partem
695 1621 901 1681 fuisse
942 1622 1074 1698 ejus
1132 1622 1447 1694 carminis»,
1493 1619 1684 1700 quod
1730 1622 2012 1707 Γεωργία

229 1723 486 1782 vocatur
530 1729 593 1780 et
637 1721 831 1779 altero
875 1722 1126 1780 nomine
1155 1723 1361 1808 Ἔργα.
1450 1719 1626 1794 Quae
1650 1740 1788 1782 cum
1835 1723 2014 1782 unica

229 1824 389 1883 ratio
449 1823 531 1881 sit
584 1823 792 1882 varios
839 1821 1244 1901 Orphicorum
1290 1830 1648 1901 poematum
1694 1821 1907 1883 titulos
1950 1832 2012 1883 et

226 1924 551 2005 prooemia
596 1921 1038 2006 componendi,
1083 1923 1170 1980 sic
1214 1921 1545 1995 concludo,
1602 1941 1790 1983 unum
1832 1941 2010 2002 gran-

230 2023 574 2084 diusculum
603 2041 760 2103 opus
786 2006 1118 2100 generatim
1158 2024 1432 2104 Ὀρφέως
1461 2025 1649 2107 Ἔργα
1692 2048 1798 2086 και
1833 2023 2004 2105 Ημέ-

228 2149 331 2207 ραι
361 2123 732 2202 inscriptum
779 2122 902 2182 duo
943 2121 1479 2201 comprehendisse
1505 2133 1811 2202 poemata,
1859 2132 2008 2203 quo—

225 2225 367 2284 rum'
408 2224 594 2305 prius
610 2225 798 2309 Ἐργα
828 2229 906 2281 et
947 2221 1257 2282 interdum
1303 2240 1340 2281 a
1374 2225 1643 2303 potiore
1653 2232 1833 2303 parte
1864 2224 2009 2307 περι

223 2324 538 2410 Γεωργίας
592 2332 1009 2403 nuncupatum
1053 2321 1574 2383 Dodecaeterides
1619 2322 1770 2382 sibi
1791 2322 2006 2402 adjun-

226 2434 352 2484 ctas
396 2424 678 2497 haberet,
710 2425 1038 2505 *posterius
1097 2432 1304 2500 autem
1360 2424 1779 2484 nominaretur
1825 2425 2006 2513 ᾝμέ-

226 2550 332 2606 ραι
373 2525 509 2584 sivc
547 2507 958 2605 Ἑφημερίὸες,
1004 2524 1307 2603 planeque
1351 2524 1552 2582 simile
1596 2533 1758 2594 esset
1799 2506 2004 2604 Ephe-

222 2622 448 2684 meridi
491 2623 991 2695 mathematicae,
1047 2623 1292 2701 qualem
1337 2621 1654 2683 Juvena-lis
1699 2623 1800 2683 VI.
1840 2621 2001 2683 569.

221 2724 454 2783 Plinius
498 2718 728 2783 XXIX.
772 2722 823 2781 l.
870 2730 932 2781 et
974 2721 1338 2781 Ammianus
1381 2722 1567 2782 Marc.
1615 2722 1896 2783 XXVIII.
1941 2724 2000 2783 4.

220 2823 367 2886 433.
412 2825 766 2902 significant.
853 2822 1087 2881 Eorum
1145 2832 1353 2881 autem*
1410 2823 1684 2882 omnium
1746 2822 2002 2883 exordia

220 2933 469 2986 servata
511 2933 682 2996 sunt,
726 2924 963 3005 primae
1006 2923 1199 3002 partis
1224 2927 1321 3001 ,Εἰ
1363 2921 1432 2985 δὲ
1475 2922 1862 3007 γεωπονίης,,
1886 2940 2000 3004 po-

221 3035 484 3085 stremae
530 3023 737 3092 Πάντῗ
777 3022 988 3103 ἐδάης,
1034 3032 1094 3082 et
1136 3021 1664 3095 DodecaeteridiS‚
1710 3042 1883 3104 quae,
1927 3032 1999 3083 ut

220 3144 360 3185 mea
415 3125 536 3184 fert
594 3126 838 3205 opini0‚
909 3124 1149 3202 utrique
1203 3123 1520 3200 interjecta
1574 3123 1720 3182 fuit:
1794 3122 2006 3207 Δεῦρό,

219 3250 341 3288 νυν
397 3223 594 3288 offam}
648 3251 756 3307 μοι
808 3250 862 3286 κ.
907 3250 959 3286 τ.
1007 3227 1051 3286 ἑ.
1138 3221 1358 3283 Utrum
1416 3231 1618 3282 autem
1675 3223 1824 3283 haec
1877 3223 1995 3281 tria

221 3326 492 3384 carmina
536 3325 612 3384 ab
658 3325 874 3384 eodem
918 3332 1106 3404 poeta
1149 3323 1396 3382 condita
1450 3331 1513 3381 et
1570 3322 1700 3383 uno'
1737 3323 1842 3381 filo
1886 3320 1991 3380 de-

221 3423 405 3484 ducta
480 3444 554 3483 an
623 3445 660 3484 a
727 3411 965 3484 Criticis
1033 3423 1112 3482 ad
1182 3426 1359 3482 unius
1428 3424 1708 3503 perpetui
1785 3422 1991 3500 operis
