2158 3848
836 230 1331 289 narnien..
1839 217 1965 280 567

161 360 769 449 xoepierroeQo'JuVJ·
829 360 925 422 ὅτι
985 365 1100 421 τοῦ
1162 365 1293 420 τῶν
1359 358 1644 423 Τιτάνων
1701 369 1960 444 αἳζιιατος

165 465 361 547 ἐσμὲν·
387 463 563 544 ἡμεῖς
603 463 673 523 οἱ·
705 463 1070 542 ἄνθρωποι·
1118 459 1205 529 ὥς
1248 455 1366 522 οὗν
1411 459 1664 523 ἐκείνων
1709 465 1966 542 ἐχθρῶν

164 568 369 627 ὄντων
406 568 548 630 τοῖς·
574 564 750 630 θεοῖς
794 558 942 622 οὐδ’ἑ-
968 560 1179 641 Χῆμεῒς,
1203 559 1374 642 φίλοι
1419 559 1607 642 ἐσμὲν
1649 563 1807 624 ἀλλὰ
1851 589 1958 624 κο-

163 652 530 744 λαζόμεσθόίΙ
567 685 632 722 τε
679 661 783 723 ὑπ’
830 661 1047 726 αὐτῶν
1087 659 1196 721 καὶ
1221 661 1338 722 ’ἐπὶ
1378 661 1648 745 τιμωρίᾳ
1691 660 1958 748 γεγόνα-

78 826 82 830 ,
157 788 276 844 μεν
332 767 401 825 ἐν
442 769 695 845 φρουρᾷ
717 762 811 839 [8].
902 759 1042 820 Non
1097 760 1369 820 multum
1419 761 1569 821 hine
1618 761 1808 822 distat
1867 762 1956 822 fa-

158 862 337 934 bula,
393 881 577 941 quam
622 860 931 922 Nicander
984 860 1067 921 ad
1109 859 1457 944 Hesiodum
1504 872 1818 923 auctor-em
1861 884 1956 923 re-

158 962 309 1035 tem,
371 961 671 1042 quidquid
731 961 958 1042 ubique
1001 963 1084 1020 sit
1127 971 1579 1023 venenatarum
1619 962 1960 1024 bestiarum

158 1082 195 1121 a
240 1062 567 1124 Titanibus
613 1063 910 1140 originem
957 1060 1185 1122 habere
1225 1097 1309 1106 ———
1378 1061 1660 1142 Τιτήνων
1703 1064 1956 1127 ἐνέπου-

160 1187 263 1225 σιν
305 1166 413 1245 ἀφ’
460 1167 723 1242 αἵματος
765 1196 850 1208 --
897 1160 1085 1223 Ther.
1144 1179 1205 1220 v.
1249 1162 1307 1219 7.
1369 1161 1554 1241 quod«.
1582 1162 1960 1223 scholiastes.

151 1272 334 1339 negat
361 1264 429 1320 in
454 1259 719 1320 Hesiodi
764 1261 1138 1320 carminibus
1175 1263 1435 1341 reperiri
1454 1258 1546 1342 [¹¹]2
1592 1262 1955 1324 Acusilaum

158 1364 425 1441 (Fragmz
483 1381 544 1442 p.
602 1362 781 1440 227.)
837 1364 1050 1421 omnia
1102 1380 1261 1442 quae
1314 1381 1534 1423 >mensu
1589 1375 1859 1426 ,noceant
1919 1385 1953 1423 e

153 1462 476 1542 Typhonis
521 1463 827 1539 sanguine·
864 1472 1002 1521 orta
1039 1461 1259 1522 dicere.
1306 1483 1366 1524 v.
1400 1463 1650 1525 Fabric..
1666 1464 1747 1525 ad
1783 1465 1951 1527 Sext.

270 1619 335 1676 [g]
369 1619 419 1661 In
464 1615 742 1675 sequentibus
771 1633 852 1676 pro
883 1619 964 1660 Διὶ
994 1613 1119 1667 ὄντες
1147 1612 1233 1673 ἤδη
1263 1620 1432 1669 ἱκανῶς
1460 1617 1652 1664 λύεσθαι
1682 1622 1952 1666 scribendum

152 1679 285 1733 δίκην
314 1674 481 1727 δόντες.
513 1678 720 1720 Aelianus
748 1691 925 1734 quoque
954 1677 1030 1733 qui
1060 1692 1130 1734 ap.
1162 1678 1285 1720 Suid.
1317 1694 1351 1720 s.
1389 1681 1645 1730 Τιτανῶὸες
1666 1681 1851 1739 Epicuri
1871 1683 1950 1725 im-·

152 1739 227 1795 pia
265 1737 471 1793 dogmata
511 1737 646 1780 vitam
688 1737 914 1779 humanam
943 1737 1165 1793 pravitate
1195 1751 1273 1779 sua
1302 1737 1506 1780 infecisse
1537 1741 1689 1783 scribit
1719 1738 1865 1799 ὥςπερ
1896 1739 1950 1784 τὰ

153 1798 205 1840 ἐκ
241 1797 493 1839 Τιτανικῶν
523 1791 799 1854 σπερμάτων
829 1791 1002 1852 φύντα,
1034 1794 1152 1836 illius
1182 1795 1358 1838 fabulae
1390 1797 1631 1840 meminisse
1661 1798 1848 1841 videtur.

274 1865 340 1924 [ΙΙ]
370 1867 535 1914 Ἰστέον
565 1866 633 1913 ὅτι
663 1865 883 1925 ψεύδεται
912 1865 936 1911 ὁ
968 1867 1254 1928 Νίκανδρος·
1299 1868 1508 1927 οὐδαμοῦ
1537 1868 1630 1929 γὰρ
1661 1873 1791 1916 τοῦτο
1823 1868 1951 1916 εἶπεν

148 1927 361 1976 ἹΙσίοδος
411 1929 462 1971 ἐν
511 1932 605 1976 τοῖς
653 1930 1004 1987 πραττομένοις·
1062 1941 1206 1982 quae
1248 1927 1420 1970 hodie
1461 1936 1772 1985 supersunt
1814 1931 1950 1974 vertit
2003 1941 2005 1943 “

150 1985 464 2039 Schneiderus3
505 1986 667 2029 Suidas
705 2001 739 2028 s.
778 1981 1131 2044 Ἀριστοφάνης·
1175 1982 1386 2046 δράματα
1430 1986 1568 2032 αὐτοῦ
1608 1988 1690 2045 νδ,
1736 1987 1854 2048 ἅπερ
1897 1989 1950 2034 δὲ

152 2041 492 2104 πεπράχαμεν,
524 2048 677 2090 ταῦτα.
720 2059 845 2102 quem
881 2045 1021 2087 locum
1053 2059 1147 2087 cum
1179 2045 1275 2088 aliis
1304 2046 1544 2100 nonnullis,
1577 2047 1622 2090 in
1654 2048 1811 2105 quibus
1837 2049 1950 2092 idem

154 2105 330 2147 verbum
358 2104 534 2160 legitur,
567 2104 713 2148 attulit
743 2103 987 2147 Meinekius
1019 2103 1202 2154 Quaest.
1233 2105 1388 2147 Scenn.
1420 2105 1549 2162 Spec.
1580 2107 1640 2150 Π.
1669 2121 1712 2164 p.
1743 2108 1784 2151 2.
1815 2107 1952 2164 signi-

150 2163 367 2206 ficationis
407 2164 610 2206 incertus.
683 2165 858 2222 Πρᾶξις
897 2162 1068 2219 quidem
1110 2163 1330 2219 significat
1370 2163 1572 2208 lectio.
1613 2166 1862 2209 v..Fabric.
1894 2167 1950 2210 ad

151 2222 309 2264 Marin.
349 2237 390 2278 p.
437 2220 535 2263 114.
574 2222 716 2264 Boiss.
757 2227 802 2264 et
841 2223 886 2265 in
926 2220 1042 2263 Bibl.
1074 2222 1155 2263 Gr.
1186 2221 1237 2262 L.
1267 2223 1323 2264 V.
1356 2237 1392 2264 c.
1426 2223 1494 2264 11.
1525 2221 1626 2269 451.
1659 2224 1717 2266 T.
1748 2224 1849 2268 VII.
1878 2226 1948 2268 ed.

152 2295 219 2337 pr.
263 2280 377 2322 unde
420 2281 546 2322 ve'rbi
586 2280 830 2322 intellectus
873 2280 1072 2336 patescit.
1140 2279 1369 2323 Mentitum
1409 2295 1514 2323 vero
1545 2297 1639 2324 esse
1670 2283 1724 2325 de
1754 2284 1947 2327 Hesiodo

151 2339 419 2382 Nicandrum
462 2339 807 2395 Scholiographo
848 2339 923 2381 isti
964 2352 1049 2380 non
1079 2339 1251 2380 credam
1281 2339 1355 2381 sed
1387 2341 1531 2396 potius
1561 2341 1760 2398 partibus
1791 2344 1945 2385 carmi—

153 2397 220 2440 nis
258 2411 380 2440 usum
421 2397 549 2439 hodie
588 2397 768 2440 amissis.
801 2396 946 2439 Schol.
979 2397 1168 2454 Gregor.
1197 2398 1242 2440 in
1274 2398 1418 2440 Catal.
1451 2399 1567 2442 Bibl.
1598 2400 1724 2442 Bodl.
1755 2401 1806 2443 P.
1837 2401 1872 2443 Ι.
1903 2417 1946 2459 p.

151 2455 223 2498 46.
264 2459 316 2500 ἐν
353 2458 407 2515 τῇ
451 2458 676 2514 Θεογονίᾳ
718 2460 1067 2513 καταριθμεῖται
1109 2454 1188 2505 τὰς
1226 2459 1318 2500 τῶν
1346 2459 1472 2500 θεῶν
1499 2461 1725 2516 γενέσεις,
1765 2454 1950 2518 ’Έρεβος

153 2517 230 2558 καὶ
272 2512 399 2563 Χάος
427 2511 728 2574 -Οὐρανὸν
757 2517 834 2557 καὶ
865 2517 959 2566 Γῆν
988 2541 1047 2547 --
1074 2513 1259 2574 Κρόνον
1288 2540 1346 2547 —
1377 2518 1469 2558 Δία
1496 2543 1557 2576 ·—-
1585 2516 1690 2567 τοὺς
1725 2515 1948 2577 Ἑκατόγ-

146 2587 326 2631 χειρας·
370 2571 484 2617 ὅθεν
523 2576 600 2616 καὶ
639 2571 725 2626 τὴν
758 2577 1130 2631 Γιγαντομαχίαν
1170 2576 1247 2617 καὶ
1276 2572 1330 2617 τὰ
1361 2574 1411 2618 ἐκ
1440 2578 1533 2619 τῶν
1563 2572 1770 2635 αἱμάτων
1798 2576 1948 2621 αὐτῶν

150 2630 307 2687 ἰοβόλα
334 2635 503 2704 θηρία,
546 2630 628 2686 τὴν
667 2630 814 2690 ὕδραν
853 2628 911 2686 ἢν
934 2630 1159 2692 ἹΙρακλῆς
1198 2631 1456 2690 ἀπέκτεινε,
1501 2633 1583 2690 τὴν
1625 2639 1862 2694 Χίμαιραν
1893 2633 1949 2691 ἢν

151 2692 547 2751 Βελλεροφοντής,
599 2688 682 2745 τὴν
722 2688 958 2750 Γοργόνην
999 2705 1056 2746 ην
1087 2689 1110 2735 ὁ
1154 2690 1381 2752 Περσεὺς,
1436 2695 1513 2736 καὶ.
1555 2692 1635 2738 τὸν
1675 2697 1950 2753 τρικέφαλον

154 2747 295 2806 arura„
318 2762 427 2808 quas
450 2750 624 2793 fabulas
652 2750 699 2793 in
727 2751 935 2806 subjectis
958 2751 1243 2807 Theogoniae
1274 2751 1537 2796 carminibus⁴
1563 2759 1797 2796 enarratas<
1810 2755 1948 2797 fuisse

155 2810 310 2866 partim
351 2810 458 2862 hoc,
497 2809 656 2867 partim
697 2809 795 2852 aliis
835 2807 1095 2852 testimoniis
1126 2815 1322 2863 constat3
1354 2812 1465 2853 unde
1497 2812 1624 2854 etiam
1657 2812 1840 2854 Manilio
1872 2813 1947 2855 de·-

157 2866 296 2912 {eunio
328 2875 522 2925 paratur,
555 2868 630 2925 qui
660 2869 774 2925 quod
803 2867 1042 2912 Hesiodum
1071 2869 1126 2912 de
1155 2870 1319 2912 Bacchi
1349 2871 1568 2913 natalibus
1598 2871 1849 2927 exposuisse
1880 2873 1948 2915 af·-

156 2926 299 2969 firmat
339 2928 403 2984 (v.
434 2941 549 2984 supr.
585 2926 636 2969 C.
668 2927 751 2970 ΙΙΙ.
783 2930 823 2981 §-
854 2928 922 2983 8.)
962 2928 1095 2984 vulgo
1127 2930 1285 2971 erroris
1316 2934 1361 2971 et
1390 2930 1680 2986 negligentiae
1711 2929 1948 2973 damnatur.

158 3000 200 3026 v.
230 2985 374 3041 Heyn.
416 2987 473 3030 ad
513 2986 637 3042 Virg.
684 2986 851 3042 Georg.
889 2987 1094 3044 Prolegg.
1126 3003 1167 3045 p.
1200 2988 1297 3031 187.
1329 2988 1503 3031 Scholio
1534 2989 1610 3032 illa
1638 3002 1717 3031 usa
1747 2989 1948 3033 Eudocia

158 3059 201 3101 p.
241 3043 344 3086 209.
380 3045 435 3088 de
474 3044 656 3101 Hydra:
693 3041 903 3096 Ἡσίοδος
941 3047 1063 3105 λέγει
1099 3043 1264 3102 ταύτην
1300 3050 1520 3105 γενέσθαι
1558 3049 1610 3091 ἐκ
1651 3050 1731 3091 τοῦ
1761 3050 1949 3107 αἵματος

158 3104 250 3145 τῶν
268 3099 526 3161 Γιγάντων.
567 3103 645 3146 ubi
685 3103 843 3146 vitiose
880 3104 1042 3148 editum
1072 3105 1123 3150 ἐκ
1151 3108 1232 3150 τοῦ
1262 3102 1496 3180 στόματος.
1554 3106 1621 3149 De
1651 3107 1732 3150 hoc
1762 3112 1948 3152 monstro

158 3160 305 3204 Schol.
343 3162 466 3206 Atat.
506 3162 607 3206 519.
648 3162 782 3206 affert
818 3161 1113 3221 Euphorionis
1153 3178 1305 3223 versus
1356 3169 1409 3208 H
1439 3165 1528 3224 μὲν
1564 3161 1701 3210 πάνθ’
1745 3164 1829 3210 ὅσα
1858 3182 1949 3211 που

159 3216 269 3278 φύει
311 3217 532 3271 εὐδείελος
570 3217 675 3277 αἶα,
716 3218 745 3276 ἢ
788 3217 963 3279 φύλλον
990 3222 1041 3282 γ’
1075 3221 1103 3278 ἢ
1134 3224 1299 3279 ποίην,
1345 3221 1438 3268 ὕπ’
1474 3225 1729 3284 ἐχρίμψατο
1761 3221 1947 3285 λύθρον,

159 3277 220 3328 ὠς
264 3281 378 3337 πυρὶ
407 3274 678 3350 καρφόμενα
707 3283 908 3341 ψαφαρῇ
938 3279 1173 3327 ἰνδάλλετο
1205 3285 1347 3342 τέφρῃ
1380 3287 1440 3339 (v.
1474 3283 1664 3327 Meinek.
1692 3284 1874 3340 Fragm.
1905 3298 1947 3355 p.

161 3335 285 3394 125.)
324 3351 438 3396 quae
478 3353 542 3381 sm
586 3339 842 3396 corrigenda
885 3336 914 3392 ἢ
958 3339 1106 3399 φυτὸν
1139 3339 1167 3393 ἢ
1197 3344 1359 3399 ποίην,
1413 3340 1523 3400 ὅτεῳ
1553 3342 1840 3403 ἐγχρίμψατο
1872 3345 1948 3386 lv-

163 3401 296 3454 θρον.
