2158 3848
234 195 357 256 302
762 208 1002 252 LIBER
1045 208 1471 253 SECUNDUS.

230 338 454 421 βιαίως
496 338 819 421 θυμοῦταί
860 363 924 401 τε
979 345 1068 422 τῷ
1112 337 1418 421 δράσαντι
1473 342 1578 403 καὶ
1617 342 1731 405 τὸν
1775 344 2002 404 ἑαυτοῦ

231 439 426 523 φονέα
482 439 782 519 δειμαίνει
836 439 940 501 καὶ
990 436 1279 521 ταράττει
1334 437 1512 517 Legg.
1557 439 1665 501 IX.
1726 439 1870 501 865.
1926 442 2005 501 D.

231 542 366 601 sive
408 549 478 599 ut
511 538 794 598 Valerius
839 539 955 597 ait:
1000 538 1125 597 Ira
1168 549 1421 599 manet
1465 538 1844 621 duratque
1889 540 2009 600 do-

229 642 362 701 lor.
422 675 507 685 —-
595 637 935 716 Quisque
990 654 1166 695 suos
1211 649 1482 699 sontes
1537 641 2009 719 inimicaque

231 748 557 822 pectora
610 738 884 817 poenis
949 736 1312 814 implicat
1366 749 1439 798 et
1496 742 1722 802 varia
1773 742 2012 800 meri-

231 851 351 899 tos
416 837 841 897 formidine
908 844 1148 894 terret
1219 837 1326 895 III.
1395 837 1538 898 385.
1644 839 2008 920 Quanquam

228 942 387 1000 hanc
429 937 1217 1018 quoque-superstitionem
1261 955 1388 996 non
1413 937 1768 1014 defuerunt,
1813 943 2009 1020 quiin

229 1040 546 1100 heroicum
592 1057 814 1098 aevum
861 1035 1372 1098 transfunderent.
1457 1037 1825 1100 Ammianus
1846 1040 2011 1099 Mar-

231 1141 360 1201 cell.
386 1138 590 1200 XXII,
618 1138 713 1198 16.
758 1137 1149 1197 Pelusium
1195 1137 1467 1198 Peleus
1503 1138 1848 1201 Achillis
1892 1159 2011 1220 pa-

230 1250 351 1301 ter
409 1239 706 1299 dicitur
759 1236 1251 1310 condidisse,
1308 1237 1636 1299 lustrari
1694 1240 2014 1301 deorum-

222 1342 525 1403 monitu
574 1340 837 1418 jussus
893 1339 972 1397 in
1028 1337 1234 1411 lacu,
1305 1340 1431 1418 qui
1487 1341 1853 1401 civitatis
1898 1341 2008 1400 al-

227 1442 384 1502 luit
425 1441 767 1511 moenia,
811 1455 1034 1516 quum
1078 1446 1260 1516 post
1304 1439 1806 1502 interfectum
1853 1442 2008 1500 fra-

228 1553 420 1603 trem
482 1541 790 1600 nomine
853 1537 1179 1597 Phocum
1244 1537 1668 1600 horrendis
1729 1540 2008 1600 Furia-

226 1661 387 1702 rum
449 1637 929 1718 imaginibus
993 1646 1464 1716 raptaretur.
1570 1638 1800 1701 Verum
1871 1659 2009 1720 spe-

226 1752 497 1803 ctrorum
552 1749 614 1800 et
665 1739 980 1800 larvarum
1032 1736 1396 1798 formidines
1452 1738 1618 1819 apud
1662 1740 2030 1801 Homerum·

226 1843 432 1903 nullae
487 1849 632 1901 sunt
686 1847 930 1920 praeter
985 1847 1171 1918 eaput
1232 1838 1610 1916 Gorgonium
1662 1842 1822 1902 inter
1866 1841 2011 1900 Orci

227 1942 512 2003 terricula
529 1927 614 2022 [¹¹]
659 1958 772 1998 nec
824 1938 1020 1998 ullum
1075 1957 1266 2016 genus
1321 1941 1693 2017 magicarum
1749 1943 2008 2022 praesti-

348 2135 411 2194 [k]
444 2137 658 2194 Spectra,
701 2149 812 2192 quae
854 2134 1163 2178 Orchomenios
1207 2141 1252 2178 et
1291 2134 1537 2178 Corinthios
1578 2135 1837 2181 infestarunt
1876 2135 2006 2181 Paus.

228 2196 288 2242 ΙΙ.
319 2194 360 2238 3.
390 2195 468 2238 ΙΧ.
499 2194 569 2238 88.
608 2195 789 2251 phasma
825 2194 1034 2236 Hecubae
1064 2194 1208 2237 Schol.
1238 2193 1347 2249 Lyc.
1380 2192 1507 2235 1030.
1538 2193 1672 2236 Carni
1700 2193 1815 2235 vatis
1845 2193 2008 2236 Conon.

228 2271 266 2298 c.
294 2254 458 2298 XXVI.
489 2258 533 2297 et
559 2252 691 2306 illud,
723 2252 837 2310 quod
868 2252 1091 2295 Coroebus
1117 2251 1336 2297 interemit
1361 2266 1402 2294 v.
1432 2251 1640 2295 Huschke
1668 2253 1713 2296 in
1741 2251 1867 2296 Auel.
1897 2252 2008 2298 Crit.

230 2313 340 2356 crit.
371 2328 413 2371 p.
448 2312 542 2355 189.
575 2312 747 2369 aliaque
778 2311 968 2371 δείματα
997 2317 1257 2355 mortuorum
1287 2325 1369 2353 non
1397 2311 1551 2367 ignota
1581 2316 1679 2354 sunt
1707 2310 1785 2352 sed
1808 2315 2007 2354 auctores

227 2372 469 2416 fabularum
511 2371 660 2415 latent.
702 2370 851 2412 Gellus
892 2376 1105 2426 spectrum
1134 2370 1410 2413 infantarium
1441 2370 1679 2414 celebravit
1708 2369 1887 2426 Sappho
1914 2369 2008 2412 Ze-

229 2431 327 2475 nob.
358 2431 488 2473 Prov.
518 2430 602 2472 III.
632 2428 673 2472 3.
704 2430 831 2487 Apud
861 2429 1120 2484 Aeschylum
1144 2430 1286 2473 Prom.
1318 2429 1417 2471 570.
1446 2429 1496 2471 Io
1526 2429 1633 2486 Argi
1661 2429 1825 2486 impetu
1852 2429 2008 2473 larvali

229 2489 506 2544 exagitatur,
549 2487 625 2529 sed
664 2488 827 2543 Argum
865 2487 976 2529 hunc
1016 2488 1204 2530 Homero
1244 2489 1436 2544 ignotum
1476 2487 1611 2530 fuisse
1652 2494 1822 2530 veteres
1853 2487 2008 2529 Critici

229 2547 449 2591 affirmant
475 2561 517 2589 v.
547 2546 692 2589 Procl.
723 2546 779 2588 ad
808 2545 988 2590 Hesiod.
1021 2546 1136 2602 Opp.
1167 2545 1238 2589 84.
1275 2560 1414 2601 neque
1444 2546 1579 2588 Ottsr.
1610 2545 1822 2591 Muellero
1853 2560 2006 2592 conee-

229 2605 275 2649 di
303 2610 474 2663 potest,
512 2604 689 2646 Junonis
729 2604 951 2660 epitheton
993 2606 1164 2658 βοῶπις
1200 2610 1342 2646 natum
1387 2618 1480 2646 esse
1511 2619 1566 2645 ex
1595 2605 1669 2646 Ius
1699 2602 1932 2650 mutatione
1960 2604 2005 2646 in

228 2677 421 2717 vaccam,
453 2663 568 2719 quod
596 2667 687 2705 tum
716 2676 794 2718 per
822 2677 868 2704 se
898 2661 1026 2716 longe
1055 2662 1303 2704 arcessitum
1333 2666 1400 2703 est
1427 2665 1518 2704 tum
1546 2662 1797 2717 infringitur
1823 2662 2006 2704 Hesiodi

230 2721 685 2836 ἔῖἶῗὲιῖζὲιῗρῗῗνω
698 2718 2004 2834 ΞῖξωΡέῧῗὲιῖ.863ἕέιῖιίῗὲἢὲῗῗοιᾞὲἓὲᾒῖῗέὲαῒρέᾶεῗὲἓῑ

230 2843 373 2899 μᾶνιν
406 2843 642 2897 χθονίων,
685 2838 730 2881 id
770 2843 862 2891 est,
901 2837 1076 2891 Phrixi,
1118 2839 1192 2897 qui
1220 2838 1304 2896 ipsi
1332 2838 1378 2881 in
1406 2838 1578 2881 somniis
1609 2795 1884 2895 appameraltli
1913 2838 2003 2898 ἔφη

229 2895 494 3000 42&ssss
517 2894 744 2999 (ἓξῖᾶῗὲἑ
771 2899 1438 2998 1331²2ffl1332²101ss⁰2¹3ss⁸fi⁶Y2
1465 2894 1568 2997 ‘⁹1‘ss‘4
1593 2894 1778 2997 'wilfi’
1781 2898 2004 2997 ‘'312thss

230 3030 312 3058 non
342 3015 424 3058 nisi
455 3015 761 3058 dormientibus
790 3014 1018 3070 adspectus
1057 3019 1101 3055 et
1130 2970 1340 3070 colloquiiy
1361 3013 1427 3055 sui
1457 2970 1796 3070 copiamp'facere
1826 3014 2004 3070 antiqua

231 3074 375 3131 opinio
414 3074 498 3116 fuit
535 3074 683 3130 itaque
722 3072 979 3131 pervulgata
1019 3077 1069 3114 ut
1108 3072 1153 3114 in
1193 3073 1337 3115 Plauti
1370 3072 1560 3115 Mostell.
1590 3072 1650 3114 ΙΙ.
1681 3073 1721 3113 2.
1751 3071 1822 3114 62.
1854 3072 2001 3128 (482.)

231 3133 321 3177 seni
364 3132 589 3188 quaerenti
628 3147 726 3178 num
769 3131 883 3174 filius
922 3136 1128 3175 mortuum
1167 3131 1211 3173 in
1251 3131 1425 3175 somnis·
1448 3130 1634 3183 viderit,
1664 3145 1815 3174 servus
1844 3137 2000 3174 stoma-
2033 3132 2035 3136 ’

232 3190 480 3234 chabundus
509 3191 768 3247 respondeat
795 3190 1015 3243 Mirum,
1047 3190 1176 3246 quin
1205 3190 1486 3246 vigilanti
1519 3189 1758 3242 diceret,
1789 3187 1882 3246 qui
1913 3188 2000 3233 ab-

233 3250 363 3293 hinc
415 3250 721 3305 sexaginta
763 3249 930 3292 annis
970 3249 1199 3291 occisus
1236 3251 1415 3301 foret3
1473 3248 1764 3291 interdum
1800 3247 1999 3302 inepte

231 3309 454 3351 stultus
484 3308 563 3350 es!
595 3309 690 3351 Nee
710 3314 823 3365 puto
853 3307 1071 3351 veteribus
1101 3307 1308 3351 creditum
1338 3322 1454 3360 esse,
1499 3307 1614 3363 quod
1645 3306 1903 3351 Plutarchus
1933 3303 1999 3346 di-

231 3367 291 3409 cit
319 3367 374 3410 de
404 3367 451 3409 S.
483 3367 543 3410 N.
578 3367 627 3408 V.
659 3382 696 3410 c.
728 3367 782 3411 X.
813 3365 913 3410 238.
942 3366 1159 3423 improbos
1187 3373 1353 3410 terrere
1380 3363 1665 3426 μεθημερινὰ
1696 3361 1921 3422 φάσματα.

2156 748 2158 758 A

2155 774 2158 786 fl

2102 942 2105 948 ι
2152 876 2158 924 Ε
