2158 3848
1420 23 1582 185 k

228 210 346 273 116
805 221 1041 266 menn
1087 221 1396 266 PRIMUS.

227 355 546 438 θεάματα,
604 361 843 419 πολλῶν
901 354 970 418 δὲ
1026 353 1336 418 ’ἀκούοντα
1389 349 1688 414 τοιούτων
1731 357 1982 433 φωνοῦν,

230 454 509 524 σκότους’
533 480 596 515 τε
651 455 755 516 καὶ
797 455 1002 537 φατὸς
1057 452 1313 523 ἐνάλλαξ
1370 453 1540 535 αὐτῷ
1594 450 1986 532 φαινομένων

230 557 430 617 ἄλλων
471 577 535 615 τε
577 553 820 634 μυρίων
861 553 1241 638 γενομένων,
1288 554 1374 613 ἔτι
1415 549 1516 623 δὲ,
1562 555 1644 621 εἰ,
1699 546 1984 628 καθάπερ

230 652 526 716 εἰώθασιν
580 655 645 714 ἐν
695 659 786 732 τῷ
839 650 1198 730 καλουμένῳ
1241 654 1572 731 θρονισμῷ
1614 647 1987 714 καθίσαντες

229 754 371 821 τοὺς
406 749 794 832 μυουμένους
829 751 887 809 οἱ
920 756 1232 816 τελοῦντες
1264 746 1465 829 κύκλῳ
1490 745 1899 830 περιχορεύειν
1915 746 1986 824 [⁰]

232 848 354 931 ἇρά
408 874 475 932 γε
530 847 641 909 τὸν
697 847 900 928 ἄνδρα
941 854 1164 908 τοῦτον
1206 844 1402 927 μηδὲν
1444 849 1673 906 παθεῖν
1716 843 1873 910 εἰκὸς
1914 847 1990 918 τῇ

229 954 433 1030 ψυχῇ,
495 945 642 1028 μηδ’
707 946 1048 1025 ὑπονοῆσαι
1113 945 1189 1006 τὰ
1261 942 1630 1028 γιγνόμενα,
1699 942 1781 1010 ὥς
1835 938 1992 1022 μετὰ

229 1045 476 1132 γνώμης
531 1046 634 1106 καὶ
685 1053 1071 1126 παρασκευῆς
1127 1041 1457 1125 πράττεται
1513 1041 1896 1122 σοφωτέρας,
1941 1044 1992 1098 εἰ

161 1170 173 1180 ·’
232 1146 335 1207 καὶ
376 1144 542 1208 πάνυ
585 1169 676 1212 τις
719 1148 805 1222 εἴη
848 1152 977 1207 τῶν
1024 1146 1276 1206 ἄνωθεν
1318 1139 1687 1225 βαρβάρων,
1729 1137 1992 1220 μηδενὸς

234 1250 520 1330 ἐξηγητοῦ
531 1290 551 1316 ,
627 1242 782 1324 μηδὲ
838 1244 1141 1326 ἑρμηνέως
1195 1240 1529 1323 παρόντος,
1586 1243 1652 1302 ἐν
1708 1236 1992 1319 οἰκήματι

231 1351 431 1426 μικρῷ
472 1341 1044 1423 παρασκευασθέντι
1084 1341 1235 1423 πρὸς
1277 1339 1591 1434 ὑποδοχὴν
1625 1340 1808 1417 ὄχλου
1832 1339 1992 1419 βρα-

229 1445 363 1522 χέος
405 1443 524 1505 ὑπὸ
562 1442 909 1520 Ἀθηναίων
954 1440 1055 1498 Or.
1099 1439 1234 1498 XII.
1281 1440 1422 1498 387.
1464 1436 1547 1497 Ut
1590 1447 1787 1496 cetera
1810 1437 1994 1494 Eleu-

231 1543 402 1601 siniis
446 1542 826 1611 conveniant,
872 1549 1030 1598 certe
1072 1557 1198 1596 non
1240 1539 1527 1600 convenit
1564 1538 1795 1596 initiati
1834 1533 1994 1617 θρό-

231 1660 448 1712 νωσις,
493 1658 679 1717 quam
722 1639 897 1697 Plato
944 1636 1331 1713 Corybantiis
1374 1637 1621 1709 tribuit,
1664 1635 1994 1694 Eleusiniis

233 1757 430 1799 nemo,
517 1736 695 1797 Clare
746 1739 851 1796 ille
905 1739 971 1796 in
1023 1735 1291 1822 Euthyd.
1335 1757 1395 1817 p.
1440 1737 1581 1796 277.
1623 1734 1716 1794 D.
1746 1734 1892 1817 ὅπερ
1913 1735 1997 1795 ὀἱ

235 1842 300 1901 ἓν
352 1845 554 1917 τελετῇ
607 1835 1035 1918 Κορυβάντων
1068 1844 1405 1908 ποιοῦσιν,
1462 1836 1614 1898 ὅταν
1646 1835 1780 1914 ’τὴν
1833 1831 1994 1916 θρό-

232 1956 426 1999 νωσιν
467 1942 764 1998 ποιῶνται
806 1937 943 2017 περὶ
981 1926 1207 2016 τοῦτον
1248 1936 1325 1997 ὃν
1368 1933 1450 1997 ἂν
1491 1936 1752 2015 μέλλωσι
1783 1939 1989 1996 τελεῖν.

235 2036 331 2092 cui
384 2034 518 2092 loco
572 2032 862 2093 Proculus
915 2037 983 2094 in
1026 2034 1235 2094 Theol.
1278 2033 1346 2091 L.
1391 2032 1634 2096 vl..13.
1675 2033 1851 2092 illum
1894 2051 1993 2110 ge-

233 2134 466 2191 minum
511 2135 767 2211 apponit
810 2153 843 2191 e
883 2133 1061 2211 Legg.
1092 2133 1222 2191 VH.
1246 2133 1388 2191 790.
1414 2133 1478 2190 in
1505 2150 1624 2211 quo
1653 2132 1991 2190 nutriculae

232 2231 522 2310 parvulos
563 2231 931 2294 cantillando
964 2242 1028 2291 et
1057 2228 1348 2309 gestando
1385 2232 1806 2312 consopientes
1829 2249 1988 2293 com-

233 2339 524 2408 parantur
589 2337 723 2400 ταῖς
774 2332 912 2413 περὶ
961 2332 1042 2394 τοὶ
1095 2340 1223 2395 τῶν
1277 2328 1704 2413 Κορυβάντων
1759 2329 1991 2411 ἶάματα

231 2427 559 2497 τελούσαις.
644 2429 760 2501 At,
818 2429 980 2489 dicat
1033 2432 1281 2510 aliquis,
1332 2429 1646 2488 Eleusinia
1698 2438 1760 2487 et
1801 2426 1991 2506 Cory-

234 2527 442 2588 bantia
483 2535 610 2585 tam
652 2528 859 2586 multis
902 2530 1061 2587 inter
1100 2547 1165 2587 se
1207 2526 1387 2586 rebus
1413 2538 1748 2604 congruunt
1769 2537 1839 2587 ut
1874 2547 1989 2608 pro

233 2625 452 2685 iisdem
505 2624 715 2684 haberi
758 2635 819 2684 et
860 2628 1207 2686 testimonia
1250 2627 1455 2685 omnia
1497 2625 1574 2684 de
1615 2644 1738 2685 uno
1782 2626 1863 2686 ad
1904 2628 1990 2686 al-

233 2734 431 2783 terum
488 2742 673 2801 genus
727 2725 1039 2784 transferri
1066 2726 1348 2803 possint.
1443 2724 1575 2786 Imo
1620 2724 1990 2785 vereritvdissi-
2062 2772 2064 2774 ψ

233 2823 491 2882 millima
531 2823 714 2882 fuere.
782 2823 1096 2882 Eleusinia
1139 2825 1300 2882 enim
1342 2821 1589 2901 publica
1631 2826 1989 2884 auctoritate

235 2921 686 2981 celebrabantur
764 2922 897 2980 loco
978 2923 1405 2998 augustissimo
1470 2924 1987 3003 sanctissimoque,

235 3017 608 3096 Corybantia
657 3021 946 3101 privatim
996 3023 1061 3080 in
1104 3021 1454 3098 gurgustiis,
1508 3021 1631 3080 illis
1673 3025 1986 3099 magistra-

345 3173 403 3229 [0]
436 3174 520 3215 Pro
549 3174 773 3227 infinitivo,
804 3176 878 3230 qui
905 3187 980 3230 per
1009 3173 1320 3217 anacoluthiam
1349 3174 1404 3216 ab
1435 3171 1621 3217 εἰώθασι
1651 3189 1877 3232 suspensus
1902 3182 1981 3230 est,

230 3229 424 3285 Uptonus
454 3232 509 3272 ad
537 3232 680 3288 Epict.
709 3231 785 3275 IV.
817 3234 855 3274 1.
888 3231 983 3274 106.
1012 3231 1070 3274 T.
1098 3231 1158 3275 ΙΙ.
1187 3247 1229 3288 p.
1253 3230 1351 3275 834.
1381 3229 1746 3291 περιχο’ρεύσειαν
1775 3236 1981 3278 emendat.

229 3287 295 3329 De
324 3289 604 3332 enthronismo
634 3305 675 3331 v.
708 3292 851 3334 Vales.
884 3291 1094 3334 Observv.
1124 3290 1231 3333 Crit.
1261 3290 1317 3333 H.
1347 3304 1389 3346 p.
1419 3289 1488 3333 53.
1518 3291 1760 3347 wesseling
1789 3294 1843 3336 ad
1871 3293 1980 3335 Dio-

230 3345 319 3386 dor.
351 3346 553 3392 XXXIII.
582 3362 621 3404 p.
653 3348 722 3391 83.
