2158 3848
717 253 1296 298 ELEUSINIA.
1399 299 1401 302 ,
1648 257 1650 259 ·
1776 245 1896 307 211

118 389 328 448 Attica
370 405 408 446 a
450 386 706 447 Boeotis
748 386 910 447 bello
954 394 1370 465 premeretur,
1413 386 1480 443 in
1524 405 1686 464 pago
1730 389 1903 467 Hya-

118 489 322 548 cintho
369 489 734 548 sacrificatas
777 503 951 559 esseg.
987 503 1177 545 unam
1222 494 1372 545 natu
1415 487 1760 547 maximam
1787 490 1905 550 hoc

114 588 241 648 fato
287 585 637 668 defunctam
679 585 871 646 tradit
902 586 1282 647 Demaratus
1324 588 1392 646 in
1419 585 1904 665 Tra-goduinenis

114 686 888 766 convenienter-Euripidi,
935 687 1107 764 cujus
1151 686 1425 765 fabulam
1473 677 1684 746 dedita
1716 708 1906 768 opera

114 786 471 866 exposuisse
526 785 805 861 videtur;
860 786 1283 867 Apollodorus
1341 790 1491 847 item
1551 807 1738 848 unam
1796 789 1906 848 sed

111 896 262 946 natu
303 888 649 961 minimam,
694 897 818 947 tres
863 898 1068 947 autem
1112 888 1382 967 reliquas
1418 890 1709 971 (quatuor
1741 891 1904 948 enim

112 987 456 1067 enumerat)
497 988 854 1049 voluntaria
891 997 1092 1048 morte
1135 988 1383 1060 obiisse,
1429 997 1491 1046 et
1516 989 1730 1066 paullo
1762 1000 1904 1049 ante

112 1088 491 1166 singularum
534 1089 930 1148 matrimonia
974 1097 1235 1161 enarrat,
1280 1088 1424 1146 licet
1466 1089 1758 1168 innuptas
1790 1092 1905 1149 im-

111 1189 379 1248 molatas
437 1207 573 1248 esse
615 1207 714 1247 res
755 1190 897 1268 ipsa
941 1197 1003 1246 et
1032 1187 1321 1246 'solemne
1363 1206 1594 1246 nomen
1640 1193 1906 1272 Παρθέ-

110 1314 212 1352 voc
268 1287 551 1347 declaret.
649 1288 937 1368 Denique
991 1286 1159 1348 idem
1228 1287 1650 1367 Apollodorus
1695 1289 1906 1349 Minoe

110 1388 384 1449 Atticam
430 1386 752 1448 obsidente
799 1390 1067 1468 quinque
1096 1387 1437 1465 Hyacinthi
1479 1389 1766 1468 inquilini
1791 1390 1909 1449 La-

112 1488 496 1549 cedaemonii
550 1490 709 1550 filias
768 1489 937 1570 apud
995 1509 1167 1550 aram
1214 1486 1505 1569 Cyclopis
1547 1491 1907 1551 immolatas

31 1636 37 1643 .
113 1609 266 1664 esse,
310 1590 476 1651 unde
519 1600 692 1670 patet
732 1594 989 1652 nomina
1022 1590 1346 1668 Hyadum,
1388 1589 1728 1666 Hyacinthi
1765 1594 1907 1671 pagi

115 1700 178 1749 et
231 1690 572 1768 Hyacinthi
626 1690 1103 1752 Lacedaemonii
1158 1698 1416 1772 propter
1459 1690 1782 1750 fortuitam
1828 1694 1908 1751 si-

112 1791 527 1851 militudinem
583 1793 650 1850 in
704 1810 896 1850 unum
952 1791 1208 1850 confusa
1251 1801 1314 1849 et
1357 1780 1680 1870 praeterea
1722 1792 1908 1868 virgi-

112 1911 263 1952 num
304 1910 561 1964 nomen,
608 1901 841 1966 ortum,
884 1901 1150 1950 aetatem
1196 1900 1258 1950 et
1299 1909 1626 1950 numerum
1668 1893 1758 1950 ita
1801 1910 1909 1952 va-

113 1994 205 2057 rzie
261 1992 490 2054 tradita
545 2009 681 2050 esse
736 2000 808 2051 ut
860 1992 1266 2052 manifestum
1307 1993 1447 2064 fiat,
1503 1990 1742 2050 nullum
1790 2000 1909 2051 tra-

114 2092 395 2154 dentium
448 2092 704 2152 alterius
762 2111 830 2153 se
886 2093 1289 2153 obstrinxisse
1347 2093 1746 2166 auctoritate,
1804 2111 1908 2152 ne-

115 2191 266 2251 dum
309 2203 379 2253 ut
423 2210 637 2254 omnes
681 2213 759 2253 ex
801 2195 1115 2254 communi
1159 2192 1432 2273 quodam
1464 2193 1648 2251 ‘fonte
1690 2192 1910 2252 hause-

115 2294 269 2366 rint3
328 2312 449 2373 quo
506 2312 630 2353 uno
689 2295 985 2374 exemplo
1031 2313 1109 2353 ex
1148 2291 1704 2353 innumerabilibus
1750 2292 1913 2352 dele-

117 2404 219 2451 cto
275 2394 550 2469 arguitur
606 2412 821 2453 eorum
862 2395 1211 2467 temeritaS,
1279 2395 1385 2473 qui
1429 2413 1506 2453 ex
1547 2395 1742 2455 variis
1788 2392 1911 2453 dis-

119 2491 526 2572 cordibusque
584 2504 908 2572 poetarum
956 2504 1019 2553 et
1060 2494 1658 2574 mythographorum
1703 2512 1912 2552 narra-

18 2669 19 2672 *
120 2593 409 2652 tiunculis
465 2594 757 2671 antiquae
809 2593 1014 2653 famae
1068 2594 1334 2654 formam
1389 2602 1455 2653 et
1499 2595 1676 2672 quasi
1720 2595 1908 2653 linea-

18 2736 22 2773 ³,
118 2703 329 2752 menta
370 2696 719 2771 recognosci
764 2713 951 2773 posse
984 2703 1251 2773 sperant.
1296 2694 1615 2753 Postremo
1641 2694 1910 2767 fuerunt,

20 2788 22 2795 ’
124 2794 228 2873 qui
270 2792 606 2875 Agraulum
655 2791 946 2875 Cecropis
989 2794 1180 2854 filiam
1226 2803 1511 2874 tempore
1555 2793 1704 2854 belli
1727 2795 1911 2853 Eleu-

18 2906 24 2955 s
125 2893 263 2953 sinii
309 2913 374 2953 se
417 2913 532 2975 pro
577 2896 780 2974 patria
819 2893 1152 2956 devovisse
1179 2904 1498 2954 narrarent
1526 2893 1728 2955 Schol.
1755 2894 1909 2972 Aug.

18 2991 23 2994 ’
127 2989 209 3050 ad
259 2993 437 3054 Dem.
480 3015 542 3075 p.
592 2994 730 3053 168.
780 2995 883 3056 vel
937 2995 1263 3056 Erechthei
1325 2994 1485 3053 filias
1551 2994 1911 3071 Aglaurum,

128 3090 368 3155 Hersen
431 3105 492 3154 et
546 3093 926 3155 Pandrosum
985 3106 1249 3156 mortem
1306 3095 1689 3174 oppetivisse
1749 3093 1912 3154 dice-

129 3200 295 3264 rent,
365 3192 563 3253 Schol.
632 3193 885 3254 Aristid.
940 3215 1001 3276 p.
1058 3196 1160 3255 41.
1216 3213 1415 3274 neque
1470 3213 1596 3254 non
1654 3193 1910 3272 ambigit

133 3291 335 3350 Schol.
379 3291 582 3373 Apoll.
626 3297 672 3354 Ι.
719 3294 861 3354 211.
905 3295 1176 3369 ProcriS,
1241 3292 1470 3355 Creusa
1515 3305 1576 3354 et
1622 3294 1910 3371 Orithyia

134 3388 424 3471 Cecropis
468 3393 695 3455 suerint
738 3415 816 3455 an
863 3395 1202 3457 Erechthei.
1250 3394 1385 3469 Quo
1430 3397 1633 3457 minus
1678 3397 1910 3456 utimur

1416 3492 1494 3554 1'4
1541 3500 1573 3537 *
