<?xml version="1.0" encoding="UTF-8"?>
<!DOCTYPE html PUBLIC "-//W3C//DTD XHTML 1.0 Transitional//EN"
    "http://www.w3.org/TR/xhtml1/DTD/xhtml1-transitional.dtd">
<html xmlns="http://www.w3.org/1999/xhtml" xml:lang="en" lang="en">
 <head>
  <title>
</title>
<meta http-equiv="Content-Type" content="text/html;charset=utf-8" />
  <meta name='ocr-system' content='tesseract 3.04.00' />
  <meta name='ocr-capabilities' content='ocr_page ocr_carea ocr_par ocr_line ocrx_word'/>
</head>
<body>
  <div class='ocr_page' id='page_1' title='image "./aglaophamussived01lobeuoft_0793.png"; bbox 0 0 2158 3848; ppageno 0'>
   <div class='ocr_carea' id='block_1_1' title="bbox 830 209 1938 288">
    <p class='ocr_par' dir='ltr' id='par_1_1' title="bbox 830 209 1938 288">
     <span class='ocr_line' id='line_1_1' title="bbox 830 209 1938 288; baseline 0.003 -3"><span class='ocrx_word' id='word_1_1' title='bbox 830 217 1276 286; x_wconf 34' lang='lat' dir='ltr'><strong>onP&#39;nch.</strong></span> <span class='ocrx_word' id='word_1_2' title='bbox 1599 209 1601 211; x_wconf 28' lang='lat'>¹</span> <span class='ocrx_word' id='word_1_3' title='bbox 1812 229 1938 288; x_wconf 90' lang='grc'><strong>777</strong></span> 
     </span>
    </p>
   </div>
   <div class='ocr_carea' id='block_1_2' title="bbox 166 359 1980 2858">
    <p class='ocr_par' dir='ltr' id='par_1_2' title="bbox 166 359 1980 2858">
     <span class='ocr_line' id='line_1_2' title="bbox 166 359 1980 452; baseline 0 -20"><span class='ocrx_word' id='word_1_4' title='bbox 166 376 431 432; x_wconf 89' lang='lat' dir='ltr'><strong>istorum</strong></span> <span class='ocrx_word' id='word_1_5' title='bbox 509 371 792 452; x_wconf 71' lang='lat' dir='ltr'><strong>aliquem*</strong></span> <span class='ocrx_word' id='word_1_6' title='bbox 843 372 907 429; x_wconf 89' lang='lat' dir='ltr'><strong>in</strong></span> <span class='ocrx_word' id='word_1_7' title='bbox 976 371 1298 430; x_wconf 87' lang='lat' dir='ltr'><strong>consilium</strong></span> <span class='ocrx_word' id='word_1_8' title='bbox 1373 369 1627 444; x_wconf 85' lang='lat' dir='ltr'>adhibe,</span> <span class='ocrx_word' id='word_1_9' title='bbox 1705 359 1809 451; x_wconf 88' lang='lat' dir='ltr'><strong>qui</strong></span> <span class='ocrx_word' id='word_1_10' title='bbox 1875 391 1942 432; x_wconf 91' lang='lat' dir='ltr'><strong>se</strong></span> <span class='ocrx_word' id='word_1_11' title='bbox 1978 418 1980 421; x_wconf 85' lang='grc'><strong>-</strong></span> 
     </span>
     <span class='ocr_line' id='line_1_3' title="bbox 171 471 1942 550; baseline -0.001 -18"><span class='ocrx_word' id='word_1_12' title='bbox 171 473 620 534; x_wconf 80' lang='lat' dir='ltr'><strong>Grammaticos</strong></span> <span class='ocrx_word' id='word_1_13' title='bbox 675 471 934 546; x_wconf 47' lang='lat' dir='ltr'><strong>dicunt,</strong></span> <span class='ocrx_word' id='word_1_14' title='bbox 966 476 1212 531; x_wconf 82' lang='lat' dir='ltr'><strong>succum</strong></span> <span class='ocrx_word' id='word_1_15' title='bbox 1257 473 1427 550; x_wconf 88' lang='lat' dir='ltr'><strong>prius</strong></span> <span class='ocrx_word' id='word_1_16' title='bbox 1471 489 1508 529; x_wconf 87' lang='lat' dir='ltr'><strong>e</strong></span> <span class='ocrx_word' id='word_1_17' title='bbox 1548 473 1792 550; x_wconf 80' lang='lat' dir='ltr'><strong>pumice</strong></span> <span class='ocrx_word' id='word_1_18' title='bbox 1836 473 1942 532; x_wconf 91' lang='lat' dir='ltr'><strong>eli-</strong></span> 
     </span>
     <span class='ocr_line' id='line_1_4' title="bbox 170 558 1943 652; baseline 0 -21"><span class='ocrx_word' id='word_1_19' title='bbox 170 574 319 645; x_wconf 88' lang='lat' dir='ltr'><strong>ciat,</strong></span> <span class='ocrx_word' id='word_1_20' title='bbox 380 578 585 652; x_wconf 76' lang='lat' dir='ltr'><strong>quam&#39;</strong></span> <span class='ocrx_word' id='word_1_21' title='bbox 621 558 698 630; x_wconf 90' lang='lat' dir='ltr'><strong>ex</strong></span> <span class='ocrx_word' id='word_1_22' title='bbox 726 563 1065 648; x_wconf 68' lang='lat' dir='ltr'><strong>‚Hesychio</strong></span> <span class='ocrx_word' id='word_1_23' title='bbox 1121 571 1237 630; x_wconf 91' lang='lat' dir='ltr'><strong>hoc</strong></span> <span class='ocrx_word' id='word_1_24' title='bbox 1292 569 1619 644; x_wconf 76' lang='lat' dir='ltr'>extundat,</span> <span class='ocrx_word' id='word_1_25' title='bbox 1686 572 1943 631; x_wconf 88' lang='lat' dir='ltr'><strong>initiatis</strong></span> 
     </span>
     <span class='ocr_line' id='line_1_5' title="bbox 171 657 1945 757; baseline 0 -27"><span class='ocrx_word' id='word_1_26' title='bbox 171 673 571 732; x_wconf 83' lang='lat' dir='ltr'><strong>acclamatum</strong></span> <span class='ocrx_word' id='word_1_27' title='bbox 616 689 752 732; x_wconf 87' lang='lat' dir='ltr'><strong>esse</strong></span> <span class='ocrx_word' id='word_1_28' title='bbox 788 669 991 757; x_wconf 73' lang='grc' dir='ltr'><em>Κόγξ,</em></span> <span class='ocrx_word' id='word_1_29' title='bbox 1021 673 1179 754; x_wconf 71' lang='grc' dir='ltr'><strong>’Όμ,</strong></span> <span class='ocrx_word' id='word_1_30' title='bbox 1226 660 1387 743; x_wconf 79' lang='grc' dir='ltr'><strong>Πάξ.</strong></span> <span class='ocrx_word' id='word_1_31' title='bbox 1419 685 1424 693; x_wconf 90' lang='grc'><strong><em>·</em></strong></span> <span class='ocrx_word' id='word_1_32' title='bbox 1471 657 1748 730; x_wconf 84' lang='lat' dir='ltr'><strong>Primum</strong></span> <span class='ocrx_word' id='word_1_33' title='bbox 1785 669 1945 730; x_wconf 87' lang='lat' dir='ltr'><strong>dicet</strong></span> 
     </span>
     <span class='ocr_line' id='line_1_6' title="bbox 169 769 1946 857; baseline -0.003 -22"><span class='ocrx_word' id='word_1_34' title='bbox 169 771 321 857; x_wconf 78' lang='grc' dir='ltr'><em>κόγξ</em></span> <span class='ocrx_word' id='word_1_35' title='bbox 373 774 580 854; x_wconf 81' lang='grc' dir='ltr'><strong><em>ὄμπαξ</em></strong></span> <span class='ocrx_word' id='word_1_36' title='bbox 634 789 762 832; x_wconf 90' lang='lat' dir='ltr'><strong>non</strong></span> <span class='ocrx_word' id='word_1_37' title='bbox 791 785 942 832; x_wconf 69' lang='lat' dir='ltr'><strong>&#39;esse‘</strong></span> <span class='ocrx_word' id='word_1_38' title='bbox 982 773 1324 853; x_wconf 87' lang='lat' dir='ltr'><strong>composita</strong></span> <span class='ocrx_word' id='word_1_39' title='bbox 1366 771 1559 834; x_wconf 81' lang='lat' dir='ltr'><strong>verba</strong></span> <span class='ocrx_word' id='word_1_40' title='bbox 1601 769 1712 830; x_wconf 91' lang='lat' dir='ltr'><strong>sed</strong></span> <span class='ocrx_word' id='word_1_41' title='bbox 1753 788 1946 830; x_wconf 86' lang='lat' dir='ltr'><strong>unum</strong></span> 
     </span>
     <span class='ocr_line' id='line_1_7' title="bbox 171 863 1949 951; baseline -0.001 -21"><span class='ocrx_word' id='word_1_42' title='bbox 171 872 423 932; x_wconf 88' lang='lat' dir='ltr'><strong>alterius</strong></span> <span class='ocrx_word' id='word_1_43' title='bbox 466 874 1083 951; x_wconf 76' lang='lat' dir='ltr'><strong>interpretamentum</strong></span> <span class='ocrx_word' id='word_1_44' title='bbox 1102 885 1129 945; x_wconf 85' lang='grc'><strong>·,·</strong></span> <span class='ocrx_word' id='word_1_45' title='bbox 1163 883 1233 931; x_wconf 92' lang='lat' dir='ltr'><strong>ut</strong></span> <span class='ocrx_word' id='word_1_46' title='bbox 1274 874 1340 931; x_wconf 91' lang='lat' dir='ltr'><strong>in</strong></span> <span class='ocrx_word' id='word_1_47' title='bbox 1381 871 1686 932; x_wconf 82' lang='lat' dir='ltr'><strong>similibus</strong></span> <span class='ocrx_word' id='word_1_48' title='bbox 1730 863 1949 949; x_wconf 84' lang='lat' dir='ltr'><strong>glossis</strong></span> 
     </span>
     <span class='ocr_line' id='line_1_8' title="bbox 170 960 1951 1059; baseline -0.001 -25"><span class='ocrx_word' id='word_1_49' title='bbox 170 972 290 1034; x_wconf 81' lang='grc' dir='ltr'><strong>Εἶα</strong></span> <span class='ocrx_word' id='word_1_50' title='bbox 333 960 412 1052; x_wconf 72' lang='grc' dir='ltr'><strong>δὴ</strong></span> <span class='ocrx_word' id='word_1_51' title='bbox 456 973 568 1058; x_wconf 71' lang='grc' dir='ltr'><strong><em>ἄγε</em></strong></span> <span class='ocrx_word' id='word_1_52' title='bbox 610 960 711 1052; x_wconf 78' lang='grc' dir='ltr'><strong>δή,</strong></span> <span class='ocrx_word' id='word_1_53' title='bbox 739 975 874 1054; x_wconf 82' lang='grc' dir='ltr'><strong><em>Ἔχε</em></strong></span> <span class='ocrx_word' id='word_1_54' title='bbox 919 972 989 1036; x_wconf 74' lang='grc' dir='ltr'><strong>δὲ</strong></span> <span class='ocrx_word' id='word_1_55' title='bbox 1034 975 1144 1059; x_wconf 75' lang='grc' dir='ltr'><strong>ἄγε</strong></span> <span class='ocrx_word' id='word_1_56' title='bbox 1187 971 1286 1053; x_wconf 77' lang='grc' dir='ltr'><strong>δή,</strong></span> <span class='ocrx_word' id='word_1_57' title='bbox 1330 990 1528 1053; x_wconf 89' lang='lat' dir='ltr'><strong>neque</strong></span> <span class='ocrx_word' id='word_1_58' title='bbox 1571 972 1767 1050; x_wconf 82' lang='lat' dir='ltr'><strong>magis</strong></span> <span class='ocrx_word' id='word_1_59' title='bbox 1800 969 1951 1056; x_wconf 77' lang='grc' dir='ltr'><em>κόγξ</em></span> 
     </span>
     <span class='ocr_line' id='line_1_9' title="bbox 170 1073 1951 1154; baseline -0.002 -20"><span class='ocrx_word' id='word_1_60' title='bbox 170 1073 373 1154; x_wconf 80' lang='grc' dir='ltr'><strong><em>ὄμπαξ</em></strong></span> <span class='ocrx_word' id='word_1_61' title='bbox 420 1087 698 1153; x_wconf 86' lang='lat' dir='ltr'><strong>unquam</strong></span> <span class='ocrx_word' id='word_1_62' title='bbox 738 1075 1026 1133; x_wconf 89' lang='lat' dir='ltr'><strong>continuo</strong></span> <span class='ocrx_word' id='word_1_63' title='bbox 1070 1074 1544 1154; x_wconf 87' lang='lat' dir='ltr'><strong>pronunciatum</strong></span> <span class='ocrx_word' id='word_1_64' title='bbox 1590 1090 1724 1132; x_wconf 90' lang='lat' dir='ltr'><strong>esse</strong></span> <span class='ocrx_word' id='word_1_65' title='bbox 1767 1076 1951 1151; x_wconf 82' lang='lat' dir='ltr'><strong>quam</strong></span> 
     </span>
     <span class='ocr_line' id='line_1_10' title="bbox 169 1170 1955 1259; baseline -0.003 -25"><span class='ocrx_word' id='word_1_66' title='bbox 169 1176 360 1254; x_wconf 77' lang='grc' dir='ltr'><strong><em>Εἴπερ</em></strong></span> <span class='ocrx_word' id='word_1_67' title='bbox 403 1173 526 1258; x_wconf 72' lang='grc' dir='ltr'><strong>γὰρ</strong></span> <span class='ocrx_word' id='word_1_68' title='bbox 571 1174 682 1237; x_wconf 77' lang='grc' dir='ltr'><strong><em>ἐὰν</em></strong></span> <span class='ocrx_word' id='word_1_69' title='bbox 722 1172 879 1259; x_wconf 75' lang='grc' dir='ltr'><strong>γάρ,</strong></span> <span class='ocrx_word' id='word_1_70' title='bbox 922 1182 984 1232; x_wconf 83' lang='lat' dir='ltr'><strong>et</strong></span> <span class='ocrx_word' id='word_1_71' title='bbox 1028 1178 1197 1252; x_wconf 90' lang='lat' dir='ltr'><strong>quae</strong></span> <span class='ocrx_word' id='word_1_72' title='bbox 1226 1181 1371 1232; x_wconf 91' lang='lat' dir='ltr'><strong>sunt</strong></span> <span class='ocrx_word' id='word_1_73' title='bbox 1415 1171 1635 1232; x_wconf 90' lang='lat' dir='ltr'><strong>eodem</strong></span> <span class='ocrx_word' id='word_1_74' title='bbox 1679 1170 1868 1231; x_wconf 89' lang='lat' dir='ltr'><strong>modo</strong></span> <span class='ocrx_word' id='word_1_75' title='bbox 1915 1188 1955 1228; x_wconf 88' lang='lat' dir='ltr'><strong>a</strong></span> 
     </span>
     <span class='ocr_line' id='line_1_11' title="bbox 172 1270 1955 1351; baseline 0 -22"><span class='ocrx_word' id='word_1_76' title='bbox 172 1271 646 1351; x_wconf 87' lang='lat' dir='ltr'><strong>Glossographis</strong></span> <span class='ocrx_word' id='word_1_77' title='bbox 728 1274 1065 1350; x_wconf 84' lang='lat' dir='ltr'><strong>conjugata.</strong></span> <span class='ocrx_word' id='word_1_78' title='bbox 1189 1270 1434 1330; x_wconf 90' lang='lat' dir='ltr'><strong>Deinde</strong></span> <span class='ocrx_word' id='word_1_79' title='bbox 1515 1273 1955 1348; x_wconf 82' lang='lat' dir='ltr'><strong>mysteriorum</strong></span> 
     </span>
     <span class='ocr_line' id='line_1_12' title="bbox 170 1370 1957 1457; baseline 0 -28"><span class='ocrx_word' id='word_1_80' title='bbox 170 1370 627 1432; x_wconf 85' lang='lat' dir='ltr'><strong>Eleusiniorum</strong></span> <span class='ocrx_word' id='word_1_81' title='bbox 670 1390 781 1432; x_wconf 89' lang='lat' dir='ltr'><strong>nec</strong></span> <span class='ocrx_word' id='word_1_82' title='bbox 824 1380 1010 1452; x_wconf 88' lang='lat' dir='ltr'><strong>caput</strong></span> <span class='ocrx_word' id='word_1_83' title='bbox 1042 1390 1155 1432; x_wconf 88' lang='lat' dir='ltr'><strong>nec</strong></span> <span class='ocrx_word' id='word_1_84' title='bbox 1187 1373 1395 1457; x_wconf 89' lang='lat' dir='ltr'><strong>volam</strong></span> <span class='ocrx_word' id='word_1_85' title='bbox 1432 1390 1785 1453; x_wconf 88' lang='lat' dir='ltr'><strong>comparere</strong></span> <span class='ocrx_word' id='word_1_86' title='bbox 1817 1389 1957 1451; x_wconf 89' lang='lat' dir='ltr'><strong>per-</strong></span> 
     </span>
     <span class='ocr_line' id='line_1_13' title="bbox 170 1461 1957 1552; baseline 0.004 -24"><span class='ocrx_word' id='word_1_87' title='bbox 170 1469 415 1545; x_wconf 89' lang='lat' dir='ltr'><strong>tendet,</strong></span> <span class='ocrx_word' id='word_1_88' title='bbox 471 1477 542 1530; x_wconf 88' lang='lat' dir='ltr'><strong>ut</strong></span> <span class='ocrx_word' id='word_1_89' title='bbox 593 1461 848 1534; x_wconf 85' lang='lat' dir='ltr'><strong>omnino</strong></span> <span class='ocrx_word' id='word_1_90' title='bbox 903 1473 1047 1531; x_wconf 89' lang='lat' dir='ltr'><strong>sciri</strong></span> <span class='ocrx_word' id='word_1_91' title='bbox 1101 1490 1243 1531; x_wconf 61' lang='lat' dir='ltr'><strong>non&gt;</strong></span> <span class='ocrx_word' id='word_1_92' title='bbox 1283 1473 1511 1552; x_wconf 87' lang='lat' dir='ltr'><strong>possit,</strong></span> <span class='ocrx_word' id='word_1_93' title='bbox 1575 1479 1783 1533; x_wconf 81' lang='lat' dir='ltr'><strong>utrum</strong></span> <span class='ocrx_word' id='word_1_94' title='bbox 1824 1477 1957 1536; x_wconf 83' lang='grc' dir='ltr'><strong>τῶν</strong></span> 
     </span>
     <span class='ocr_line' id='line_1_14' title="bbox 170 1559 1955 1654; baseline -0.001 -23"><span class='ocrx_word' id='word_1_95' title='bbox 170 1573 613 1654; x_wconf 76' lang='grc' dir='ltr'><strong><em>τετελεσμένων</em></strong></span> <span class='ocrx_word' id='word_1_96' title='bbox 665 1563 922 1631; x_wconf 78' lang='lat' dir='ltr'><strong>nomine</strong></span> <span class='ocrx_word' id='word_1_97' title='bbox 965 1570 1203 1633; x_wconf 85' lang='lat' dir='ltr'><strong>Cereris</strong></span> <span class='ocrx_word' id='word_1_98' title='bbox 1244 1559 1652 1653; x_wconf 85' lang='lat' dir='ltr'><strong>Liberaeque,</strong></span> <span class='ocrx_word' id='word_1_99' title='bbox 1707 1590 1786 1631; x_wconf 90' lang='lat' dir='ltr'><strong>an</strong></span> <span class='ocrx_word' id='word_1_100' title='bbox 1829 1569 1955 1629; x_wconf 89' lang='lat' dir='ltr'><strong>He-</strong></span> 
     </span>
     <span class='ocr_line' id='line_1_15' title="bbox 173 1659 1956 1750; baseline 0.001 -23"><span class='ocrx_word' id='word_1_101' title='bbox 173 1677 378 1743; x_wconf 81' lang='lat' dir='ltr'><strong>catae,</strong></span> <span class='ocrx_word' id='word_1_102' title='bbox 446 1677 527 1729; x_wconf 84' lang='lat' dir='ltr'><strong>an&#39;</strong></span> <span class='ocrx_word' id='word_1_103' title='bbox 594 1659 987 1745; x_wconf 86' lang='lat' dir='ltr'><strong>Cabirorum,</strong></span> <span class='ocrx_word' id='word_1_104' title='bbox 1054 1691 1134 1731; x_wconf 89' lang='lat' dir='ltr'><strong>an</strong></span> <span class='ocrx_word' id='word_1_105' title='bbox 1189 1672 1487 1745; x_wconf 87' lang='lat' dir='ltr'><strong>Mithrae,</strong></span> <span class='ocrx_word' id='word_1_106' title='bbox 1559 1691 1639 1731; x_wconf 90' lang='lat' dir='ltr'><strong>an</strong></span> <span class='ocrx_word' id='word_1_107' title='bbox 1695 1671 1956 1750; x_wconf 90' lang='lat' dir='ltr'><strong>denique</strong></span> 
     </span>
     <span class='ocr_line' id='line_1_16' title="bbox 173 1769 1956 1850; baseline 0.002 -24"><span class='ocrx_word' id='word_1_108' title='bbox 173 1769 373 1848; x_wconf 89' lang='lat' dir='ltr'><strong>ipsius</strong></span> <span class='ocrx_word' id='word_1_109' title='bbox 419 1769 785 1830; x_wconf 84' lang='lat' dir='ltr'><strong>christianae</strong></span> <span class='ocrx_word' id='word_1_110' title='bbox 827 1772 1141 1850; x_wconf 84' lang='lat' dir='ltr'><strong>religionis</strong></span> <span class='ocrx_word' id='word_1_111' title='bbox 1187 1782 1569 1832; x_wconf 85' lang='lat' dir='ltr'><strong>sacramenta</strong></span> <span class='ocrx_word' id='word_1_112' title='bbox 1619 1773 1956 1850; x_wconf 83' lang='lat' dir='ltr'><strong>significen-</strong></span> 
     </span>
     <span class='ocr_line' id='line_1_17' title="bbox 173 1869 1957 1951; baseline 0.002 -25"><span class='ocrx_word' id='word_1_113' title='bbox 173 1879 290 1927; x_wconf 83' lang='lat' dir='ltr'><strong>tur.</strong></span> <span class='ocrx_word' id='word_1_114' title='bbox 376 1869 535 1929; x_wconf 82' lang='lat' dir='ltr'><strong>Mox</strong></span> <span class='ocrx_word' id='word_1_115' title='bbox 593 1889 666 1929; x_wconf 90' lang='lat' dir='ltr'><strong>eo</strong></span> <span class='ocrx_word' id='word_1_116' title='bbox 709 1871 1134 1951; x_wconf 83' lang='lat' dir='ltr'><strong>progredietur</strong></span> <span class='ocrx_word' id='word_1_117' title='bbox 1190 1873 1484 1932; x_wconf 84' lang='lat' dir='ltr'><strong>audaciae</strong></span> <span class='ocrx_word' id='word_1_118' title='bbox 1538 1882 1620 1932; x_wconf 66' lang='lat' dir='ltr'><strong>ut*</strong></span> <span class='ocrx_word' id='word_1_119' title='bbox 1663 1892 1742 1931; x_wconf 90' lang='lat' dir='ltr'><strong>ne</strong></span> <span class='ocrx_word' id='word_1_120' title='bbox 1783 1872 1957 1930; x_wconf 67' lang='lat' dir='ltr'><strong>‘ullos</strong></span> 
     </span>
     <span class='ocr_line' id='line_1_18' title="bbox 173 1967 1961 2057; baseline 0.001 -30"><span class='ocrx_word' id='word_1_121' title='bbox 173 1967 424 2046; x_wconf 85' lang='lat' dir='ltr'><strong>quidem</strong></span> <span class='ocrx_word' id='word_1_122' title='bbox 491 1972 768 2031; x_wconf 83' lang='lat' dir='ltr'><strong>initiatos</strong></span> <span class='ocrx_word' id='word_1_123' title='bbox 835 1975 903 2031; x_wconf 82' lang='lat' dir='ltr'><strong>in·</strong></span> <span class='ocrx_word' id='word_1_124' title='bbox 958 1975 1077 2033; x_wconf 89' lang='lat' dir='ltr'><strong>isto</strong></span> <span class='ocrx_word' id='word_1_125' title='bbox 1135 1973 1270 2032; x_wconf 91' lang='lat' dir='ltr'><strong>loco</strong></span> <span class='ocrx_word' id='word_1_126' title='bbox 1326 1973 1584 2057; x_wconf 68' lang='lat' dir='ltr'><strong>intelligi</strong></span> <span class='ocrx_word' id='word_1_127' title='bbox 1643 1973 1961 2033; x_wconf 89' lang='lat' dir='ltr'><strong>con-firmet</strong></span> 
     </span>
     <span class='ocr_line' id='line_1_19' title="bbox 177 2060 1960 2152; baseline -0.001 -21"><span class='ocrx_word' id='word_1_128' title='bbox 177 2065 288 2125; x_wconf 81' lang='lat' dir='ltr'><strong>sed</strong></span> <span class='ocrx_word' id='word_1_129' title='bbox 338 2073 794 2152; x_wconf 70' lang='grc' dir='ltr'><strong><em>τετελεσμένοις</em></strong></span> <span class='ocrx_word' id='word_1_130' title='bbox 836 2091 971 2133; x_wconf 88' lang='lat' dir='ltr'><strong>esse</strong></span> <span class='ocrx_word' id='word_1_131' title='bbox 1027 2072 1310 2134; x_wconf 86' lang='lat' dir='ltr'><strong>dativum</strong></span> <span class='ocrx_word' id='word_1_132' title='bbox 1366 2060 1604 2152; x_wconf 83' lang='lat' dir='ltr'><strong>generis</strong></span> <span class='ocrx_word' id='word_1_133' title='bbox 1665 2073 1960 2144; x_wconf 88' lang='lat' dir='ltr'><strong>neutrius,</strong></span> 
     </span>
     <span class='ocr_line' id='line_1_20' title="bbox 176 2171 1961 2258; baseline 0.003 -30"><span class='ocrx_word' id='word_1_134' title='bbox 176 2171 569 2251; x_wconf 78' lang='grc' dir='ltr'><strong><em>τετελεσμένα</em></strong></span> <span class='ocrx_word' id='word_1_135' title='bbox 631 2182 839 2234; x_wconf 89' lang='lat' dir='ltr'><strong>autem</strong></span> <span class='ocrx_word' id='word_1_136' title='bbox 884 2173 1050 2232; x_wconf 91' lang='lat' dir='ltr'><strong>idem</strong></span> <span class='ocrx_word' id='word_1_137' title='bbox 1097 2175 1436 2252; x_wconf 85' lang='lat' dir='ltr'><strong>significare</strong></span> <span class='ocrx_word' id='word_1_138' title='bbox 1480 2173 1647 2254; x_wconf 89' lang='lat' dir='ltr'><strong>quod</strong></span> <span class='ocrx_word' id='word_1_139' title='bbox 1672 2175 1961 2258; x_wconf 52' lang='grc' dir='ltr'><strong><em>’ἐξειργα-</em></strong></span> 
     </span>
     <span class='ocr_line' id='line_1_21' title="bbox 181 2270 1959 2349; baseline 0.001 -19"><span class='ocrx_word' id='word_1_140' title='bbox 181 2270 377 2349; x_wconf 88' lang='grc' dir='ltr'><strong><em>σμένα</em></strong></span> <span class='ocrx_word' id='word_1_141' title='bbox 419 2273 811 2348; x_wconf 85' lang='lat' dir='ltr'><strong>negotium</strong></span> <span class='ocrx_word' id='word_1_142' title='bbox 858 2274 1330 2347; x_wconf 82' lang='lat' dir='ltr'><strong>confectum,</strong></span> <span class='ocrx_word' id='word_1_143' title='bbox 1386 2288 1667 2348; x_wconf 84' lang='lat' dir='ltr'><strong>actum,</strong></span> <span class='ocrx_word' id='word_1_144' title='bbox 1724 2284 1959 2333; x_wconf 88' lang='lat' dir='ltr'><strong>trans-</strong></span> 
     </span>
     <span class='ocr_line' id='line_1_22' title="bbox 180 2373 1962 2456; baseline 0.005 -29"><span class='ocrx_word' id='word_1_145' title='bbox 180 2377 451 2443; x_wconf 83' lang='lat' dir='ltr'><strong>actum,</strong></span> <span class='ocrx_word' id='word_1_146' title='bbox 498 2379 562 2429; x_wconf 84' lang='lat' dir='ltr'><strong>et</strong></span> <span class='ocrx_word' id='word_1_147' title='bbox 604 2373 713 2435; x_wconf 81' lang='grc' dir='ltr'><em>ἒπὶ·</em></span> <span class='ocrx_word' id='word_1_148' title='bbox 742 2376 1185 2455; x_wconf 80' lang='grc' dir='ltr'><strong><em>τετελεσμένοις</em></strong></span> <span class='ocrx_word' id='word_1_149' title='bbox 1228 2374 1396 2433; x_wconf 89' lang='lat' dir='ltr'><strong>idem</strong></span> <span class='ocrx_word' id='word_1_150' title='bbox 1442 2374 1608 2454; x_wconf 92' lang='lat' dir='ltr'><strong>quod</strong></span> <span class='ocrx_word' id='word_1_151' title='bbox 1653 2376 1738 2437; x_wconf 71' lang='grc' dir='ltr'><strong>ἐπ’</strong></span> <span class='ocrx_word' id='word_1_152' title='bbox 1777 2378 1962 2456; x_wconf 74' lang='grc' dir='ltr'><strong><em>ἐξειρ-</em></strong></span> 
     </span>
     <span class='ocr_line' id='line_1_23' title="bbox 177 2459 1963 2556; baseline 0 -25"><span class='ocrx_word' id='word_1_153' title='bbox 177 2472 539 2554; x_wconf 75' lang='grc' dir='ltr'><strong><em>γασμένοις,</em></strong></span> <span class='ocrx_word' id='word_1_154' title='bbox 598 2478 686 2531; x_wconf 65' lang='grc' dir='ltr'><strong><em>το</em></strong></span> <span class='ocrx_word' id='word_1_155' title='bbox 737 2474 1094 2534; x_wconf 88' lang='lat' dir='ltr'><strong>confecta</strong></span> <span class='ocrx_word' id='word_1_156' title='bbox 1137 2475 1230 2556; x_wconf 75' lang='lat'><strong>[²²].</strong></span> <span class='ocrx_word' id='word_1_157' title='bbox 1327 2459 1610 2555; x_wconf 79' lang='lat' dir='ltr'><strong>Denique</strong></span> <span class='ocrx_word' id='word_1_158' title='bbox 1663 2474 1963 2550; x_wconf 89' lang='lat' dir='ltr'><strong>Hesychii</strong></span> 
     </span>
     <span class='ocr_line' id='line_1_24' title="bbox 175 2570 1963 2655; baseline 0.003 -27"><span class='ocrx_word' id='word_1_159' title='bbox 175 2570 371 2630; x_wconf 85' lang='lat' dir='ltr'><strong>verba</strong></span> <span class='ocrx_word' id='word_1_160' title='bbox 413 2582 642 2651; x_wconf 92' lang='lat' dir='ltr'><strong>puncto</strong></span> <span class='ocrx_word' id='word_1_161' title='bbox 687 2576 987 2655; x_wconf 87' lang='lat' dir='ltr'><strong>temporis</strong></span> <span class='ocrx_word' id='word_1_162' title='bbox 1032 2576 1097 2634; x_wconf 90' lang='lat' dir='ltr'><strong>in</strong></span> <span class='ocrx_word' id='word_1_163' title='bbox 1139 2575 1295 2635; x_wconf 89' lang='lat' dir='ltr'><strong>hanc</strong></span> <span class='ocrx_word' id='word_1_164' title='bbox 1340 2575 1670 2636; x_wconf 84' lang='lat' dir='ltr'><strong>declinabit</strong></span> <span class='ocrx_word' id='word_1_165' title='bbox 1721 2584 1963 2634; x_wconf 88' lang='lat' dir='ltr'><strong>senten-</strong></span> 
     </span>
     <span class='ocr_line' id='line_1_25' title="bbox 178 2671 1961 2759; baseline 0.004 -28"><span class='ocrx_word' id='word_1_166' title='bbox 178 2672 361 2744; x_wconf 89' lang='lat' dir='ltr'><strong>tiam,</strong></span> <span class='ocrx_word' id='word_1_167' title='bbox 404 2671 575 2759; x_wconf 67' lang='lat' dir='ltr'><em>Ko&#39;y‘g</em></span> <span class='ocrx_word' id='word_1_168' title='bbox 615 2676 823 2755; x_wconf 80' lang='grc' dir='ltr'><strong><em>ὄμπαξ</em></strong></span> <span class='ocrx_word' id='word_1_169' title='bbox 863 2693 1012 2734; x_wconf 71' lang='grc' dir='ltr'><strong><em>οεεο</em></strong></span> <span class='ocrx_word' id='word_1_170' title='bbox 1041 2676 1412 2738; x_wconf 87' lang='lat' dir='ltr'><strong>vocabulum</strong></span> <span class='ocrx_word' id='word_1_171' title='bbox 1457 2677 1790 2749; x_wconf 87' lang='lat' dir='ltr'><strong>factitium,</strong></span> <span class='ocrx_word' id='word_1_172' title='bbox 1837 2680 1961 2738; x_wconf 76' lang='grc' dir='ltr'><strong><em>ἑπι-</em></strong></span> 
     </span>
     <span class='ocr_line' id='line_1_26' title="bbox 183 2770 1960 2858; baseline -0.001 -22"><span class='ocrx_word' id='word_1_173' title='bbox 183 2770 454 2855; x_wconf 75' lang='grc' dir='ltr'><strong><em>φιόνημα</em></strong></span> <span class='ocrx_word' id='word_1_174' title='bbox 520 2773 669 2857; x_wconf 77' lang='grc' dir='ltr'>(ἐπὶ)</span> <span class='ocrx_word' id='word_1_175' title='bbox 737 2779 1180 2858; x_wconf 82' lang='grc' dir='ltr'><strong><em>τετελεσμένοις</em></strong></span> <span class='ocrx_word' id='word_1_176' title='bbox 1215 2774 1290 2858; x_wconf 74' lang='lat' dir='ltr'><strong>[b]</strong></span> <span class='ocrx_word' id='word_1_177' title='bbox 1363 2776 1444 2836; x_wconf 85' lang='lat' dir='ltr'><strong>ad</strong></span> <span class='ocrx_word' id='word_1_178' title='bbox 1499 2775 1960 2855; x_wconf 84' lang='lat' dir='ltr'><strong>significandum</strong></span> 
     </span>
    </p>
   </div>
   <div class='ocr_carea' id='block_1_3' title="bbox 184 2956 1966 3262">
    <p class='ocr_par' dir='ltr' id='par_1_3' title="bbox 184 2956 1966 3262">
     <span class='ocr_line' id='line_1_27' title="bbox 299 2956 1963 3022; baseline 0.004 -22"><span class='ocrx_word' id='word_1_179' title='bbox 299 2957 368 3013; x_wconf 61' lang='grc' dir='ltr'><strong>[ὃ]</strong></span> <span class='ocrx_word' id='word_1_180' title='bbox 397 2956 488 3001; x_wconf 81' lang='grc' dir='ltr'><strong>Ἐπ’</strong></span> <span class='ocrx_word' id='word_1_181' title='bbox 533 2959 894 3019; x_wconf 73' lang='grc' dir='ltr'><strong><em>ἐξειργασμένοις</em></strong></span> <span class='ocrx_word' id='word_1_182' title='bbox 929 2963 1107 3006; x_wconf 85' lang='lat' dir='ltr'><strong>Aristid.</strong></span> <span class='ocrx_word' id='word_1_183' title='bbox 1138 2963 1196 3006; x_wconf 89' lang='lat' dir='ltr'><strong>T.</strong></span> <span class='ocrx_word' id='word_1_184' title='bbox 1227 2963 1263 3006; x_wconf 93' lang='lat' dir='ltr'><strong>I.</strong></span> <span class='ocrx_word' id='word_1_185' title='bbox 1293 2962 1392 3006; x_wconf 72' lang='lat'><strong>240.</strong></span> <span class='ocrx_word' id='word_1_186' title='bbox 1423 2964 1475 3006; x_wconf 83' lang='lat' dir='ltr'><strong>A.</strong></span> <span class='ocrx_word' id='word_1_187' title='bbox 1518 2963 1607 3008; x_wconf 83' lang='lat' dir='ltr'><strong>alia</strong></span> <span class='ocrx_word' id='word_1_188' title='bbox 1636 2966 1832 3022; x_wconf 85' lang='lat' dir='ltr'><strong>exempla</strong></span> <span class='ocrx_word' id='word_1_189' title='bbox 1862 2979 1963 3007; x_wconf 90' lang='lat' dir='ltr'><strong>con-</strong></span> 
     </span>
     <span class='ocr_line' id='line_1_28' title="bbox 185 3019 1963 3075; baseline 0.004 -18"><span class='ocrx_word' id='word_1_190' title='bbox 185 3022 414 3070; x_wconf 75' lang='lat' dir='ltr'><strong>gesserunt</strong></span> <span class='ocrx_word' id='word_1_191' title='bbox 448 3019 709 3075; x_wconf 77' lang='lat' dir='ltr'><strong>W&#39;esseling.</strong></span> <span class='ocrx_word' id='word_1_192' title='bbox 747 3019 804 3063; x_wconf 82' lang='lat' dir='ltr'><strong>ad</strong></span> <span class='ocrx_word' id='word_1_193' title='bbox 833 3021 996 3064; x_wconf 86' lang='lat' dir='ltr'><strong>Herod.</strong></span> <span class='ocrx_word' id='word_1_194' title='bbox 1026 3023 1103 3065; x_wconf 91' lang='lat' dir='ltr'><strong>IV.</strong></span> <span class='ocrx_word' id='word_1_195' title='bbox 1136 3020 1234 3064; x_wconf 85' lang='lat'><strong>164.</strong></span> <span class='ocrx_word' id='word_1_196' title='bbox 1261 3027 1306 3064; x_wconf 87' lang='lat' dir='ltr'><strong>et</strong></span> <span class='ocrx_word' id='word_1_197' title='bbox 1336 3021 1554 3065; x_wconf 86' lang='lat' dir='ltr'><strong>Matthiae</strong></span> <span class='ocrx_word' id='word_1_198' title='bbox 1582 3024 1627 3066; x_wconf 92' lang='lat' dir='ltr'><strong>in</strong></span> <span class='ocrx_word' id='word_1_199' title='bbox 1658 3024 1850 3067; x_wconf 84' lang='lat' dir='ltr'><strong>Gramm.</strong></span> <span class='ocrx_word' id='word_1_200' title='bbox 1883 3024 1963 3066; x_wconf 89' lang='lat' dir='ltr'><strong>Gr.</strong></span> 
     </span>
     <span class='ocr_line' id='line_1_29' title="bbox 185 3073 1965 3140; baseline 0.005 -25"><span class='ocrx_word' id='word_1_201' title='bbox 185 3077 228 3126; x_wconf 73' lang='lat' dir='ltr'><strong>S.</strong></span> <span class='ocrx_word' id='word_1_202' title='bbox 256 3074 356 3117; x_wconf 88' lang='lat'><strong>565.</strong></span> <span class='ocrx_word' id='word_1_203' title='bbox 397 3076 475 3120; x_wconf 71' lang='grc' dir='ltr'><strong>ἐπὶ</strong></span> <span class='ocrx_word' id='word_1_204' title='bbox 514 3073 686 3127; x_wconf 81' lang='grc' dir='ltr'><strong><em>τούτοις</em></strong></span> <span class='ocrx_word' id='word_1_205' title='bbox 723 3080 976 3124; x_wconf 78' lang='grc' dir='ltr'><strong><em>τελεσθεῖσι</em></strong></span> <span class='ocrx_word' id='word_1_206' title='bbox 1014 3081 1236 3124; x_wconf 82' lang='lat' dir='ltr'><strong>Plutarch.</strong></span> <span class='ocrx_word' id='word_1_207' title='bbox 1277 3081 1330 3122; x_wconf 91' lang='lat' dir='ltr'><strong>de</strong></span> <span class='ocrx_word' id='word_1_208' title='bbox 1373 3081 1484 3124; x_wconf 87' lang='lat' dir='ltr'><strong>Mul.</strong></span> <span class='ocrx_word' id='word_1_209' title='bbox 1529 3082 1639 3126; x_wconf 87' lang='lat' dir='ltr'><strong>Virt.</strong></span> <span class='ocrx_word' id='word_1_210' title='bbox 1683 3097 1725 3140; x_wconf 86' lang='lat' dir='ltr'><strong>p.</strong></span> <span class='ocrx_word' id='word_1_211' title='bbox 1757 3083 1857 3126; x_wconf 79' lang='lat'><strong>309.</strong></span> <span class='ocrx_word' id='word_1_212' title='bbox 1887 3083 1965 3126; x_wconf 72' lang='grc' dir='ltr'><strong>ἐπὶ</strong></span> 
     </span>
     <span class='ocr_line' id='line_1_30' title="bbox 184 3131 1964 3201; baseline 0.005 -28"><span class='ocrx_word' id='word_1_213' title='bbox 184 3136 282 3182; x_wconf 84' lang='grc' dir='ltr'><strong><em>ταῖς</em></strong></span> <span class='ocrx_word' id='word_1_214' title='bbox 315 3131 506 3191; x_wconf 79' lang='grc' dir='ltr'><strong><em>πράξεσι</em></strong></span> <span class='ocrx_word' id='word_1_215' title='bbox 542 3138 930 3189; x_wconf 77' lang='grc' dir='ltr'><strong><em>συντελεσθείσαις</em></strong></span> <span class='ocrx_word' id='word_1_216' title='bbox 967 3140 1031 3182; x_wconf 90' lang='lat' dir='ltr'><strong>Id.</strong></span> <span class='ocrx_word' id='word_1_217' title='bbox 1073 3140 1126 3182; x_wconf 89' lang='lat' dir='ltr'><strong>V.</strong></span> <span class='ocrx_word' id='word_1_218' title='bbox 1177 3139 1338 3185; x_wconf 86' lang='lat' dir='ltr'><strong>Timol.</strong></span> <span class='ocrx_word' id='word_1_219' title='bbox 1371 3155 1409 3183; x_wconf 90' lang='lat' dir='ltr'><strong>c.</strong></span> <span class='ocrx_word' id='word_1_220' title='bbox 1442 3141 1518 3184; x_wconf 88' lang='lat' dir='ltr'><strong>VI.</strong></span> <span class='ocrx_word' id='word_1_221' title='bbox 1548 3141 1625 3184; x_wconf 71' lang='grc' dir='ltr'><strong>ἐπὶ</strong></span> <span class='ocrx_word' id='word_1_222' title='bbox 1654 3145 1964 3201; x_wconf 75' lang='grc' dir='ltr'><strong><em>πεπραγμένῳ</em></strong></span> 
     </span>
     <span class='ocr_line' id='line_1_31' title="bbox 185 3191 1966 3262; baseline 0.009 -30"><span class='ocrx_word' id='word_1_223' title='bbox 185 3193 248 3246; x_wconf 83' lang='grc' dir='ltr'><strong><em>τῷ</em></strong></span> <span class='ocrx_word' id='word_1_224' title='bbox 288 3191 406 3262; x_wconf 66' lang='grc' dir='ltr'><strong>ἔρχῳ</strong></span> <span class='ocrx_word' id='word_1_225' title='bbox 445 3194 626 3238; x_wconf 83' lang='lat' dir='ltr'><strong>Lucian.</strong></span> <span class='ocrx_word' id='word_1_226' title='bbox 666 3197 868 3240; x_wconf 82' lang='lat' dir='ltr'><strong>Pseudol.</strong></span> <span class='ocrx_word' id='word_1_227' title='bbox 908 3202 948 3252; x_wconf 83' lang='lat'><strong>§.</strong></span> <span class='ocrx_word' id='word_1_228' title='bbox 988 3198 1060 3241; x_wconf 68' lang='lat'><strong>26.</strong></span> <span class='ocrx_word' id='word_1_229' title='bbox 1101 3213 1144 3255; x_wconf 92' lang='lat' dir='ltr'><strong>p.</strong></span> <span class='ocrx_word' id='word_1_230' title='bbox 1177 3198 1247 3241; x_wconf 88' lang='lat'><strong>81.</strong></span> <span class='ocrx_word' id='word_1_231' title='bbox 1290 3199 1347 3241; x_wconf 91' lang='grc' dir='ltr'><strong>Τ.</strong></span> <span class='ocrx_word' id='word_1_232' title='bbox 1377 3200 1500 3243; x_wconf 88' lang='lat' dir='ltr'><strong>VIII.</strong></span> <span class='ocrx_word' id='word_1_233' title='bbox 1531 3199 1608 3244; x_wconf 75' lang='grc' dir='ltr'><strong>ἐπὶ</strong></span> <span class='ocrx_word' id='word_1_234' title='bbox 1637 3203 1966 3258; x_wconf 79' lang='grc' dir='ltr'><strong><em>τετελεσμένοις</em></strong></span> 
     </span>
    </p>
   </div>
   <div class='ocr_carea' id='block_1_4' title="bbox 186 3253 1961 3357">
    <p class='ocr_par' dir='ltr' id='par_1_4' title="bbox 186 3253 1961 3357">
     <span class='ocr_line' id='line_1_32' title="bbox 186 3253 1961 3318; baseline 0.005 -27"><span class='ocrx_word' id='word_1_235' title='bbox 186 3253 278 3298; x_wconf 84' lang='grc' dir='ltr'><strong><em>τοῖς</em></strong></span> <span class='ocrx_word' id='word_1_236' title='bbox 307 3265 471 3308; x_wconf 78' lang='grc' dir='ltr'><strong><em>γαμοις</em></strong></span> <span class='ocrx_word' id='word_1_237' title='bbox 497 3253 679 3311; x_wconf 65' lang='grc' dir='ltr'><strong>ΒΞοιιγε.</strong></span> <span class='ocrx_word' id='word_1_238' title='bbox 719 3255 821 3299; x_wconf 82' lang='lat' dir='ltr'><strong>Hal.</strong></span> <span class='ocrx_word' id='word_1_239' title='bbox 860 3256 987 3301; x_wconf 85' lang='lat' dir='ltr'><strong>Rhet.</strong></span> <span class='ocrx_word' id='word_1_240' title='bbox 1019 3256 1094 3299; x_wconf 90' lang='lat' dir='ltr'><strong>1v.</strong></span> <span class='ocrx_word' id='word_1_241' title='bbox 1127 3258 1164 3300; x_wconf 90' lang='lat'><strong>1.</strong></span> <span class='ocrx_word' id='word_1_242' title='bbox 1194 3255 1260 3301; x_wconf 71' lang='grc' dir='ltr'><strong>ἐπ’</strong></span> <span class='ocrx_word' id='word_1_243' title='bbox 1295 3258 1451 3315; x_wconf 74' lang='grc' dir='ltr'><strong><em>ἐκείνῳ</em></strong></span> <span class='ocrx_word' id='word_1_244' title='bbox 1480 3261 1778 3318; x_wconf 81' lang='grc' dir='ltr'><strong><em>τετελεσμένῳ</em></strong></span> <span class='ocrx_word' id='word_1_245' title='bbox 1809 3259 1961 3301; x_wconf 84' lang='lat' dir='ltr'><strong>Liban.</strong></span> 
     </span>
     <span class='ocr_line' id='line_1_33' title="bbox 187 3307 724 3357; baseline 0.015 -8"><span class='ocrx_word' id='word_1_246' title='bbox 187 3307 240 3350; x_wconf 84' lang='lat' dir='ltr'><strong>ad</strong></span> <span class='ocrx_word' id='word_1_247' title='bbox 271 3307 397 3352; x_wconf 70' lang='lat' dir='ltr'><strong>Euat.</strong></span> <span class='ocrx_word' id='word_1_248' title='bbox 428 3311 486 3354; x_wconf 90' lang='grc' dir='ltr'><strong>Τ.</strong></span> <span class='ocrx_word' id='word_1_249' title='bbox 515 3312 593 3356; x_wconf 89' lang='lat'><strong>111.</strong></span> <span class='ocrx_word' id='word_1_250' title='bbox 626 3313 724 3357; x_wconf 89' lang='grc'><strong>169.</strong></span> 
     </span>
    </p>
   </div>
   <div class='ocr_carea' id='block_1_5' title="bbox 307 3394 1962 3463">
    <p class='ocr_par' dir='ltr' id='par_1_5' title="bbox 307 3394 1962 3463">
     <span class='ocr_line' id='line_1_34' title="bbox 307 3394 1962 3463; baseline 0.001 -19"><span class='ocrx_word' id='word_1_251' title='bbox 307 3394 369 3453; x_wconf 82' lang='lat' dir='ltr'><strong>[b]</strong></span> <span class='ocrx_word' id='word_1_252' title='bbox 402 3399 766 3458; x_wconf 74' lang='lat' dir='ltr'><strong>Praepositionem</strong></span> <span class='ocrx_word' id='word_1_253' title='bbox 798 3403 945 3446; x_wconf 82' lang='lat' dir='ltr'><strong>iterari</strong></span> <span class='ocrx_word' id='word_1_254' title='bbox 977 3418 1058 3448; x_wconf 89' lang='lat' dir='ltr'><strong>non</strong></span> <span class='ocrx_word' id='word_1_255' title='bbox 1091 3418 1262 3448; x_wconf 78' lang='lat' dir='ltr'><strong>necesse</strong></span> <span class='ocrx_word' id='word_1_256' title='bbox 1293 3410 1371 3448; x_wconf 79' lang='lat' dir='ltr'><strong>est.</strong></span> <span class='ocrx_word' id='word_1_257' title='bbox 1403 3405 1669 3463; x_wconf 83' lang='lat' dir='ltr'><strong>Hesychius:</strong></span> <span class='ocrx_word' id='word_1_258' title='bbox 1702 3409 1838 3450; x_wconf 79' lang='grc' dir='ltr'><strong><em>Σίττιι</em></strong></span> <span class='ocrx_word' id='word_1_259' title='bbox 1860 3404 1962 3448; x_wconf 68' lang='grc' dir='ltr'><strong><em>ἑπι-</em></strong></span> 
     </span>
    </p>
   </div>
  </div>
 </body>
</html>
