2158 3848
263 173 384 237 188
849 186 1084 232 LIBER
1129 185 1438 233 PRIMUS.

1022 364 1076 446 ξ.
1163 363 1261 425 24.

426 506 597 570 Haec
648 507 754 567 ille
810 507 887 566 de
941 509 1252 585 mysteriis
1306 504 1775 567 Atheniensium
1833 502 2031 562 minu-

259 609 471 683 3611133,
532 625 790 687 quorum
835 616 1034 680 ortus,
1101 616 1434 686 apparatus
1500 614 1562 664 et
1616 603 1923 662 institutio
1967 602 2032 659 in

259 709 496 768 occulto
533 709 728 784 jacet,
771 707 891 765 nisi
932 704 1096 785 quod
1129 702 1442 778 Clemens,
1487 706 1541 764 si
1581 701 1770 763 modo
1816 700 1894 759 de
1936 700 2033 758 his
2102 735 2103 738 =

257 808 545 885 loquutus
603 814 723 878 est,
787 803 1098 867 ὑπόθεσίν
1146 826 1288 867 τινα
1336 804 1738 872 διδασκαλίας
1793 803 1871 860 iis
1925 799 2033 858 tri-

255 904 421 981 buit3
466 904 665 984 qualis
710 922 783 963 ea
824 905 1041 977 fuerit,
1096 904 1239 962 sciri
1279 906 1582 981 nequitur.
1665 901 1826 963 Nam
1868 897 2035 980 quod

254 1003 706 1065 Warburtonus
751 1005 1040 1084 opinatur
1081 1002 1157 1060 ΙΙ.
1200 1001 1261 1062 4.
1307 1003 1452 1063 200.
1495 1011 1620 1061 tres
1664 999 2033 1079 Triptolemi

252 1103 449 1182 leges,
490 1108 692 1189 γονεῖς
733 1112 946 1186 τιμᾷν,
991 1102 1182 1173 θεοὺς
1225 1107 1484 1186 καρποῖς
1529 1098 1854 1186 ἆγάλλειν,
1901 1098 2032 1173 ζῶα

251 1204 341 1287 μὴ
383 1203 694 1278 σίνεσθαι,
738 1222 945 1264 coram
977 1202 1283 1263 tironibus
1327 1203 1613 1262 recitatas
1659 1209 1721 1259 et
1763 1198 2037 1279 explica·

253 1313 350 1364 tas
396 1322 563 1376 esse,
626 1302 840 1363 fabula
883 1313 991 1363 est.
1078 1303 1330 1362 Veteres
1373 1320 1566 1361 unum
1609 1300 1726 1359 hoc
1767 1307 2035 1357 tantum-

252 1403 448 1464 modo
506 1422 620 1463 nec
671 1412 993 1484 praeterea
1033 1402 1370 1483 quidquam
1424 1408 1708 1474 narrant,
1776 1407 2036 1475 mystas,

247 1505 616 1584 priusquam
670 1505 910 1563 maiora
963 1499 1312 1584 percipiant
1374 1502 1701 1579 mysteria,
1766 1496 2036 1579 quodam

249 1601 442 1665 modo
498 1605 859 1684 praeparari
911 1602 994 1662 ad
1049 1621 1185 1662 eam
1246 1622 1379 1662 rem
1445 1594 1630 1681 atque
1690 1599 1914 1658 instrui
1929 1592 2036 1677 [¹¹];

249 1701 366 1763 sed
387 1721 511 1780 qua
545 1704 613 1761 in
650 1709 718 1761 re
751 1703 902 1762 haec
931 1703 1327 1784 praeparatio
1351 1703 1558 1781 posita
1581 1700 1786 1772 fuerit,
1829 1706 2036 1757 utrum

248 1803 318 1861 in
356 1801 492 1860 solo
511 1819 834 1860 sacrorum
872 1801 1171 1880 adspectu
1208 1819 1289 1858 an
1323 1802 1390 1858 in
1425 1801 1772 1880 praeceptis
1803 1808 1870 1857 et
1901 1814 2037 1856 mor

249 1901 400 1960 nitis
414 1942 433 1974 ,
477 1908 539 1958 et
580 1899 731 1959 haec
775 1918 1067 1980 quorsum
1111 1900 1554 1980 spectaverint,
1608 1897 1690 1958 ad
1730 1900 2036 1958 rationem

249 2003 420 2063 vitae
476 2019 556 2059 an
615 1998 698 2059 ad
764 2002 1236 2060 cerimoniarum
1294 1998 1822 2072 observationem,
1885 1997 2038 2056 latet

251 2111 690 2178 aeternumque
731 2099 964 2160 latebit.
1049 2100 1461 2160 Hortamenta
1492 2098 1796 2179 quaedam
1838 2098 2036 2178 pieta-

167 2186 172 2192 ’
250 2203 330 2261 tis
377 2201 717 2278 significare
758 2200 1007 2262 videtur
1042 2200 1307 2281 Sopater
1342 2201 1479 2259 loco
1520 2219 1626 2274 eo,
1668 2217 1852 2280 quem
1878 2190 2036 2256 Gro-

249 2303 477 2364 novius
521 2303 589 2362 in
631 2301 830 2360 Praef.
876 2301 945 2361 T.
970 2300 1102 2361 VH.
1145 2321 1207 2382 p.
1244 2300 1303 2360 9.
1349 2298 1624 2360 exhibet:
1669 2300 1701 2362 ὃ
1746 2306 1875 2370 τοῖς
1911 2324 2035 2382 μυ-
2087 2307 2089 2310 ’

251 2407 478 2470 στικοῖς
519 2404 1031 2487 παραγγέλμασιν
1074 2405 1515 2487 ἐγκαρτερῆσαι
1557 2400 1896 2483 ὑπομείνας
1929 2398 2035 2462 καὶ

251 2503 404 2586 πρὸς
445 2503 558 2572 τὰς
597 2502 841 2571 τελετὰς
883 2501 1078 2570 αὐτὰς
1121 2501 1377 2582 εὐσεβὴς
1419 2501 1586 2563 καθὸ
1623 2500 2032 2583 δεισιδαίμων

248 2600 584 2690 γενόμενος
638 2602 778 2684 περὶ
831 2600 1087 2669 οὐδενὸς
1144 2602 1232 2661 ἔτι
1285 2600 1401 2678 τὴν
1452 2602 1607 2683 πρὸς
1653 2601 1799 2671 τοὺς
1841 2599 2033 2668 θεοὺς
2083 2642 2087 2647 -

251 2708 369 2785 ἔχει
411 2702 756 2785 θρησκείαν
799 2701 1189 2784 ἀμφίβολον·
1250 2700 1597 2780 iterumque
1640 2701 1736 2760 his
1792 2699 2032 2762 verbis:

251 2806 378 2869 ἐπεὶ
422 2802 537 2870 οὖν
595 2808 738 2867 εἴσω
792 2810 923 2866 τῶν
979 2797 1348 2884 ἀνακτόρων
1389 2803 1720 2888 γεγένημαι
1762 2802 1868 2866 καὶ
1909 2798 2030 2882 μύ-

251 2991 354 3030 „.r0
358 2977 491 3076 “tNe
531 2977 661 3019 semel
700 2975 870 3034 quidem
912 2974 1158 3032 mystagogi
1198 2973 1545 3031 Hierophantae,
1597 2978 1671 3016 aut
1699 2973 1745 3016 hi
1784 2972 2030 3030 Prophetae

251 3049 387 3078 vocan
408 3049 459 3078 ur

374 3105 438 3178 [¹¹]
472 3108 614 3149 Procl.
655 3108 699 3149 in
740 3107 937 3151 Parmen.
968 3120 1011 3163 p.
1044 3103 1141 3148 131.
1183 3104 1356 3147 00113311.
1387 3102 1448 3154 ὠς
1477 3102 1534 3148 ἄν
1563 3106 1603 3147 εἰ
1631 3106 1778 3175 λέγοις
1806 3103 1862 3148 τὰ
1887 3098 2030 3204 μικρὰ

250 3162 487 3237 μυστήρια
503 3162 721 3219 βοήθειαν
750 3161 866 3209 εἶναι
894 3166 985 3209 τῶν
1011 3178 1084 3222 μει
1074 3159 1257 3218 ιζόνων,
1290 3163 1373 3221 οὐχ
1404 3161 1463 3212 ὥς
1491 3165 1583 3207 τῶν
1609 3160 1830 3221 μειζόνων
1859 3161 2029 3207 ἀτελῶν

253 3222 421 3279 όντων,
463 3223 554 3267 ἀλλ’
599 3221 660 3274 (ὃς
688 3223 765 3267 διὰ
794 3227 884 3268 τῶν
910 3225 1089 3293 μικρῶν
1118 3221 1338 3266 κάκείνων
1367 3218 1639 3292 τελειότερον
1667 3223 2024 3293 ἑκφαινομένωι.

252 3283 517 3326 Jamblichus
546 3282 765 3340 Protrept.
807 3284 866 3326 II.
895 3283 966 3326 20.
1007 3277 1069 3330 ὥς
1096 3279 1185 3339 πρὸ
1216 3283 1307 3324 τῶν
1334 3277 1547 3340 μεγάλων
1574 3285 1834 3341 μυστηρίων
1861 3277 1915 3324 τὰ
1944 3295 2026 3336 μι-
2088 3279 2091 3285 ’

254 3340 338 3399 κρά
369 3340 675 3400 παραδοτέον,
709 3344 785 3386 καὶ
813 3340 902 3401 πρὸ
933 3341 1209 3400 φιλοσοφίας
1237 3337 1318 3394 τὴν
1346 3340 1572 3385 παιδείαν.
