2158 3848
229 165 354 239 210
824 187 1063 232 LIBER
1108 189 1419 233 PRIMUS.

233 321 512 383 fabulose
556 321 693 380 ficta
737 322 832 380 sit.
893 320 1016 381 Sed
1058 322 1473 402 Harpocratio
1516 323 1729 401 potius¹
1771 321 1849 381 de
1884 324 2019 383 illis

233 421 557 483 Curetibus
613 421 782 499 loqui
808 419 1102 495 videtur,
1166 423 1271 500 qui
1317 436 1392 480 ex
1435 420 1713 491 Euboea·
1735 422 2043 502 profectI,.

232 522 516 583 Aetoliae
571 528 634 578 et
689 521 831 578 hinc
887 521 1064 596 ejecti
1117 519 1500 580 Acarnaniae
1561 531 1792 580 nomen
1822 532 2021 582 suum

234 624 725 703 impertiverunt.
771 619 1187 678 Phorbantem
1230 621 1535 700 quendam
1584 621 2021 701 Thesprotum,

234 742 418 804 quum
466 718 671 779 Cereri
718 719 848 778 vim
891 718 1175 814 inferret,
1210 738 1248 778 a
1289 719 1448 783 Jove
1490 723 1751 781 fulmine
1784 735 2024 802 perem-

235 834 368 881 tum
424 818 614 879 tradit
669 818 904 878 Auctor
962 817 1040 876 de
1090 819 1336 898 Mulier.
1395 841 1550 900 quae
1606 822 1768 882 bello
1814 823 2021 882 inclar.

233 925 299 980 in
341 919 632 980 Biblioth.
678 917 813 981 Yet.
858 916 990 978 Art.
1035 930 1098 983 et
1139 919 1258 978 Lit.
1303 919 1367 977 P.
1415 919 1550 979 VII.
1595 941 1654 1000 p.
1699 923 1812 981 17.
1858 922 2025 1003 quod

234 1021 420 1098 vulgo
481 1019 559 1078 de
614 1019 860 1078 Iasione
893 1027 1221 1091 narratur,
1265 1038 1378 1078 nec
1422 1019 1498 1079 ab
1542 1021 1654 1080 illa
1676 1021 1866 1080 vurbis
1913 1019 2024 1080 Ce-

233 1122 416 1180 realis
463 1119 924 1200 oppugnatione
966 1120 1183 1199 procul
1228 1119 1434 1179 distat.
1492 1121 1835 1181 Erechtheo
1883 1137 2025 1180 con-

235 1231 330 1281 tra
384 1223 450 1280 in
505 1221 614 1279 illo
672 1219 837 1278 bello
892 1222 1212 1300 suppetias
1265 1221 1481 1280 tulisse
1528 1222 1769 1281 Scirum
1813 1222 2026 1283 vatem

231 1319 645 1380 Dodonaeum
676 1320 752 1401 [g]
813 1329 1032 1378 auctor
1090 1328 1186 1379 est
1232 1320 1569 1381 Pausanias
1613 1324 1660 1382 I.
1706 1323 1806 1382 38.
1850 1322 2022 1380 nullo

232 1431 441 1481 tamen
497 1419 578 1479 ad
631 1438 954 1478 summam
995 1421 1088 1478 rei
1146 1422 1595 1496 emolumento,
1665 1425 1720 1482 si
1775 1421 2025 1503 quidem

233 1541 338 1580 rex
383 1538 470 1578 veo
496 1569 498 1571 .
524 1518 807 1579 redactus
866 1529 990 1591 est,
1047 1527 1119 1577 ut
1171 1522 1411 1599 patriae
1454 1523 1798 1584 servandae
1842 1539 2026 1581 causa

235 1639 319 1680 ex
364 1637 586 1697 magna
630 1621 810 1698 copia
850 1620 1115 1679 filiarum
1159 1639 1347 1680 unam
1363 1617 1439 1703 [¹¹]
1484 1623 1888 1702 Proserpinae
1911 1623 2023 1680 im—

232 1721 522 1792 molaret,
566 1721 767 1797 'cujus
821 1729 1089 1779 mortem
1145 1739 1388 1780 sorores
1446 1732 1577 1782 tam
1634 1742 1814 1802 aegre
1871 1723 2023 1782 tule-
2106 1724 2118 1742 ”

234 1829 379 1882 runt
421 1829 492 1877 ut
535 1829 756 1897 sponte
801 1819 878 1878 de
924 1822 1056 1881 vita
1101 1819 1466 1880 decederent
1479 1817 1571 1903 [¹].
1658 1823 1811 1888 Tres
1854 1823 2025 1903 puel·
2102 1895 2103 1899 Ἰ

235 1920 327 1978 las
385 1918 837 2002 (τριπάρθενον
883 1920 1122 2005 ζεῦγος)
1179 1930 1325 2000 post
1380 1922 1618 1981 obitum
1673 1925 1748 1982 in.
1783 1924 2023 1983 coelum
2113 1942 2116 1946 ’

235 2020 460 2078 relatas
517 2017 895 2098 Hyadesque
953 2020 1158 2079 dictas
1192 2039 1326 2079 esse
1363 2021 1704 2102 Euripides
1744 2023 2026 2104 prodidit

236 2120 404 2178 solus
433 2116 600 2197 quod
629 2127 882 2197 constet.
940 2120 1392 2194 Demosthenes
1420 2121 1721 2203 Epitaph.
1749 2121 2022 2206 1397.[¹‘]

235 2230 296 2278 et
338 2216 780 2281 Phanodemus
812 2218 1058 2294 Fragm.
1101 2238 1163 2296 p.
1206 2221 1265 2277 7.
1311 2221 1638 2281 Erechthei
1663 2224 1822 2283 filias
1847 2223 2022 2301 Hya·
2064 2281 2067 2284 .
2101 2291 2108 2302 ,

237 2318 581 2377 cinthidum·
635 2334 890 2376 nomen.
926 2316 1214 2377 habuisse
1271 2331 1334 2379 et
1387 2342 1511 2402 pro¹
1546 2326 1750 2402 patria
1794 2324 2022 2383 obiisse

237 2419 653 2489 consentiunt;
698 2417 865 2495 quod
894 2436 1032 2495 ,quo
1078 2426 1370 2498 tempore¹
1401 2421 1642 2481 sactum
1677 2426 1759 2483 sit
1799 2425 1907 2483 ille
1930 2433 2022 2483 ta-

237 2526 363 2589 cet,
392 2558 401 2574 2
421 2515 849 2576 Phanodemus
907 2525 1112 2576 autem
1171 2520 1317 2599 (nisi
1362 2521 1613 2581 Suidas
1632 2523 2022 2585 diversorum

236 2617 612 2677 testimonia
634 2615 936 2694 confudit)
983 2637 1017 2675 e
1057 2636 1166 2676 sex
1208 2619 1535 2680 Erechthei
1578 2623 1821 2683 filiabus
1867 2625 2019 2683 duas

236 2728 386 2777 natu
441 2717 742 2776 maximas
800 2717 1232 2795 Protogeniam
1291 2729 1353 2778 et
1396 2719 1773 2795 Pandoram,
1831 2742 2019 2804 quum

353 2902 416 2958 [g]
449 2901 716 2944 Eleusiniam
744 2901 851 2944 dicit
878 2902 1058 2945 Photius
1087 2918 1130 2960 p.
1159 2901 1259 2946 385.

354 2972 419 3030 [11]
451 2974 590 3016 Unam
628 2979 862 3018 memorant
889 2976 1044 3019 Liban.
1074 2976 1196 3019 Decl.
1228 2977 1285 3019 Τ.
1314 2977 1393 3020 IV.
1423 2977 1522 3021 785.
1552 2979 1730 3023 Aristid.
1762 2980 1819 3022 T.
1849 2981 1885 3023 I.
1919 2980 2015 3024 119.

236 3032 458 3075 Plutarch.
495 3033 656 3087 Parall.
697 3033 792 3077 XX.
831 3034 930 3078 420.
990 3035 1292 3093 Proserpinam
1333 3036 1415 3079 hac
1453 3038 1628 3081 victima
1665 3039 1880 3096 placatam
1920 3054 2014 3081 esse
2043 3063 2046 3071 s

235 3091 494 3134 Demaratus
521 3092 733 3148 perhibet.

353 3160 417 3220 [i]
450 3168 660 3220 Κρέουσα
700 3166 776 3207 καὶ
816 3168 998 3209 Χθονία
1041 3165 1117 3209 διὰ
1147 3164 1352 3227 Πρόκριν
1380 3166 1461 3222 τὴν
1490 3168 1696 3227 ἀδελφὴν
1723 3168 1787 3227 μὴ
1818 3168 2010 3228 ὑπομεί-

239 3235 372 3266 νασαι
402 3225 481 3282 ζῇνΙ
507 3223 676 3277 ἐκείνης
705 3228 1066 3282 σφαγιασθείσης
1095 3226 1232 3269 Anon.
1263 3227 1317 3269 de
1350 3227 1521 3270 Mulier.
1552 3228 1580 3270 l.
1614 3244 1649 3271 c.
1680 3244 1722 3285 p.
1753 3230 1795 3272 ‚8-
2087 3240 2092 3243 “

351 3295 411 3351 [k]
452 3294 666 3354 Ἐρεχθέα
715 3295 794 3345 τὰς
844 3294 980 3340 αὑτοῦ
1030 3298 1220 3354 παῖδας,
1279 3296 1332 3348 ἃς
1368 3297 1662 3349 “Υακινθίὸ“ας
1692 3303 1916 3354 καλοῦσιν,
1950 3302 2046 3347 εἷς·

239 3357 469 3412 προῦπτον
500 3351 699 3399 θάνατον
730 3353 865 3398 δόντα
897 3354 1138 3400 ἀναλῶσαι.
