2158 3848
844 215 1368 261 OR-PHIC—A..
1846 199 1971 263 549

172 349 417 414 τούτων
470 347 733 427 ποιητὴν
781 342 1044 424 Ὀρφέα.
1127 341 1304 401 Inter
1340 351 1608 416 {exteros
1666 345 1965 424 adjiciunt

175 448 438 511 Ovidius
504 446 652 506 Met.
720 442 822 502 VI.
896 440 1035 502 114.
1121 439 1439 522 Jupiter
1511 446 1961 524 complexus

170 545 481 608 Deoida
542 560 887 624 serpens.
976 553 1040 601 et
1097 540 1526 602 Philostratus·
1569 543 1687 624 Ep.
1747 544 1960 605 Lvffl.

167 647 315 708 942.
369 647 475 726 qui
516 641 743 706 Jovem
799 644 968 716 auri,
1030 660 1261 722 aquae,
1329 644 1490 702 tauri
1545 652 1608 701 et
1658 647 1961 724 serpentis

170 748 441 827 speciem
494 743 776 804 induisse
833 752 1075 817 narrat,
1163 745 1270 826 ἀφ’
1338 739 1430 807 ὧν
1486 741 1794 815 Διόνυσος
1855 746 1961 807 καὶ

162 848 467 930 Ἡρακλῆς
526 846 633 908 καὶ
692 842 1018 908 Ἀπόλλων.
1106 841 1362 903 Nonnus
1423 853 1633 903 autem
1687 843 1760 904 V.
1815 843 1958 906 563.

172 956 407 1021 cuncta,
451 955 522 1004 ut
563 952 709 1005 sunt
752 953 908 1016 acta,
953 945 1237 1023 exponit3
1281 945 1526 1022 quantis
1559 943 1781 1004 studiis
1826 964 1960 1005 coe-

166 1047 308 1107 lites
354 1065 570 1106 omnes
614 1044 1021 1123 Proserpinae
1062 1042 1314 1122 nuptias
1359 1042 1717 1117 ambierint,
1774 1064 1960 1124 quam

166 1146 383 1206 sedulo
430 1155 644 1206 contra
701 1141 886 1203 Ceres
930 1141 1123 1200 filiam
1180 1142 1247 1199 in
1308 1150 1487 1201 antro
1546 1143 1818 1223 quodam
1864 1147 1956 1206 Si-

166 1247 345 1305 ciliae
388 1241 846 1304 abscondiderit
881 1241 984 1300 vl.
1037 1240 1177 1300 123.
1223 1251 1399 1309 etxut
1422 1240 1666 1323 Jupiter
1709 1265 1958 1327 serpen-

164 1348 244 1405 tis
287 1346 491 1405 forma
532 1341 788 1403 indutus
833 1340 1119 1402 custodes
1161 1340 1460 1402 dracones
1497 1343 1806 1420 fefellerit,
1852 1367 1959 1407 na-

163 1455 383 1525 taeque
425 1443 728 1525 pudorem
767 1444 1231 1523 expugnaverit.
1264 1501 1271 1511 ,
1320 1442 1621 1504 Platonici
1648 1465 1821 1520 vero,
1867 1456 1956 1506 et-

162 1547 218 1605 si
273 1563 591 1625 nunquam
636 1544 853 1622 Zagrei
905 1561 1135 1603 nomen
1190 1545 1256 1602 in
1310 1542 1588 1605 medium
1640 1558 1956 1627 promunt,
2013 1597 2016 1601 .

165 1655 376 1706 tamen
418 1642 597 1706 Jovis
640 1644 879 1704 facinus
924 1652 987 1702 et
1028 1645 1421 1722 progenitum
1466 1664 1551 1704 ex
1595 1666 1668 1706 eo
1714 1648 1955 1726 Diony-

163 1765 303 1806 sum
348 1763 594 1825 semper
636 1746 704 1804 in
749 1763 873 1818 ore⁴
899 1743 1146 1803 habent.
1232 1745 1529 1805 Proculus
1573 1749 1639 1806 in
1687 1745 1849 1812 Crat.
1895 1769 1955 1830 p.

166 1848 268 1907 90.
311 1847 344 1909 ὁ
397 1843 694 1931 Θεολόγος
736 1845 883 1914 τοὺς
937 1845 1170 1927 ἄκρους
1188 1840 1261 1923 [b]
1324 1844 1404 1907 τά
1458 1871 1522 1909 τε
1577 1856 1796 1930 πρῶτα
1851 1851 1957 1912 καὶ

163 1949 244 2010 τὰ
287 1949 517 2026 ἔσχατα
560 1945 969 2029 δημιουργεῖν
1012 1968 1223 2027 φησιν.
1291 1944 1466 2006 Idem
1510 1947 1576 2006 in
1615 1947 1827 2008 Theol.
1855 1950 1955 2009 VI.

169 2047 268 2107 ll.
313 2045 457 2106 371.
511 2045 689 2125 διττὴ
743 2045 782 2125 ἡ
828 2045 1060 2129 Κορικὴ
1115 2043 1318 2120 τάξις,
1380 2047 1418 2126 ἡ
1461 2047 1580 2129 μὲν
1633 2049 1789 2134 ὑπὲρ
1842 2052 1957 2115 τὸν

163 2146 436 2231 κόσμον,
493 2147 606 2210 ὅθι
650 2143 1030 2210 συνάπτεται
1084 2153 1175 2228 τῷ
1221 2147 1326 2209 Διὶ
1379 2148 1485 2210 καὶ
1526 2151 1655 2231 μετ’
1720 2150 1954 2214 ἐκείνου·

166 2251 280 2313 τὸν
334 2245 724 2331 δημιουργὸν
789 2253 922 2310 τῶν
975 2254 1289 2329 μεριστῶν
1342 2248 1750 2330 (Dionysum)
1806 2252 1955 2334 &cpl-

170 2367 376 2428 στησι·
423 2347 685 2428 δευτέρα
729 2343 831 2417 δὲ,
875 2347 913 2425 ἣ
959 2346 1039 2426 δὴ
1082 2346 1205 2408 ὑπὸ
1251 2354 1366 2410 τοῦ
1413 2340 1795 2421 Πλούτωνος
1841 2352 1955 2435 ἆρ-

169 2447 483 2525 πάζεσθαι
527 2445 761 2532 λέγεται
803 2446 910 2508 καὶ
952 2453 1205 2528 ψυχοῦν
1246 2447 1327 2510 τὰ
1369 2450 1597 2529 ἔσχατα
1637 2458 1751 2514 τοῦ
1796 2473 1955 2515 παν-
1994 2434 1997 2451 ³

167 2549 273 2621 τός
316 2588 400 2596 -—
445 2585 530 2594 —
584 2547 709 2609 Καὶ
761 2545 884 2631 γὰρ
942 2546 980 2625 ἡ
1035 2554 1165 2610 τῶν
1222 2546 1545 2634 θεολόγων
1599 2548 1772 2634 φήμη
1825 2560 1955 2616 τῶν

169 2653 280 2721 τὰς
326 2645 678 2736 ἁγιωτάτας
731 2647 882 2730 ἡμῖν
937 2651 1005 2710 ἐν
1055 2649 1350 2712 Ἐλευσῖνι
1391 2651 1635 2721 τελετὰς
1678 2654 1954 2734 παραδε-

168 2749 466 2815 δωκότων
530 2753 665 2814 ἄνω
724 2748 843 2831 μὲν
911 2747 1111 2828 αὐτὴν
1177 2752 1244 2812 ἐν
1299 2754 1428 2820 τοῖς
1477 2754 1710 2834 μητρὸς
1765 2758 1952 2823 οἴκοις

170 2855 374 2933 μένειν
420 2850 647 2934 φησὶν,
705 2850 814 2919 οὓς
867 2850 905 2928 ἡ
947 2847 1148 2932 μήτηρ
1193 2851 1351 2929 αὐτὴ
1395 2850 1841 2916 κατεσκεύασεν
1886 2858 1952 2916 ἐν

174 2951 432 3033 ἀβάτοις
476 2988 559 2996 --
616 2947 786 3013 κάτω
839 2949 908 3013 δὲ
956 2950 1115 3031 μετὰ
1170 2949 1551 3022 Πλούτωνος
1609 2961 1738 3017 τῶν
1787 2959 1951 3034 χθο-

174 3050 326 3115 νίων
386 3049 673 3135 ἐπάρχειν
734 3058 847 3109 etc.
931 3050 1003 3110 In
1063 3049 1177 3110 hac
1235 3059 1368 3110 tota
1429 3053 1779 3113 narratione
1837 3054 1951 3114 Or-

292 3203 353 3263 [b]
385 3205 438 3248 Id
466 3214 557 3261 est,
599 3208 748 3252 Jovem
790 3212 835 3249 et
875 3207 1124 3262 Plutonem,
1156 3222 1334 3265 quorum
1366 3222 1475 3251 unus
1504 3210 1631 3268 hujus
1662 3211 1948 3269 demiurgicae

172 3265 327 3308 triadis
368 3265 566 3324 princeps
607 3273 694 3320 est,
755 3266 868 3309 alter
907 3270 1136 3310 extremus.
1198 3267 1407 3310 Similiter
1438 3268 1662 3323 Minerva,
1721 3271 1863 3315 Diana
1905 3279 1950 3314 et

172 3325 436 3428 ξῐοέἷὲρίηο,
479 3325 671 3372 efficiunt
712 3323 924 3383 quandam
963 3325 1146 3370 triadem
1188 3325 1443 3381 virginalem
1484 3328 1626 3374 Procl.
1669 3330 1827 3376 Theol.
1876 3330 1946 3372 VI.
