2158 3848
201 180 328 242 560
759 193 995 239 mmm
1039 194 1468 242 SECUNDUS.

200 325 332 385 doc.
375 345 438 406 p.
482 323 625 386 322.
698 325 1007 385 Disertius
1052 327 1268 386 ceteris
1314 338 1528 387 auctor
1573 328 1988 406 Etymologici

201 425 472 486 Gudiani
526 445 587 506 p.
643 424 788 486 449.
857 425 1118 497 Παλλὰς
1174 426 1295 490 ἀπὸ
1353 435 1468 492 τοῦ
1522 427 1775 494 πάλλειν
1829 429 1988 491 κατὰ

196 526 310 591 τὸν
373 524 679 609 μυστικὸν
739 523 945 611 λόγον.
1045 526 1619 610 Ἀναβιβασθέντος
1677 529 1802 616 γὰρ
1874 536 1990 592 τοῦ

199 625 512 690 Διονύσου
556 625 678 687 ὑπὸ
716 625 945 707 Ἑρμοῦ
990 628 1076 694 εἰς
1109 624 1224 689 τὸν
1252 627 1529 711 οὓρανόν
1557 651 1753 713 φασιν
1779 629 1987 713 (Ηραν

200 730 494 806 ἀπεχθῶς
555 726 822 804 ἔχουσαν
883 724 1222 807 ἐπιπέμψαι
1280 726 1428 798 τούς
1496 737 1798 803 Τιτᾶνας,
1880 729 1988 792 καὶ

197 824 458 895 τούτους
503 828 961 908 ἐπιχειροῦντας
1016 822 1364 888 διασπάσαι
1425 829 1622 892 αὐτὸν
1664 827 1988 893 πάλλουσα

195 927 266 989 τὸ
326 924 484 1008 δόρυ
542 923 816 1006 ἀπήλασε
826 971 849 999 ,
921 924 1088 1005 quod
1132 945 1200 984 re
1242 925 1382 1006 ipsa
1423 926 1744 989 refellitur.
1830 928 1990 989 Dio-

194 1045 418 1104 nysum
481 1025 844 1086 Thebanum
903 1026 1260 1106 importune
1318 1026 1441 1085 huc
1499 1026 1805 1088 immiscet
1861 1029 1990 1089 Eu-

196 1127 461 1189 stathius
503 1146 566 1208 p.
591 1125 694 1186 84.
739 1126 999 1197 Παλλὰς
1044 1127 1140 1190 ὅτι
1181 1134 1469 1210 κεραυνῷ
1509 1126 1851 1211 βληθείσης
1881 1136 1990 1208 τῆς

196 1229 472 1311 Σεμέλης
527 1226 634 1289 καὶ
685 1234 800 1289 τοῦ
846 1225 1159 1291 Διονύσου
1218 1225 1648 1298 διεκπεσόντος
1703 1227 1986 1311 ἐμβρύου

194 1328 586 1410 παλλομένην
640 1327 758 1406 τὴν
811 1334 924 1389 τοῦ
983 1325 1404 1409 ἅμβλώματος
1457 1327 1728 1412 καρδίαν
1770 1330 1987 1414 ἤνεγκε

192 1438 283 1512 τῷ
329 1427 434 1490 Διί
447 1428 542 1508 [8].
627 1425 768 1486 Ηοο
811 1435 1018 1485 autem
1062 1435 1135 1486 ut
1176 1426 1254 1486 ab
1302 1427 1552 1507 Orpheo
1581 1430 1698 1487 ¹ita
1742 1447 1989 1490 enarra-

2141 444 2152 595 -2‡*A„.<⁴
2150 345 2158 385 μ’
2154 279 2158 283 ¹

192 1540 324 1589 tum
371 1547 505 1588 esse
549 1535 898 1587 statuamus
943 1525 1308 1586 adducimur
1338 1527 1584 1587 Proculi
1628 1529 1987 1588 testimonio
2055 1574 2057 1576 .
2145 1541 2155 1606 J

191 1631 259 1689 in
302 1628 502 1688 Alcib.
545 1647 607 1709 p.
652 1627 754 1687 44.
813 1628 1194 1707 Ἆθηναϊκόν
1243 1626 1314 1690 τὸ
1376 1625 1598 1704 σώζειν
1652 1629 1989 1711 ἀμέριστον

194 1731 313 1810 τὴν
374 1728 570 1810 ζωὴν,
637 1732 699 1800 ἐξ
759 1723 950 1811 οὗπερ
1011 1725 1301 1811 Σώτειρα
1361 1725 1666 1809 ἐπεκλήθη
1729 1732 1989 1802 Παλλὰς

189 1827 458 1909 Ἀθήνη,
529 1829 860 1893 Τιτανικὸν
902 1828 972 1892 δὲ
1015 1828 1087 1891 τὸ
1131 1827 1404 1911 μερίζειν
1448 1830 1646 1910 αὐτὴν
1687 1830 1794 1893 καὶ
1835 1856 1990 1914 προ-

192 1934 524 1994 καλεῖσθαι
583 1930 724 2012 περὶ
783 1928 935 2007 (leg.
998 1928 1191 2011 πρὸς)
1252 1927 1369 2008 τὴν
1427 1929 1686 2014 γένεσιν.
1775 1929 1989 2011 Aeque

188 2050 320 2090 non
364 2039 458 2090 est
501 2028 760 2088 dubium
802 2028 1080 2088 fabulam
1124 2030 1568 2102 taeterrimam,
1612 2048 1797 2110 quam
1839 2031 1988 2091 Pro-

195 2131 368 2191 culus
415 2139 477 2190 et
518 2128 809 2203 NonnUS,
872 2130 1062 2189 ambo
1107 2130 1315 2210 poesis
1362 2128 1667 2210 Orphicae
1711 2132 1989 2192 scientis-

194 2230 368 2304 simi,
413 2231 788 2290 carminibus
832 2231 960 2290 suis
1003 2232 1415 2303 inseruerunt,
1461 2229 1539 2289 ab
1581 2230 1692 2288 illo
1737 2240 1988 2311 porten-

192 2339 399 2390 torum
443 2330 621 2391 fabro
667 2349 996 2413 procusam
1041 2350 1193 2391 esse.
1236 2329 1506 2391 Narrant
1528 2340 1737 2390 autem
1764 2329 1988 2394 Jovem

194 2429 412 2507 Zagrei
457 2450 562 2490 cor
605 2441 986 2492 maceratum
1032 2431 1349 2504 hausisse,
1395 2450 1589 2511 eoque
1632 2431 1802 2492 intus
1846 2451 1989 2492 con-

194 2537 375 2610 cepto
422 2532 876 2609 proseminasse
920 2534 1098 2612 quasi
1143 2532 1404 2590 alterum
1451 2532 1750 2609 Zagreum
1768 2574 1787 2605 ,
1831 2532 1988 2591 Dio-

189 2647 419 2706 nysum
458 2630 804 2708 juniorem3
859 2631 965 2689 ille
1007 2632 1074 2689 in
1116 2630 1373 2707 Hymno
1417 2632 1484 2688 in
1525 2631 1876 2692 Minervam
1919 2633 1985 2691 in

190 2729 554 2790 Wakefield.
600 2729 754 2791 silv.
787 2726 939 2790 Crit.
965 2730 1030 2790 P.
1065 2729 1168 2790 IV.
1205 2739 1457 2789 extrem.
1494 2737 1558 2788 et
1591 2730 1656 2788 in
1690 2730 1982 2792 Biblioth.

189 2830 326 2890 Vet.
370 2830 503 2891 Art.
548 2840 612 2890 et
653 2831 843 2892 Liter.
866 2823 868 2826 ’
889 2831 953 2891 P.
997 2831 1044 2890 Ι.
1088 2850 1149 2910 p.
1181 2829 1283 2891 48.
1329 2827 1511 2889 deam
1556 2831 1883 2892 invocans:

312 3014 378 3071 [θ]
411 3015 527 3057 Hinc
568 3013 698 3056 etiam
737 3018 883 3057 tracta
910 3011 1084 3056 videtur
1113 3011 1365 3068 conjectura
1394 3026 1521 3069 quam
1551 3012 1710 3055 Suidas
1739 3013 1898 3067 affert,
1927 3014 1983 3057 de

191 3071 312 3114 conis
329 3074 599 3145 thyrsorum
640 3087 674 3115 s.
705 3067 1001 3145 Κωνοφόρος.
1074 3073 1236 3121 Κωνος
1266 3069 1289 3114 ὁ
1319 3068 1625 3141 βοτρυοειδὴς
1635 3074 1716 3116 τοῦ
1743 3074 1982 3142 στροβίλου
2029 3097 2032 3100 >

192 3127 378 3189 καρπός,
411 3128 465 3175 ὃν
493 3133 664 3207 ἔφερον
694 3134 743 3175 αἱ
770 3131 985 3204 γυναῖκες
1010 3125 1312 3199 βαστάζουσαι
1341 3130 1392 3174 ἐν
1420 3134 1517 3179 ταῖς
1544 3131 1625 3173 τοῦ
1647 3127 1875 3176 Διονύσου
1904 3145 1982 3175 τε-

191 3190 359 3238 λεταῖς
392 3190 605 3242 ἐπειδη”
582 3206 683 3249 ομοι
690 3206 745 3235 ον
773 3187 822 3233 τὸ
854 3191 1008 3247 σχῆμα
1037 3190 1118 3232 τοῦ
1147 3184 1297 3232 κώνου
1326 3191 1380 3260 τῆ
1408 3190 1489 3233 τοῦ
1515 3185 1769 3260 ἀνθρώπου
1799 3189 1979 3250 καρδί,

191 3245 435 3303 ἐπιστάτην
476 3248 533 3293 δέ
571 3261 719 3307 φασιν
747 3246 957 3303 Ἓλληνες
997 3250 1074 3300 τῆς
1113 3247 1303 3305 καρδίας
1331 3261 1412 3290 τον
1442 3243 1684 3292 Διόνυσον·
1715 3250 1868 3305 οἰκείῳ
1898 3263 1981 3292 ουν

191 3320 279 3348 um
317 3311 568 3379 μυστηρίῳ
578 3310 707 3353 τοῦτο
739 3308 940 3352 ἐποίουν.
1003 3307 1222 3348 Cornutus
1252 3306 1308 3348 de
1338 3305 1505 3362 Cybele
1534 3307 1611 3350 VI.
1644 3305 1742 3350 146.
1784 3306 1979 3366 καρδίαν

192 3381 237 3406 αι
240 3369 486 3411 ατιθέασιν
515 3363 646 3426 αὐτῇ,
681 3364 748 3411 ὅτι
778 3368 898 3410 αἰτία
930 3367 1035 3422 ζωοὶ
1036 3368 1173 3414 ονίας
1203 3362 1314 3415 αὐτὴ
1344 3364 1538 3422 ἐγένετο.

2102 1842 2157 2098 l!
