<?xml version="1.0" encoding="UTF-8"?>
<!DOCTYPE html PUBLIC "-//W3C//DTD XHTML 1.0 Transitional//EN"
    "http://www.w3.org/TR/xhtml1/DTD/xhtml1-transitional.dtd">
<html xmlns="http://www.w3.org/1999/xhtml" xml:lang="en" lang="en">
 <head>
  <title>
</title>
<meta http-equiv="Content-Type" content="text/html;charset=utf-8" />
  <meta name='ocr-system' content='tesseract 3.04.00' />
  <meta name='ocr-capabilities' content='ocr_page ocr_carea ocr_par ocr_line ocrx_word'/>
</head>
<body>
  <div class='ocr_page' id='page_1' title='image "./aglaophamussived01lobeuoft_0437.png"; bbox 0 0 2158 3848; ppageno 0'>
   <div class='ocr_carea' id='block_1_1' title="bbox 845 214 1958 277">
    <p class='ocr_par' dir='ltr' id='par_1_1' title="bbox 845 214 1958 277">
     <span class='ocr_line' id='line_1_1' title="bbox 845 214 1958 277; baseline 0.003 -6"><span class='ocrx_word' id='word_1_1' title='bbox 845 227 1301 271; x_wconf 75' lang='lat' dir='ltr'>onrn1CA.</span> <span class='ocrx_word' id='word_1_2' title='bbox 1838 214 1958 277; x_wconf 85' lang='lat'>421</span> 
     </span>
    </p>
   </div>
   <div class='ocr_carea' id='block_1_2' title="bbox 160 347 1965 1031">
    <p class='ocr_par' dir='ltr' id='par_1_2' title="bbox 160 347 1965 1031">
     <span class='ocr_line' id='line_1_2' title="bbox 188 347 1962 434; baseline -0.001 -15"><span class='ocrx_word' id='word_1_3' title='bbox 188 369 328 420; x_wconf 89' lang='lat' dir='ltr'>octo</span> <span class='ocrx_word' id='word_1_4' title='bbox 363 415 377 422; x_wconf 11' lang='grc' dir='ltr'>,μ</span> <span class='ocrx_word' id='word_1_5' title='bbox 387 360 548 418; x_wconf 84' lang='lat' dir='ltr'>vitae</span> <span class='ocrx_word' id='word_1_6' title='bbox 608 347 883 434; x_wconf 83' lang='lat' dir='ltr'>negotia,</span> <span class='ocrx_word' id='word_1_7' title='bbox 969 369 1124 432; x_wconf 88' lang='lat' dir='ltr'>quae</span> <span class='ocrx_word' id='word_1_8' title='bbox 1138 396 1145 405; x_wconf 86' lang='grc'>.-</span> <span class='ocrx_word' id='word_1_9' title='bbox 1190 355 1578 432; x_wconf 76' lang='lat' dir='ltr'><strong>persequitur</strong></span> <span class='ocrx_word' id='word_1_10' title='bbox 1630 356 1962 430; x_wconf 83' lang='lat' dir='ltr'>Maximus,</span> 
     </span>
     <span class='ocr_line' id='line_1_3' title="bbox 187 450 1962 537; baseline -0.001 -20"><span class='ocrx_word' id='word_1_11' title='bbox 187 466 372 537; x_wconf 88' lang='lat' dir='ltr'>quota</span> <span class='ocrx_word' id='word_1_12' title='bbox 422 473 567 534; x_wconf 90' lang='lat' dir='ltr'>pars</span> <span class='ocrx_word' id='word_1_13' title='bbox 596 462 765 515; x_wconf 65' lang='lat' dir='ltr'>‘sunt</span> <span class='ocrx_word' id='word_1_14' title='bbox 816 452 1118 524; x_wconf 78' lang='lat' dir='ltr'>materiae</span> <span class='ocrx_word' id='word_1_15' title='bbox 1167 450 1248 511; x_wconf 89' lang='lat' dir='ltr'>ad</span> <span class='ocrx_word' id='word_1_16' title='bbox 1304 451 1692 514; x_wconf 88' lang='lat' dir='ltr'>tractandum</span> <span class='ocrx_word' id='word_1_17' title='bbox 1734 474 1962 536; x_wconf 88' lang='lat' dir='ltr'>propo·</span> 
     </span>
     <span class='ocr_line' id='line_1_4' title="bbox 183 550 1961 614; baseline 0 0"><span class='ocrx_word' id='word_1_18' title='bbox 183 553 377 614; x_wconf 60' lang='lat' dir='ltr'>sitae?</span> <span class='ocrx_word' id='word_1_19' title='bbox 462 553 576 612; x_wconf 87' lang='lat' dir='ltr'>Ille</span> <span class='ocrx_word' id='word_1_20' title='bbox 619 550 1049 614; x_wconf 84' lang='lat' dir='ltr'>tantummodo</span> <span class='ocrx_word' id='word_1_21' title='bbox 1095 550 1173 611; x_wconf 90' lang='lat' dir='ltr'>de</span> <span class='ocrx_word' id='word_1_22' title='bbox 1216 551 1399 611; x_wconf 91' lang='lat' dir='ltr'>lunae</span> <span class='ocrx_word' id='word_1_23' title='bbox 1455 572 1592 614; x_wconf 88' lang='lat' dir='ltr'>cum</span> <span class='ocrx_word' id='word_1_24' title='bbox 1639 551 1961 614; x_wconf 88' lang='lat' dir='ltr'>dodecate-</span> 
     </span>
     <span class='ocr_line' id='line_1_5' title="bbox 180 649 1962 733; baseline -0.001 -20"><span class='ocrx_word' id='word_1_25' title='bbox 180 653 395 713; x_wconf 89' lang='lat' dir='ltr'>moriis</span> <span class='ocrx_word' id='word_1_26' title='bbox 439 670 764 729; x_wconf 84' lang='lat' dir='ltr'>congressu</span> <span class='ocrx_word' id='word_1_27' title='bbox 807 654 960 731; x_wconf 83' lang='lat' dir='ltr'>agit3</span> <span class='ocrx_word' id='word_1_28' title='bbox 1023 649 1101 709; x_wconf 91' lang='lat' dir='ltr'>de</span> <span class='ocrx_word' id='word_1_29' title='bbox 1135 649 1474 716; x_wconf 82' lang='lat' dir='ltr'>duodecim</span> <span class='ocrx_word' id='word_1_30' title='bbox 1530 653 1807 715; x_wconf 86' lang='lat' dir='ltr'>locorum</span> <span class='ocrx_word' id='word_1_31' title='bbox 1850 672 1962 733; x_wconf 94' lang='lat' dir='ltr'>po-</span> 
     </span>
     <span class='ocr_line' id='line_1_6' title="bbox 160 750 1960 833; baseline 0 -21"><span class='ocrx_word' id='word_1_32' title='bbox 160 750 523 824; x_wconf 71' lang='lat' dir='ltr'>‘testatibuS‚</span> <span class='ocrx_word' id='word_1_33' title='bbox 567 750 646 810; x_wconf 94' lang='lat' dir='ltr'>de</span> <span class='ocrx_word' id='word_1_34' title='bbox 689 750 1081 833; x_wconf 83' lang='lat' dir='ltr'>adspectibus</span> <span class='ocrx_word' id='word_1_35' title='bbox 1125 770 1236 811; x_wconf 91' lang='lat' dir='ltr'>seu</span> <span class='ocrx_word' id='word_1_36' title='bbox 1276 751 1728 824; x_wconf 82' lang='lat' dir='ltr'>radiationibus</span> <span class='ocrx_word' id='word_1_37' title='bbox 1758 752 1960 813; x_wconf 63' lang='lat' dir='ltr'>stella÷</span> 
     </span>
     <span class='ocr_line' id='line_1_7' title="bbox 178 850 1962 934; baseline -0.001 -22"><span class='ocrx_word' id='word_1_38' title='bbox 178 871 347 924; x_wconf 88' lang='lat' dir='ltr'>rum,</span> <span class='ocrx_word' id='word_1_39' title='bbox 411 850 488 909; x_wconf 89' lang='grc'>(16</span> <span class='ocrx_word' id='word_1_40' title='bbox 549 853 834 929; x_wconf 86' lang='lat' dir='ltr'>trigonis,</span> <span class='ocrx_word' id='word_1_41' title='bbox 903 850 1249 932; x_wconf 77' lang='lat' dir='ltr'>quadratiS‚</span> <span class='ocrx_word' id='word_1_42' title='bbox 1292 851 1629 930; x_wconf 16' lang='lat' dir='ltr'>‘diametris</span> <span class='ocrx_word' id='word_1_43' title='bbox 1690 861 1753 912; x_wconf 88' lang='lat' dir='ltr'>et</span> <span class='ocrx_word' id='word_1_44' title='bbox 1807 871 1962 934; x_wconf 85' lang='lat' dir='ltr'>quo-</span> 
     </span>
     <span class='ocr_line' id='line_1_8' title="bbox 176 942 1965 1031; baseline -0.001 -19"><span class='ocrx_word' id='word_1_45' title='bbox 176 951 368 1012; x_wconf 89' lang='lat' dir='ltr'>modo</span> <span class='ocrx_word' id='word_1_46' title='bbox 413 970 526 1031; x_wconf 90' lang='lat' dir='ltr'>pro</span> <span class='ocrx_word' id='word_1_47' title='bbox 569 953 811 1012; x_wconf 89' lang='lat' dir='ltr'>ratione</span> <span class='ocrx_word' id='word_1_48' title='bbox 839 952 1129 1030; x_wconf 88' lang='lat' dir='ltr'>cujusque</span> <span class='ocrx_word' id='word_1_49' title='bbox 1161 942 1477 1029; x_wconf 85' lang='lat' dir='ltr'>geniturae</span> <span class='ocrx_word' id='word_1_50' title='bbox 1518 954 1645 1013; x_wconf 89' lang='lat' dir='ltr'>sint</span> <span class='ocrx_word' id='word_1_51' title='bbox 1687 951 1965 1031; x_wconf 73' lang='lat' dir='ltr'>eligenda</span> 
     </span>
    </p>
   </div>
   <div class='ocr_carea' id='block_1_3' title="bbox 72 1049 1962 1131">
    <p class='ocr_par' dir='ltr' id='par_1_3' title="bbox 72 1049 1962 1131">
     <span class='ocr_line' id='line_1_9' title="bbox 72 1049 1962 1131; baseline 0.002 -19"><span class='ocrx_word' id='word_1_52' title='bbox 72 1049 81 1061; x_wconf 82' lang='lat'>&#39;</span> <span class='ocrx_word' id='word_1_53' title='bbox 177 1052 404 1112; x_wconf 89' lang='lat' dir='ltr'>idonea</span> <span class='ocrx_word' id='word_1_54' title='bbox 446 1060 730 1131; x_wconf 92' lang='lat' dir='ltr'>tempora</span> <span class='ocrx_word' id='word_1_55' title='bbox 772 1052 1114 1124; x_wconf 85' lang='lat' dir='ltr'>actionum,</span> <span class='ocrx_word' id='word_1_56' title='bbox 1181 1050 1260 1108; x_wconf 91' lang='lat' dir='ltr'>de</span> <span class='ocrx_word' id='word_1_57' title='bbox 1316 1051 1411 1111; x_wconf 89' lang='lat' dir='ltr'>his</span> <span class='ocrx_word' id='word_1_58' title='bbox 1465 1053 1652 1129; x_wconf 84' lang='lat' dir='ltr'>igitur</span> <span class='ocrx_word' id='word_1_59' title='bbox 1707 1061 1770 1111; x_wconf 91' lang='lat' dir='ltr'>et</span> <span class='ocrx_word' id='word_1_60' title='bbox 1824 1052 1962 1116; x_wconf 81' lang='lat' dir='ltr'>aliis</span> 
     </span>
    </p>
   </div>
   <div class='ocr_carea' id='block_1_4' title="bbox 172 1149 1966 2231">
    <p class='ocr_par' dir='ltr' id='par_1_4' title="bbox 172 1149 1966 2231">
     <span class='ocr_line' id='line_1_10' title="bbox 177 1149 1962 1231; baseline -0.001 -19"><span class='ocrx_word' id='word_1_61' title='bbox 177 1152 360 1212; x_wconf 93' lang='lat' dir='ltr'>rebus</span> <span class='ocrx_word' id='word_1_62' title='bbox 418 1169 568 1231; x_wconf 90' lang='lat' dir='ltr'>quas</span> <span class='ocrx_word' id='word_1_63' title='bbox 627 1149 814 1209; x_wconf 91' lang='lat' dir='ltr'>Zahel</span> <span class='ocrx_word' id='word_1_64' title='bbox 872 1159 934 1208; x_wconf 90' lang='lat' dir='ltr'>et</span> <span class='ocrx_word' id='word_1_65' title='bbox 989 1151 1174 1208; x_wconf 90' lang='lat' dir='ltr'>ceteri</span> <span class='ocrx_word' id='word_1_66' title='bbox 1235 1158 1517 1211; x_wconf 84' lang='lat' dir='ltr'><strong>auctores</strong></span> <span class='ocrx_word' id='word_1_67' title='bbox 1576 1149 1654 1209; x_wconf 91' lang='lat' dir='ltr'>de</span> <span class='ocrx_word' id='word_1_68' title='bbox 1696 1150 1962 1210; x_wconf 88' lang='lat' dir='ltr'>Electio-</span> 
     </span>
     <span class='ocr_line' id='line_1_11' title="bbox 175 1248 1962 1330; baseline -0.001 -20"><span class='ocrx_word' id='word_1_69' title='bbox 175 1250 357 1310; x_wconf 88' lang='lat' dir='ltr'>nibus</span> <span class='ocrx_word' id='word_1_70' title='bbox 403 1258 695 1327; x_wconf 87' lang='lat' dir='ltr'>tractant,</span> <span class='ocrx_word' id='word_1_71' title='bbox 755 1249 996 1308; x_wconf 90' lang='lat' dir='ltr'>nullum</span> <span class='ocrx_word' id='word_1_72' title='bbox 1051 1248 1311 1310; x_wconf 91' lang='lat' dir='ltr'>verbum</span> <span class='ocrx_word' id='word_1_73' title='bbox 1367 1250 1619 1329; x_wconf 84' lang='lat' dir='ltr'>legitur3</span> <span class='ocrx_word' id='word_1_74' title='bbox 1684 1252 1831 1330; x_wconf 88' lang='lat' dir='ltr'>quin</span> <span class='ocrx_word' id='word_1_75' title='bbox 1883 1268 1962 1308; x_wconf 92' lang='lat' dir='ltr'>ne</span> 
     </span>
     <span class='ocr_line' id='line_1_12' title="bbox 175 1347 1961 1431; baseline 0 -21"><span class='ocrx_word' id='word_1_76' title='bbox 175 1352 356 1410; x_wconf 92' lang='lat' dir='ltr'>lunae</span> <span class='ocrx_word' id='word_1_77' title='bbox 411 1348 659 1429; x_wconf 88' lang='lat' dir='ltr'>quidem</span> <span class='ocrx_word' id='word_1_78' title='bbox 714 1347 797 1408; x_wconf 92' lang='lat' dir='ltr'>ad</span> <span class='ocrx_word' id='word_1_79' title='bbox 851 1349 1121 1429; x_wconf 91' lang='lat' dir='ltr'>reliquos</span> <span class='ocrx_word' id='word_1_80' title='bbox 1174 1350 1456 1430; x_wconf 82' lang='lat' dir='ltr'>planetas</span> <span class='ocrx_word' id='word_1_81' title='bbox 1513 1351 1961 1431; x_wconf 83' lang='lat' dir='ltr'>applicationes</span> 
     </span>
     <span class='ocr_line' id='line_1_13' title="bbox 176 1444 1966 1531; baseline -0.001 -20"><span class='ocrx_word' id='word_1_82' title='bbox 176 1459 449 1522; x_wconf 86' lang='lat' dir='ltr'>enarrat,</span> <span class='ocrx_word' id='word_1_83' title='bbox 494 1444 572 1507; x_wconf 77' lang='lat' dir='ltr'>de</span> <span class='ocrx_word' id='word_1_84' title='bbox 616 1448 835 1529; x_wconf 90' lang='lat' dir='ltr'>quibus</span> <span class='ocrx_word' id='word_1_85' title='bbox 859 1449 1164 1509; x_wconf 88' lang='lat' dir='ltr'>Firmicus</span> <span class='ocrx_word' id='word_1_86' title='bbox 1209 1451 1275 1509; x_wconf 93' lang='lat' dir='ltr'>in</span> <span class='ocrx_word' id='word_1_87' title='bbox 1311 1452 1528 1530; x_wconf 90' lang='lat' dir='ltr'>primis</span> <span class='ocrx_word' id='word_1_88' title='bbox 1572 1451 1717 1511; x_wconf 87' lang='lat' dir='ltr'>libri</span> <span class='ocrx_word' id='word_1_89' title='bbox 1760 1452 1966 1531; x_wconf 86' lang='lat' dir='ltr'>quarti·</span> 
     </span>
     <span class='ocr_line' id='line_1_14' title="bbox 176 1548 1961 1632; baseline -0.002 -20"><span class='ocrx_word' id='word_1_90' title='bbox 176 1549 478 1632; x_wconf 86' lang='lat' dir='ltr'>capitibus</span> <span class='ocrx_word' id='word_1_91' title='bbox 534 1550 731 1608; x_wconf 88' lang='lat' dir='ltr'>multa</span> <span class='ocrx_word' id='word_1_92' title='bbox 786 1548 1007 1624; x_wconf 85' lang='lat' dir='ltr'>tradit3</span> <span class='ocrx_word' id='word_1_93' title='bbox 1074 1569 1193 1629; x_wconf 93' lang='lat' dir='ltr'>quo</span> <span class='ocrx_word' id='word_1_94' title='bbox 1249 1552 1449 1628; x_wconf 89' lang='lat' dir='ltr'>major</span> <span class='ocrx_word' id='word_1_95' title='bbox 1514 1561 1608 1610; x_wconf 90' lang='lat' dir='ltr'>est</span> <span class='ocrx_word' id='word_1_96' title='bbox 1670 1553 1961 1632; x_wconf 87' lang='lat' dir='ltr'>suspicio,</span> 
     </span>
     <span class='ocr_line' id='line_1_15' title="bbox 174 1650 1963 1731; baseline -0.001 -20"><span class='ocrx_word' id='word_1_97' title='bbox 174 1651 506 1711; x_wconf 73' lang='lat' dir='ltr'>minimamv</span> <span class='ocrx_word' id='word_1_98' title='bbox 540 1651 733 1709; x_wconf 86' lang='lat' dir='ltr'>totius</span> <span class='ocrx_word' id='word_1_99' title='bbox 779 1652 985 1729; x_wconf 89' lang='lat' dir='ltr'>operis</span> <span class='ocrx_word' id='word_1_100' title='bbox 1028 1660 1272 1731; x_wconf 88' lang='lat' dir='ltr'>partem</span> <span class='ocrx_word' id='word_1_101' title='bbox 1304 1650 1399 1731; x_wconf 67' lang='lat' dir='ltr'>&#39;ad</span> <span class='ocrx_word' id='word_1_102' title='bbox 1439 1662 1653 1711; x_wconf 87' lang='lat' dir='ltr'>nostra</span> <span class='ocrx_word' id='word_1_103' title='bbox 1679 1660 1963 1731; x_wconf 90' lang='lat' dir='ltr'>tempora</span> 
     </span>
     <span class='ocr_line' id='line_1_16' title="bbox 177 1748 1962 1830; baseline -0.001 -19"><span class='ocrx_word' id='word_1_104' title='bbox 177 1760 487 1812; x_wconf 87' lang='lat' dir='ltr'>servatam</span> <span class='ocrx_word' id='word_1_105' title='bbox 534 1768 684 1809; x_wconf 89' lang='lat' dir='ltr'>esse.</span> <span class='ocrx_word' id='word_1_106' title='bbox 789 1748 967 1829; x_wconf 77' lang='lat' dir='ltr'>Quae</span> <span class='ocrx_word' id='word_1_107' title='bbox 1011 1770 1198 1830; x_wconf 90' lang='lat' dir='ltr'>quum</span> <span class='ocrx_word' id='word_1_108' title='bbox 1242 1753 1336 1810; x_wconf 90' lang='lat' dir='ltr'>ita</span> <span class='ocrx_word' id='word_1_109' title='bbox 1378 1754 1530 1825; x_wconf 87' lang='lat' dir='ltr'>sint,</span> <span class='ocrx_word' id='word_1_110' title='bbox 1590 1769 1715 1809; x_wconf 93' lang='lat' dir='ltr'>non</span> <span class='ocrx_word' id='word_1_111' title='bbox 1770 1754 1962 1810; x_wconf 90' lang='lat' dir='ltr'>miror</span> 
     </span>
     <span class='ocr_line' id='line_1_17' title="bbox 176 1850 1962 1931; baseline 0 -21"><span class='ocrx_word' id='word_1_112' title='bbox 176 1850 343 1931; x_wconf 89' lang='lat' dir='ltr'>quod</span> <span class='ocrx_word' id='word_1_113' title='bbox 384 1850 779 1910; x_wconf 89' lang='lat' dir='ltr'>Hermannus</span> <span class='ocrx_word' id='word_1_114' title='bbox 831 1852 899 1908; x_wconf 91' lang='lat' dir='ltr'>in</span> <span class='ocrx_word' id='word_1_115' title='bbox 942 1851 1139 1910; x_wconf 73' lang='lat' dir='ltr'>Praei.</span> <span class='ocrx_word' id='word_1_116' title='bbox 1202 1872 1261 1930; x_wconf 88' lang='lat' dir='ltr'>p.</span> <span class='ocrx_word' id='word_1_117' title='bbox 1307 1851 1468 1910; x_wconf 88' lang='lat' dir='ltr'><strong>VIII.</strong></span> <span class='ocrx_word' id='word_1_118' title='bbox 1525 1851 1744 1910; x_wconf 88' lang='lat' dir='ltr'>Lenzii</span> <span class='ocrx_word' id='word_1_119' title='bbox 1788 1870 1962 1928; x_wconf 85' lang='lat' dir='ltr'>argu-</span> 
     </span>
     <span class='ocr_line' id='line_1_18' title="bbox 173 1947 1962 2030; baseline -0.001 -20"><span class='ocrx_word' id='word_1_120' title='bbox 173 1950 400 2010; x_wconf 82' lang='lat' dir='ltr'>mentis</span> <span class='ocrx_word' id='word_1_121' title='bbox 454 1947 679 2009; x_wconf 88' lang='lat' dir='ltr'>adduci</span> <span class='ocrx_word' id='word_1_122' title='bbox 734 1968 801 2008; x_wconf 92' lang='lat' dir='ltr'>se</span> <span class='ocrx_word' id='word_1_123' title='bbox 857 1959 1069 2027; x_wconf 86' lang='lat' dir='ltr'>negat,</span> <span class='ocrx_word' id='word_1_124' title='bbox 1130 1960 1201 2010; x_wconf 92' lang='lat' dir='ltr'>ut</span> <span class='ocrx_word' id='word_1_125' title='bbox 1255 1962 1503 2010; x_wconf 87' lang='lat' dir='ltr'>carmen</span> <span class='ocrx_word' id='word_1_126' title='bbox 1547 1950 1795 2030; x_wconf 89' lang='lat' dir='ltr'>Orpheo</span> <span class='ocrx_word' id='word_1_127' title='bbox 1854 1949 1962 2009; x_wconf 84' lang='lat' dir='ltr'>ad·</span> 
     </span>
     <span class='ocr_line' id='line_1_19' title="bbox 172 2048 1966 2132; baseline -0.001 -21"><span class='ocrx_word' id='word_1_128' title='bbox 172 2051 472 2130; x_wconf 90' lang='lat' dir='ltr'>scriptum</span> <span class='ocrx_word' id='word_1_129' title='bbox 515 2049 606 2118; x_wconf 74' lang='lat' dir='ltr'>abv</span> <span class='ocrx_word' id='word_1_130' title='bbox 639 2069 747 2124; x_wconf 88' lang='lat' dir='ltr'>eo,</span> <span class='ocrx_word' id='word_1_131' title='bbox 792 2048 960 2130; x_wconf 91' lang='lat' dir='ltr'>quod</span> <span class='ocrx_word' id='word_1_132' title='bbox 1001 2050 1312 2111; x_wconf 81' lang='lat' dir='ltr'>Maximus</span> <span class='ocrx_word' id='word_1_133' title='bbox 1358 2050 1585 2124; x_wconf 91' lang='lat' dir='ltr'>edidit,</span> <span class='ocrx_word' id='word_1_134' title='bbox 1645 2050 1966 2132; x_wconf 20' lang='lat' dir='ltr'>diversum-</span> 
     </span>
     <span class='ocr_line' id='line_1_20' title="bbox 172 2147 1961 2231; baseline -0.002 -20"><span class='ocrx_word' id='word_1_135' title='bbox 172 2159 365 2231; x_wconf 85' lang='lat' dir='ltr'>putet.</span> <span class='ocrx_word' id='word_1_136' title='bbox 453 2147 579 2230; x_wconf 85' lang='lat' dir='ltr'>Sed</span> <span class='ocrx_word' id='word_1_137' title='bbox 645 2158 986 2230; x_wconf 88' lang='lat' dir='ltr'>suppetunt</span> <span class='ocrx_word' id='word_1_138' title='bbox 1052 2152 1212 2210; x_wconf 86' lang='lat' dir='ltr'>aliae</span> <span class='ocrx_word' id='word_1_139' title='bbox 1278 2152 1592 2229; x_wconf 85' lang='lat' dir='ltr'>graviores</span> <span class='ocrx_word' id='word_1_140' title='bbox 1670 2152 1961 2210; x_wconf 76' lang='lat' dir='ltr'>rationes,</span> 
     </span>
    </p>
   </div>
   <div class='ocr_carea' id='block_1_5' title="bbox 173 2249 2095 2330">
    <p class='ocr_par' dir='ltr' id='par_1_5' title="bbox 173 2249 2095 2330">
     <span class='ocr_line' id='line_1_21' title="bbox 173 2249 2095 2330; baseline -0.002 -20"><span class='ocrx_word' id='word_1_141' title='bbox 173 2251 450 2310; x_wconf 84' lang='lat' dir='ltr'>Primum</span> <span class='ocrx_word' id='word_1_142' title='bbox 506 2249 896 2327; x_wconf 86' lang='lat' dir='ltr'>Tyrwhittus</span> <span class='ocrx_word' id='word_1_143' title='bbox 951 2252 1158 2330; x_wconf 89' lang='lat' dir='ltr'>ponit,</span> <span class='ocrx_word' id='word_1_144' title='bbox 1221 2253 1383 2311; x_wconf 91' lang='lat' dir='ltr'>inter</span> <span class='ocrx_word' id='word_1_145' title='bbox 1448 2253 1626 2313; x_wconf 87' lang='lat' dir='ltr'>varia</span> <span class='ocrx_word' id='word_1_146' title='bbox 1683 2250 1961 2312; x_wconf 90' lang='lat' dir='ltr'>diverso-</span> <span class='ocrx_word' id='word_1_147' title='bbox 2069 2256 2095 2258; x_wconf 46' lang='lat'><strong>⁷</strong></span> 
     </span>
    </p>
   </div>
   <div class='ocr_carea' id='block_1_6' title="bbox 169 2350 1960 3437">
    <p class='ocr_par' dir='ltr' id='par_1_6' title="bbox 169 2350 1960 3437">
     <span class='ocr_line' id='line_1_22' title="bbox 172 2350 1960 2430; baseline -0.002 -20"><span class='ocrx_word' id='word_1_148' title='bbox 172 2369 314 2410; x_wconf 91' lang='lat' dir='ltr'>rum</span> <span class='ocrx_word' id='word_1_149' title='bbox 358 2359 680 2409; x_wconf 89' lang='lat' dir='ltr'>auctorum</span> <span class='ocrx_word' id='word_1_150' title='bbox 725 2350 1022 2430; x_wconf 87' lang='lat' dir='ltr'>opuscula</span> <span class='ocrx_word' id='word_1_151' title='bbox 1065 2350 1284 2411; x_wconf 91' lang='lat' dir='ltr'>eodem</span> <span class='ocrx_word' id='word_1_152' title='bbox 1320 2352 1639 2413; x_wconf 88' lang='lat' dir='ltr'>volumine</span> <span class='ocrx_word' id='word_1_153' title='bbox 1685 2368 1960 2430; x_wconf 90' lang='lat' dir='ltr'>compre-</span> 
     </span>
     <span class='ocr_line' id='line_1_23' title="bbox 171 2448 1959 2531; baseline -0.002 -20"><span class='ocrx_word' id='word_1_154' title='bbox 171 2451 366 2511; x_wconf 89' lang='lat' dir='ltr'>hensa</span> <span class='ocrx_word' id='word_1_155' title='bbox 433 2450 778 2530; x_wconf 88' lang='lat' dir='ltr'>principem</span> <span class='ocrx_word' id='word_1_156' title='bbox 843 2450 1050 2509; x_wconf 90' lang='lat' dir='ltr'>locum</span> <span class='ocrx_word' id='word_1_157' title='bbox 1120 2470 1450 2531; x_wconf 88' lang='lat' dir='ltr'>occupasse</span> <span class='ocrx_word' id='word_1_158' title='bbox 1515 2448 1959 2530; x_wconf 88' lang='lat' dir='ltr'>Ephemerides</span> 
     </span>
     <span class='ocr_line' id='line_1_24' title="bbox 176 2550 1959 2631; baseline -0.002 -20"><span class='ocrx_word' id='word_1_159' title='bbox 176 2551 408 2631; x_wconf 87' lang='lat' dir='ltr'>Orphei</span> <span class='ocrx_word' id='word_1_160' title='bbox 450 2551 701 2610; x_wconf 89' lang='lat' dir='ltr'>nomine</span> <span class='ocrx_word' id='word_1_161' title='bbox 743 2550 1066 2628; x_wconf 85' lang='lat' dir='ltr'>insignitas</span> <span class='ocrx_word' id='word_1_162' title='bbox 1112 2560 1173 2610; x_wconf 92' lang='lat' dir='ltr'>et</span> <span class='ocrx_word' id='word_1_163' title='bbox 1217 2571 1294 2611; x_wconf 86' lang='lat' dir='ltr'>ex</span> <span class='ocrx_word' id='word_1_164' title='bbox 1338 2571 1412 2611; x_wconf 94' lang='lat' dir='ltr'>eo</span> <span class='ocrx_word' id='word_1_165' title='bbox 1451 2551 1821 2611; x_wconf 85' lang='lat' dir='ltr'>Tzetzarum</span> <span class='ocrx_word' id='word_1_166' title='bbox 1867 2570 1959 2608; x_wconf 92' lang='lat' dir='ltr'>er-</span> 
     </span>
     <span class='ocr_line' id='line_1_25' title="bbox 169 2649 1960 2730; baseline -0.001 -19"><span class='ocrx_word' id='word_1_167' title='bbox 169 2670 377 2712; x_wconf 88' lang='lat' dir='ltr'>rorem</span> <span class='ocrx_word' id='word_1_168' title='bbox 420 2658 667 2723; x_wconf 88' lang='lat' dir='ltr'>natum,</span> <span class='ocrx_word' id='word_1_169' title='bbox 693 2688 697 2692; x_wconf 91' lang='lat'><em>-</em></span> <span class='ocrx_word' id='word_1_170' title='bbox 722 2657 794 2708; x_wconf 92' lang='lat' dir='ltr'>ut</span> <span class='ocrx_word' id='word_1_171' title='bbox 834 2649 1095 2712; x_wconf 85' lang='lat' dir='ltr'>Maximi</span> <span class='ocrx_word' id='word_1_172' title='bbox 1139 2670 1383 2711; x_wconf 88' lang='lat' dir='ltr'>carmen</span> <span class='ocrx_word' id='word_1_173' title='bbox 1426 2653 1522 2711; x_wconf 88' lang='lat' dir='ltr'>his</span> <span class='ocrx_word' id='word_1_174' title='bbox 1567 2651 1960 2730; x_wconf 88' lang='lat' dir='ltr'>subjunctum</span> 
     </span>
     <span class='ocr_line' id='line_1_26' title="bbox 174 2750 1957 2832; baseline -0.002 -20"><span class='ocrx_word' id='word_1_175' title='bbox 174 2752 422 2832; x_wconf 91' lang='lat' dir='ltr'>Orpheo</span> <span class='ocrx_word' id='word_1_176' title='bbox 467 2750 835 2824; x_wconf 86' lang='lat' dir='ltr'>tribuerent,</span> <span class='ocrx_word' id='word_1_177' title='bbox 882 2752 1054 2830; x_wconf 90' lang='lat' dir='ltr'>cujus</span> <span class='ocrx_word' id='word_1_178' title='bbox 1098 2770 1326 2812; x_wconf 91' lang='lat' dir='ltr'>nomen</span> <span class='ocrx_word' id='word_1_179' title='bbox 1370 2755 1432 2811; x_wconf 93' lang='lat' dir='ltr'>in</span> <span class='ocrx_word' id='word_1_180' title='bbox 1478 2752 1823 2832; x_wconf 90' lang='lat' dir='ltr'>protocollo</span> <span class='ocrx_word' id='word_1_181' title='bbox 1867 2751 1957 2809; x_wconf 90' lang='lat' dir='ltr'>in-</span> 
     </span>
     <span class='ocr_line' id='line_1_27' title="bbox 172 2849 1956 2935; baseline -0.002 -23"><span class='ocrx_word' id='word_1_182' title='bbox 172 2853 499 2926; x_wconf 83' lang='lat' dir='ltr'>venissent.</span> <span class='ocrx_word' id='word_1_183' title='bbox 599 2849 728 2911; x_wconf 91' lang='lat' dir='ltr'>Nos</span> <span class='ocrx_word' id='word_1_184' title='bbox 782 2869 970 2926; x_wconf 90' lang='lat' dir='ltr'>vero,</span> <span class='ocrx_word' id='word_1_185' title='bbox 1040 2854 1175 2914; x_wconf 89' lang='lat' dir='ltr'>sive</span> <span class='ocrx_word' id='word_1_186' title='bbox 1229 2852 1532 2935; x_wconf 88' lang='lat' dir='ltr'>Hesiodei</span> <span class='ocrx_word' id='word_1_187' title='bbox 1587 2852 1792 2931; x_wconf 91' lang='lat' dir='ltr'>operis</span> <span class='ocrx_word' id='word_1_188' title='bbox 1853 2849 1956 2908; x_wconf 87' lang='lat' dir='ltr'>de-</span> 
     </span>
     <span class='ocr_line' id='line_1_28' title="bbox 176 2949 1956 3031; baseline -0.001 -21"><span class='ocrx_word' id='word_1_189' title='bbox 176 2952 568 3031; x_wconf 82' lang='lat' dir='ltr'>scriptionem</span> <span class='ocrx_word' id='word_1_190' title='bbox 638 2952 1095 3014; x_wconf 89' lang='lat' dir='ltr'>consideramus</span> <span class='ocrx_word' id='word_1_191' title='bbox 1164 2953 1242 3013; x_wconf 92' lang='lat' dir='ltr'>ab</span> <span class='ocrx_word' id='word_1_192' title='bbox 1310 2952 1728 3014; x_wconf 88' lang='lat' dir='ltr'>imitatoribus</span> <span class='ocrx_word' id='word_1_193' title='bbox 1789 2949 1956 3010; x_wconf 88' lang='lat' dir='ltr'>haud</span> 
     </span>
     <span class='ocr_line' id='line_1_29' title="bbox 177 3049 1954 3134; baseline 0.001 -25"><span class='ocrx_word' id='word_1_194' title='bbox 177 3049 361 3110; x_wconf 90' lang='lat' dir='ltr'>dubie</span> <span class='ocrx_word' id='word_1_195' title='bbox 404 3062 746 3126; x_wconf 87' lang='lat' dir='ltr'>servatam,</span> <span class='ocrx_word' id='word_1_196' title='bbox 811 3056 946 3118; x_wconf 86' lang='lat' dir='ltr'>sive</span> <span class='ocrx_word' id='word_1_197' title='bbox 990 3054 1423 3134; x_wconf 87' lang='lat' dir='ltr'>Ephemeridis</span> <span class='ocrx_word' id='word_1_198' title='bbox 1466 3055 1664 3134; x_wconf 87' lang='lat' dir='ltr'>ipsius</span> <span class='ocrx_word' id='word_1_199' title='bbox 1706 3053 1954 3111; x_wconf 89' lang='lat' dir='ltr'>initium</span> 
     </span>
     <span class='ocr_line' id='line_1_30' title="bbox 180 3149 1952 3233; baseline 0 -23"><span class='ocrx_word' id='word_1_200' title='bbox 180 3149 378 3214; x_wconf 67' lang='lat' dir='ltr'>IIoim&#39;</span> <span class='ocrx_word' id='word_1_201' title='bbox 424 3151 605 3232; x_wconf 77' lang='grc' dir='ltr'><strong><em>ἐδάης</em></strong></span> <span class='ocrx_word' id='word_1_202' title='bbox 648 3190 731 3198; x_wconf 92' lang='lat'><em>-</em></span> <span class='ocrx_word' id='word_1_203' title='bbox 787 3173 910 3233; x_wconf 93' lang='lat' dir='ltr'>quo</span> <span class='ocrx_word' id='word_1_204' title='bbox 956 3156 1130 3216; x_wconf 89' lang='lat' dir='ltr'>velut</span> <span class='ocrx_word' id='word_1_205' title='bbox 1171 3154 1514 3233; x_wconf 89' lang='lat' dir='ltr'>colophone</span> <span class='ocrx_word' id='word_1_206' title='bbox 1557 3152 1772 3213; x_wconf 84' lang='lat' dir='ltr'>addito</span> <span class='ocrx_word' id='word_1_207' title='bbox 1816 3152 1952 3210; x_wconf 90' lang='lat' dir='ltr'>Mu-</span> 
     </span>
     <span class='ocr_line' id='line_1_31' title="bbox 176 3252 1952 3336; baseline 0 -27"><span class='ocrx_word' id='word_1_208' title='bbox 176 3252 306 3310; x_wconf 90' lang='lat' dir='ltr'>saei</span> <span class='ocrx_word' id='word_1_209' title='bbox 352 3252 654 3313; x_wconf 86' lang='lat' dir='ltr'>institutio</span> <span class='ocrx_word' id='word_1_210' title='bbox 700 3266 1187 3329; x_wconf 85' lang='lat' dir='ltr'>consummatur,</span> <span class='ocrx_word' id='word_1_211' title='bbox 1246 3254 1476 3334; x_wconf 87' lang='lat' dir='ltr'>Orphei</span> <span class='ocrx_word' id='word_1_212' title='bbox 1512 3254 1775 3336; x_wconf 74' lang='grc' dir='ltr'><em>Ὴμὲρας</em></span> <span class='ocrx_word' id='word_1_213' title='bbox 1821 3253 1952 3329; x_wconf 90' lang='lat' dir='ltr'>ejus</span> 
     </span>
     <span class='ocr_line' id='line_1_32' title="bbox 180 3351 1951 3437; baseline -0.002 -24"><span class='ocrx_word' id='word_1_214' title='bbox 180 3353 418 3437; x_wconf 78' lang='grc' dir='ltr'><em>Ἔργοις</em></span> <span class='ocrx_word' id='word_1_215' title='bbox 471 3351 773 3432; x_wconf 87' lang='lat' dir='ltr'>subjectas</span> <span class='ocrx_word' id='word_1_216' title='bbox 830 3356 1037 3433; x_wconf 87' lang='lat' dir='ltr'>potius</span> <span class='ocrx_word' id='word_1_217' title='bbox 1090 3375 1274 3437; x_wconf 87' lang='lat' dir='ltr'>quam</span> <span class='ocrx_word' id='word_1_218' title='bbox 1331 3356 1702 3436; x_wconf 86' lang='lat' dir='ltr'>praemissas</span> <span class='ocrx_word' id='word_1_219' title='bbox 1763 3352 1951 3413; x_wconf 88' lang='lat' dir='ltr'>fuisse</span> 
     </span>
    </p>
   </div>
   <div class='ocr_carea' id='block_1_7' title="bbox 1990 2146 2037 2214">
    <p class='ocr_par' dir='ltr' id='par_1_7' title="bbox 1990 2146 2037 2214">
     <span class='ocr_line' id='line_1_33' title="bbox 1990 2146 2037 2214; baseline 0 0"><span class='ocrx_word' id='word_1_220' title='bbox 1990 2146 2037 2214; x_wconf 45' lang='lat' dir='ltr'>*x</span> 
     </span>
    </p>
   </div>
  </div>
 </body>
</html>
