2158 3848
233 201 360 262 684
762 212 1001 258 mann
1043 211 1472 256 SECUNDUS.

230 355 348 405 tus·
383 342 657 404 imitatos
714 342 885 403 esse.
936 338 1074 401 Cur
1131 341 1294 400 enim
1314 384 1331 413 ‚
1378 358 1532 421 quae
1574 341 1801 424 ubique
1836 342 2006 404 'loco-

228 444 366 505 rum
391 445 607 517 diunt,
647 462 849 524 quum
904 441 1184 501 homines
1227 438 1309 499 ad
1350 443 1772 503 remissionem
1819 445 2010 503 animi

228 543 561 625 ludumque
615 539 1024 611 descendunt,
1081 558 1202 618 quo
1261 559 1473 602 omnes
1528 551 1748 623 suapte
1789 552 2013 602 natura·

227 646 384 704 sine.
417 644 773 721 cujusquam
827 639 1181 697 imitatione
1240 637 1549 714 feruntur,
1611 659 1686 700 ea
1742 640 2010 701 Graecos

227 761 383 803 non2
417 743 637 801 fecisse
692 737 1032 820 -putemus‘t
1098 737 1351 797 illamne
1421 751 1662 816 gentem
1719 758 2010 800 comoe-

225 844 394 903 dam
450 851 764 921 tempore·
786 838 948 898 festo
1005 848 1067 898 et
1122 837 1420 916 genialis
1447 856 1568 918 quo
1624 838 1781 899 adeo
1835 840 2014 900 nefas

223 952 355 1003 erat
387 939 722 1022 quidquam
755 940 846 998 rei
887 939 1085 998 seriae
1111 957 1290 1017 agere
1306 937 1405 1019 [¹¹]‚
1451 936 1819 1000 abstinuisse
1845 940 2011 1001 ludis

213 1041 534 1122 jocisque?
571 1050 686 1100 *aut
720 1040 965 1119 jocatos
1009 1037 1280 1119 quidem·
1303 1056 1438 1098 esse
1481 1037 1593 1097 sed
1635 1037 1790 1099 dicis
1825 1058 2011 1099 causa

222 1152 285 1202 et
340 1142 419 1202 ad
475 1138 882 1200 refricandam
940 1139 1044 1200 vel
1099 1139 1328 1200 veteris
1373 1136 1620 1196 fabulae
1662 1139 1762 1199 vel
1810 1139 2010 1219 philo-

221 1243 602 1324 sophematis
683 1241 890 1298 nescio
972 1240 1144 1317 quus
1213 1237 1622 1297 memoriam?
1710 1238 2010 1299 Attamen

219 1329 547 1422 scriptores
591 1350 833 1399 veteres
877 1339 973 1397 his
1017 1337 1268 1398 ludicris
1312 1357 1528 1415 graves
1573 1341 1885 1420 seriasque
1909 1358 2008 1399 ra-

218 1443 429 1502 tiones'
474 1439 725 1500 subesse
781 1457 897 1498 nos
956 1436 1193 1497 docent.
1261 1438 1512 1517 Ineptas
1556 1457 1704 1497 sane
1749 1449 1811 1498 et
1855 1457 2008 1518 quas

218 1551 429 1623 pateat
471 1559 594 1601 non
642 1561 680 1601 a
722 1550 945 1599 natura
986 1538 1295 1620 profectas
1339 1537 1450 1597 sed
1495 1537 1698 1598 doctei
1719 1556 2008 1618 operose-

216 1662 334 1725 que
378 1641 762 1703 elucubratas
807 1659 957 1700 esse.
1047 1636 1359 1699 Choorum
1414 1639 1602 1699 ritum
1647 1638 2010 1719 explicaturi

219 1743 496 1803 Orestem
540 1751 792 1802 narrant
837 1742 1035 1801 occisa
1077 1749 1274 1800 matre
1308 1738 1586 1799 Athenas
1616 1740 1857 1800 venisse
1884 1756 2006 1819 quo

215 1854 496 1924 tempore
551 1844 832 1903 solemne
880 1839 1038 1901 illud
1082 1840 1389 1901 conviviis
1414 1839 1698 1920 publicis
1739 1839 2008 1921 poculis-

220 1963 339 2024 que
408 1943 730 2003 discursim
802 1940 1209 2004 volitantibus
1276 1939 1715 2012 celebraretur,
1783 1938 2006 2018 quibus

216 2062 405 2125 quum
462 2041 1007 2123 Demophontidae
1059 2059 1257 2120 neque
1315 2039 1637 2099 excludere
1691 2040 2006 2120 hospitem

215 2144 449 2206 vellent
481 2162 701 2222 vneque
754 2144 941 2202 etiam
994 2143 1128 2221 pati
1168 2149 1452 2220 possent,
1507 2149 1578 2199 ut
1619 2140 1864 2199 sceleris
1908 2140 2007 2199 sui

215 2246 641 2323 contagionem
709 2244 1013 2302 affricaret
1068 2242 1380 2315 convivis,
1438 2241 1792 2300 institutum
1849 2257 2004 2313 esse,

209 2341 283 2406 ut
335 2347 452 2406 hoc
510 2343 611 2403 die
663 2362 790 2403 non
846 2342 1132 2403 omnibus
1190 2344 1541 2402 communia
1594 2339 1705 2402 sed
1746 2339 2004 2418 singulis

211 2446 452 2523 singula
506 2452 964 2524 apponerentur
1016 2443 1270 2525 pocula,
1342 2440 1532 2522 idque
1574 2443 1641 2501 in
1664 2450 2003 2522 tposterum

212 2547 401 2606 etiam
459 2543 796 2603 obtinuisse
823 2565 825 2567 ¹
851 2545 1007 2604 Plut.
1065 2545 1281 2624 Symp.
1338 2543 1414 2602 II.
1477 2541 1572 2602 10.
1627 2540 1850 2602 Athen.
1920 2539 1998 2600 X.

330 2730 395 2786 [q]
427 2744 469 2773 v.
502 2730 696 2778 GronoV.
729 2729 786 2772 ad
816 2729 914 2772 Liv.
945 2727 1111 2771 XXIII.
1141 2727 1182 2770 7.
1218 2726 1287 2770 11.
1342 2726 1511 2768 Seneca
1541 2725 1596 2768 de
1619 2724 1871 2781 Tranquill.
1901 2723 1999 2767 XV.

216 2788 284 2832 12.
324 2787 425 2832 375.
464 2787 687 2844 ,‚Legu1n‚
735 2788 902 2844 inquit,
945 2786 1187 2829 conditores
1225 2787 1359 2828 festos
1403 2784 1680 2828 instituerunt
1721 2783 1814 2825 dies
1855 2787 1904 2825 ut
1942 2782 2000 2824 ad

208 2847 503 2901 „hilaritatem
533 2847 722 2890 homines
752 2846 925 2904 publice
955 2851 1238 2901 cogerentur,
1291 2849 1496 2899 tanquam
1542 2842 1833 2885 necessarium
1873 2841 2000 2884 labo-

210 2907 361 2959 „ribus
401 2906 722 2963 interponentes
762 2906 1184 2963 temperamentum.“
1214 2902 1339 2945 Plato
1370 2902 1509 2961 Legg.
1540 2901 1601 2944 ΙΙ.
1634 2899 1733 2943 654.
1762 2900 1867 2943 θεοὶ
1898 2901 1999 2943 οὶκ-

210 2969 434 3024 τνείραντες
463 2962 512 3008 τὸ
543 2968 635 3008 τῶν
664 2961 932 3022 ἀνθρώπων·
954 2964 1175 3007 ἐπίπονον
1217 2959 1426 3019 πεφυκὸς
1452 2965 1585 3019 γένος
1615 2954 1880 3007 ἀναπαύλας
1909 2957 1998 3000 αὗ-

208 3028 302 3073 τοῖς
340 3025 431 3066 τῶν
471 3019 629 3067 πόνων
668 3019 882 3072 ἐτάξαντο
913 3019 992 3071 τὰς
1020 3024 1110 3064 τῶν
1140 3020 1308 3075 ἑορτῶν
1338 3016 1543 3078 ἀμοιβάς.
1603 3018 1699 3062 Nec
1728 3017 1998 3073 ineleganter

211 3082 420 3124 Proculus
451 3082 813 3139 Archiepiscopus
844 3082 922 3124 Or.
951 3081 1034 3123 III.
1065 3077 1163 3122 624.
1196 3079 1253 3121 Τ.
1284 3078 1359 3120 ΙΧ.
1392 3077 1598 3121 Galland.
1629 3071 1759 3148 ἑορτή
1791 3077 1884 3120 ἐστι
1912 3070 1995 3140 h}-
2051 3112 2053 3115 .

210 3157 297 3193 πης
325 3137 455 3194 λήθη,
489 3141 748 3198 φροντίδων
777 3138 933 3196 ὕπνος,
959 3140 1108 3198 χαρᾶς
1136 3135 1338 3197 γεωργὸς
1368 3137 1493 3192 (fort.
1516 3135 1756 3192 χορηγος),
1789 3133 1992 3192 φαιδρο-

209 3215 338 3253 τητος
364 3195 603 3256 πρόξενος·
646 3199 883 3254 cujusmodi
922 3199 1048 3256 plura
1077 3211 1132 3239 ex
1162 3196 1260 3239 aliis
1291 3196 1469 3252 collegit
1496 3195 1545 3237 P.
1578 3193 1757 3236 Colvius
1787 3193 1841 3235 ad
1873 3193 1992 3248 Apu-

208 3258 280 3313 lej.
311 3258 365 3300 de
394 3257 543 3301 Mund.
575 3274 615 3314 p.
647 3258 746 3301 281.
777 3257 840 3301 Et
868 3258 950 3300 hac
980 3262 1103 3299 tenus
1133 3269 1217 3298 non
1242 3256 1388 3311 inepte
1416 3258 1586 3297 veteres
1609 3248 1807 3311 μεθύειν
1834 3251 1992 3294 dictum

208 3320 362 3373 putant
404 3314 471 3360 ὅτι
510 3315 625 3373 μετὰ
654 3315 702 3360 τὸ
734 3314 866 3360 θύειν
895 3318 1002 3364 ἔθος
1030 3308 1087 3369 ἦν
1116 3319 1207 3364 τοῖς
1247 3317 1481 3374 προτέροις
1511 3314 1755 3357 οῗνοῦσθαι
1784 3309 1908 3353 Philo
1937 3307 1992 3351 de

212 3375 352 3418 Plant.
385 3375 492 3418 Noe.
525 3389 565 3431 p.
597 3376 695 3419 237.
727 3375 779 3418 D.
