2158 3848
682 236 1248 283 ELEuslNlA.
1729 226 1843 289 121

96 375 194 438 οἷοί
250 396 442 458 φασιν
495 373 844 454 ἐπιπέμπειν
888 370 1272 453 χολουμένην
1324 369 1437 449 τὴν
1489 371 1675 446 θεόν,
1730 391 1858 453 quo

93 476 355 555 pertinet
394 471 687 548 Hesychii
727 471 956 548 glossa:
1002 468 1266 542 Ἀνταία,
1310 468 1578 543 ἐναντία,
1620 472 1851 543 ἱκέσιος·

98 572 373 653 σημαίνει
427 570 496 634 δὲ
551 570 655 632 καὶ
709 570 861 653 (scil.
919 568 1169 650 ἄνταῖα)
1222 566 1494 650 δαίμονα
1536 569 1673 651 (leg.
1717 570 1855 633 (ch—

95 670 305 755 μόνια)
359 671 464 731 καὶ
514 669 629 748 τὴν
662 667 916 748 Ἑκάτην
976 668 1046 732 δὲ
1090 667 1355 732 ἀνταίαν
1411 670 1691 755 λέγουσιν
1735 670 1854 732 ἀπὸ

96 779 208 834 τοῦ
259 770 608 851 ἐπιπέμπειν
664 767 824 832 αὐτοί
869 768 996 827 scil.
1039 768 1119 831 τοὶ
1162 766 1456 852 δαιμόνια
1473 769 1564 849 [8].
1649 769 1859 850 Neque

99 869 181 930 ad
234 867 402 932 aliud
460 886 649 946 genus
716 886 1024 928 sacrorum
1086 870 1393 947 pertinere
1455 876 1609 948 puto
1624 911 1642 942 ,
1708 867 1862 949 quae

97 970 299 1046 Etym.
345 966 514 1028 Suid.
569 987 616 1028 s.
657 970 975 1051 Ἔμπουσα
1018 976 1080 1025 et
1121 966 1345 1026 Anecd.
1389 967 1580 1028 Bekk.
1624 987 1685 1047 p.
1720 966 1863 1029 250.

102 1069 383 1128 afferunt:
429 1065 653 1147 ἐκλήθη
695 1067 733 1147 ἡ
775 1065 974 1150 μήτηρ
1002 1066 1304 1146 Αισχίνου
1333 1068 1652 1148 Ἔμπουσα
1675 1103 1756 1112 -
1783 1068 1865 1137 ὥς

103 1168 171 1231 δὲ
218 1167 517 1249 Ιὸομένης
545 1162 614 1247 [Ἲ
661 1166 813 1249 φησὶ
854 1164 1231 1270 ὃημαγοογόν
1247 1166 1346 1247 [11],
1391 1166 1517 1229 ἐπεὶ
1559 1165 1679 1231 απὸ
1725 1187 1867 1230 σκο-

103 1276 322 1332 τεινῶν
354 1264 564 1340 τάπων
591 1266 956 1350 ανεφαίνετο
980 1273 1109 1337 τοῖς
1126 1268 1531 1350 μυουμένοις,
1574 1267 1640 1325 111
1681 1268 1866 1344 magi

106 1369 208 1440 cis,
254 1375 544 1446 quantum
588 1365 870 1447 equidem
911 1367 1202 1446 intelligo,
1247 1368 1380 1430 sive
1407 1366 1714 1427 Hecaticis
1736 1386 1871 1443 my-

105 1467 304 1526 steriis
323 1510 342 1540 ,
414 1470 675 1547 quorum
744 1467 1106 1529 creberrima
1169 1475 1263 1526 est
1330 1466 1497 1548 apud
1562 1467 1872 1545 Theurgos
1963 1519 1966 1525 .

107 1556 352 1626 mentio.
416 1566 533 1626 His
576 1585 725 1628 vero
769 1569 967 1627 sacris
994 1568 1190 1628 multo
1233 1568 1425 1644 magis
1471 1585 1652 1646 quam
1692 1553 1891 1626 Eleu-'

108 1667 279 1725 siniis
334 1668 702 1728 conveniunt
754 1668 862 1726 illa
913 1668 1329 1747 sepulcrorum
1371 1667 1876 1740 terriculamenta,

109 1767 386 1825 nocturni
438 1785 617 1827 canes
661 1774 723 1826 et
763 1774 964 1826 cetera
1002 1768 1432 1846 phantasmata
1472 1785 1610 1825 cum
1653 1767 1879 1826 machi-

112 1874 255 1924 nato
300 1866 658 1924 tonitruum
677 1865 933 1942 fragore.
979 1864 1231 1928 Servius
1275 1864 1355 1923 ad
1395 1864 1497 1923 IV.
1544 1862 1685 1924 510.
1733 1868 1879 1942 [ter-

113 1973 353 2024 centum
395 1974 570 2023 tonat
611 1983 716 2023 ore
750 1964 944 2043 deos]
988 1983 1136 2023 non
1179 1973 1621 2038 tercentum,
1664 1967 1880 2045 inquit,

114 2063 247 2125 sad
290 2065 784 2124 tonattertio
829 2073 1130 2124 centum
1172 2064 1486 2123 numina
1528 2058 1880 2140 HecateS,

115 2162 317 2222 unde
385 2173 455 2223 et
525 2163 818 2224 Hecate
880 2163 1095 2224 dicta
1150 2163 1578 2238 ο3ῐ,’ἑκατόν
1631 2164 1710 2223 id
1768 2174 1883 2224 est

119 2262 420 2323 centum
473 2273 914 2342 potestates
970 2263 1280 2323 habens.
1379 2263 1632 2322 Tonat
1687 2265 1884 2323 enim

118 2365 376 2443 perite
431 2361 658 2437 dixit;
712 2364 787 2422 in
840 2363 1135 2423 talibus
1190 2364 1391 2422 enim
1435 2365 1681 2422 sacris
1725 2355 1885 2423 imi-

122 2462 494 2522 tabantur
548 2463 904 2522 tonitrua
958 2462 1089 2522 sed
1143 2453 1571 2543 praecipue
1622 2464 1698 2521 in
1749 2462 1888 2523 He-

123 2570 355 2620 catae.
440 2561 539 2620 De
580 2561 882 2621 Bacchicis
926 2563 1232 2641 imprimis
1274 2561 1547 2621 notabile
1591 2571 1684 2622 est
1727 2559 1890 2622 Celsi

123 2662 577 2734 testimonium,
638 2662 740 2741 qui
795 2671 866 2720 ut
920 2661 1210 2740 Origenes
1262 2661 1474 2722 refert‘
1505 2661 1573 2720 L.
1629 2662 1732 2721 IV.
1795 2663 1889 2722 10.

125 2760 268 2821 507.
314 2759 690 2821 Christianos
733 2761 1065 2842 impiorum
1108 2761 1277 2843 apud
1318 2762 1568 2822 inferos
1591 2762 1891 2842 supplicia

129 2870 478 2921 enarrantes
533 2860 827 2944 ἐξωμοίου
879 2867 1008 2933 τοῖς
1061 2866 1127 2926 ἓν
1180 2869 1314 2933 ταῖς
1356 2866 1690 2942 Βακχικαῖς
1730 2869 1890 2922 τελε-

131 2967 263 3031 ταῖς
325 2962 406 3024 τοὶ
474 2959 773 3044 φάσματα
839 2962 944 3025 καὶ
997 2962 1075 3025 τὰ
1131 2963 1393 3045 δείματα
1445 2957 1890 3046 προειςάγουσιρ

137 3077 315 3139 quem
366 3061 567 3121 locum
623 3058 689 3120 C.
731 3060 1016 3125 Barthius
1076 3062 1157 3126 ad
1202 3063 1355 3128 Stat.
1402 3059 1588 3121 Theb.
1631 3061 1706 3120 II.
1751 3059 1893 3120 296.

253 3198 313 3254 [θ]
343 3213 384 3242 v.
411 3200 621 3258 Epimetr.
650 3202 705 3244 V.

255 3253 317 3312 [f]
347 3256 434 3309 Qui
460 3260 591 3332 vulgo
619 3259 882 3303 Idomeneus.
911 3277 952 3305 v.
981 3263 1153 3306 Jonsius
1183 3261 1341 3316 Script.
1372 3259 1482 3302 Phil.
1510 3273 1551 3316 p.
1585 3258 1680 3301 141.

256 3314 317 3370 [ε]
350 3313 454 3358 Scil.
482 3316 557 3362 διὰ
585 3315 753 3363 τούτων
782 3316 1052 3373 ἐδήλωσεν
1032 3338 1057 3365 ο
1196 3332 1260 3364 οσ
1257 3321 1395 3372 ὶένης.
1439 3317 1501 3362 sic
1530 3317 1789 3373 demagogus
1818 3331 1893 3359 vo-

141 3379 264 3416 catur
293 3369 515 3426 βάσκανος
537 3373 735 3436 Ἐριννύς
763 3377 942 3434 Dionys.
973 3324 1191 3422 11111111μ
1209 3375 1436 3421 45.1868
