2158 3848
809 216 1263 260 oaPHICA.
1624 160 1633 170 ⁹
1799 201 1925 263 485

149 374 239 432 σῳ
268 349 338 412 δὲ
369 354 524 412 θεοῦ
568 346 915 430 πρόςωπον,
961 345 1119 422 ἔχειν
1161 342 1231 405 δὲ
1275 334 1380 405 καὶ
1423 344 1520 405 ἐπὶ
1563 353 1691 406 τῶν
1734 348 1927 427 ὤμων

146 451 385 531 πτέρα,
454 444 833 528 ὠνομάσθαι
892 441 962 505 δὲ
1027 440 1348 526 χρόνον
1396 441 1747 528 ἀγήραον
1822 447 1928 508 καὶ

136 549 525 630 Ἡρακλῆα
581 544 692 608 τὸν
729 541 936 621 ,αὐτόν
953 543 1054 623 [⁸]·
1116 548 1394 630 συνεῖναι
1453 541 1525 605 δὲ
1586 543 1758 625 αὐτῷ
1810 544 1925 622 τὴν

135 645 458 730 Ἀνάγκην,
503 641 698 727 φύσιν
741 641 947 716 οὖσαν,
983 643 1100 722 τὴν
1145 643 1342 724 αὐτὴν
1384 643 1489 706 καὶ
1525 639 1924 725 Ἀδράστειαν

142 743 479 826 ἀσώματον
550 743 1062 829 ὃιωργυιωμένην
1130 745 1199 806 ἐν
1269 743 1461 807 παντὶ.
1526 750 1616 825 τῷ
1687 739 1954 823 κόσμῳ.

136 852 267 907 τῶν
309 840 597 926 περάτων
657 845 856 906 αὐτοῦ
912 843 1363 925 ἐφαπτομένην.
1459 840 1707 921 Ταύτην
1749 841 1923 923 οἶμαι

138 944 426 1029 λέγεσθαι
480 943 597 1023 τὴν
649 942 868 1026 τρίτην
923 941 1154 1024 ἀρχὴν,
1217 942 1377 1020 πλὴν
1431 942 1526 1003 ὅτι
1570 939 1921 1023 ἀρσενόθη-

138 1052 253 1107 λυν
309 1043 507 1122 αὐτὴν
562 1040 946 1121 ὑπεστήσατο
1001 1060 1064 1119 Ρ.
1109 1040 1253 1100 381.
1337 1039 1759 1116 Hieronymus
1811 1042 1922 1118 igi-

135 1152 237 1203 tur
278 1161 404 1203 non
445 1161 485 1201 a
529 1139 773 1200 Chrono
831 1158 1008 1200 orsus
1064 1149 1158 1199 est
1199 1136 1309 1199 sed
1353 1139 1516 1209 hunc
1558 1158 1634 1198 ex
1678 1137 1920 1199 duobus

132 1242 455 1321 principiis
496 1250 711 1300 natum
754 1238 962 1311 dixit,
988 1238 1232 1312 Solem,
1287 1247 1357 1297 ut
1405 1238 1680 1311 videtur,
1735 1239 1919 1318 signi-

131 1343 348 1414 ficanS‚
406 1339 796 1419 eundemque
840 1338 1171 1417 Herculem
1228 1340 1512 1412 vocavit,
1572 1337 1738 1398 unde
1793 1358 1920 1400 car-

130 1442 318 1501 minis
362 1443 607 1501 novitas
651 1448 928 1519 apparet.
1015 1437 1174 1499 Nam
1198 1438 1488 1499 Herculis
1521 1457 1749 1499 nomen
1792 1458 1917 1499 non

130 1543 304 1622 prius
359 1541 492 1602 Soli
520 1537 1001 1609 accommodari
1054 1540 1288 1618 potuit,
1349 1523 1536 1619 quam
1592 1537 1939 1599 duodecim-

131 1641 302 1700 athla
317 1643 406 1720 [⁸⁸]
466 1649 529 1699 et
571 1638 830 1698 totidem
877 1638 1119 1698 zodiaci
1161 1639 1350 1716 signa·
1377 1628 1711 1701 constituta
1753 1648 1915 1712 sunt,

133 1751 196 1800 et
238 1741 419 1818 hujus
476 1739 727 1799 demum
784 1739 1150 1818 obliquitate
1192 1749 1440 1819 reperta
1500 1739 1777 1803 effectum
1824 1747 1917 1797 est

132 1851 202 1900 ut
256 1841 366 1901 Sol
422 1839 692 1918 aliquam
750 1858 888 1898 cum
942 1849 1227 1918 serpente
1281 1837 1753 1898 similitudinem
1810 1838 1916 1896 ha-

130 1940 275 2000 bere
317 1939 648 2001 videretur.
734 1939 946 2020 Neque
989 1939 1106 1998 hoc
1149 1938 1350 1998 solum
1395 1943 1568 1999 inter-
1591 1947 1916 2017 utrumque

131 2037 663 2121 Cosmographum
708 2039 916 2099 differt
958 2037 1070 2098 sed
1113 2040 1300 2098 etiam
1352 2034 1501 2111 hoc,
1558 2037 1723 2117 quod
1766 2037 1915 2097 Hie-

127 2158 428 2217 ronymus
488 2139 607 2200 deo
668 2157 781 2198 suo
843 2141 1108 2199 formam
1162 2139 1464 2218 serpentis
1526 2147 1592 2196 et
1647 2139 1768 2198 tria
1823 2136 1915 2196 di-

130 2241 297 2302 versi
340 2241 576 2318 generis
622 2241 826 2318 capita
867 2238 1117 2317 affingit,
1158 2239 1265 2298 ille
1310 2247 1515 2298 autem
1561 2239 1749 2318 capiti
1793 2257 1916 2297 ser-

130 2340 387 2420 pentino
444 2341 579 2400 sive
634 2341 842 2420 potius
900 2338 1307 2419 serpentifero
1360 2339 1472 2397 ilia
1515 2339 1775 2398 taurinis
1820 2356 1916 2396 ca-

130 2439 366 2519 pitibus
412 2440 606 2499 cincta
649 2439 993 2518 subjungit,
1051 2449 1120 2498 ut
1161 2446 1335 2518 patet
1391 2457 1476 2497 ex
1519 2437 1914 2518 sequentibus

130 2540 453 2599 Damascii
513 2539 750 2617 verbis,
820 2540 1039 2619 quibus
1101 2537 1405 2619 Orphieae
1467 2537 1915 2617 Cosmogoniae

131 2637 607 2719 descriptionem
651 2639 949 2702 absolvit:
1012 2640 1135 2703 Καὶ
1179 2639 1610 2724 ὑπολαμβάνω
1671 2640 1787 2718 τὴν
1846 2644 1914 2701 ἐν

132 2746 266 2809 ταῖς
303 2739 681 2822 Ῥαψῳὸίαις
723 2741 1060 2827 θεολογίαν
1105 2743 1373 2822 ἀφεῖσαν
1416 2740 1528 2810 τὰς
1582 2739 1698 2803 δύο
1743 2737 1912 2822 προό-

135 2864 245 2908 τας
289 2839 486 2921 άρχάς
530 2840 687 2921 μετὰ
729 2849 836 2919 τῆς
878 2850 1026 2923 μιᾶς
1082 2840 1201 2923 πρὸ
1258 2848 1389 2903 τῶν
1441 2840 1624 2904 δυοῖν
1678 2848 1784 2918 τῆς
1837 2846 1911 2918 τῇ

138 2946 277 3023 σιγῇ
294 2939 367 3019 [²]
438 2940 902 3023 παραδοθείσης
972 2942 1094 3004 ἀπὸ
1156 2949 1263 3021 τῆς
1321 2940 1528 3023 τρίτης
1586 2939 1743 3021 μετὰ
1801 2939 1911 3007 τὰς

256 3073 319 3129 [⁸]
351 3075 546 3119 Praetuli
575 3076 767 3132 poeticas
798 3078 956 3121 formas
985 3078 1176 3134 vulgatis
1207 3074 1434 3135 ἀγήρατον
1464 3080 1508 3118 et
1533 3074 1769 3135 “ΙΙρακλέα,
1801 3088 1910 3131 quas

139 3131 412 3175 Jablonskius
440 3135 598 3177 retinet.
627 3136 681 3177 de
711 3140 829 3178 terra
857 3136 987 3180 Josen
1016 3137 1177 3194 opusc,
1210 3137 1267 3178 T.
1297 3136 1355 3177 11.
1387 3150 1428 3191 p.
1457 3135 1557 3178 222.

256 3189 333 3245 [⁸⁸]
365 3205 406 3232 v-
435 3193 589 3249 Hymn.
621 3194 758 3250 Orph.
789 3194 891 3237 XII.
924 3195 1133 3237 10-12,
1187 3196 1350 3237 Horum
1382 3193 1592 3237 minimam
1623 3196 1786 3250 partem
1813 3192 1909 3234 Ho-

136 3263 252 3292 mero
294 3255 435 3291 notam
475 3251 607 3295 fuisse
647 3259 816 3295 veteres
858 3253 1011 3297 Critici
1054 3254 1223 3297 docent.
1266 3269 1306 3295 v.
1351 3252 1497 3295 Schol.
1539 3253 1651 3296 Vict.
1682 3251 1738 3295 ad
1767 3250 1818 3294 11.
1857 3253 1906 3293 T.

141 3305 237 3351 133.
268 3314 313 3349 ct
347 3310 398 3350 Θ.
427 3305 528 3352 368.

258 3365 320 3422 [t]
355 3365 429 3409 Sic
459 3368 625 3412 correxi
657 3369 873 3425 vulgatum
905 3372 978 3424 τῆς
1008 3374 1134 3429 σιγῆς
1166 3369 1515 3431 παραδοθείσης.
