2158 3848
755 248 1328 295 ELEUSINIA.
1810 238 1930 297 197

156 387 233 446 ab
274 385 451 444 initio
471 432 474 433 γ
497 382 840 461 congregati
893 389 1027 439 tum
1083 383 1148 439 in
1191 390 1511 460 posterum
1554 383 1775 441 retenti
1832 383 1926 443 vi-

154 486 387 544 dentur·
494 480 696 554 Quam
728 482 1251 542 criminationem
1316 479 1436 540 sibi
1500 479 1924 540 incredibilem

150 584 348 646 videri
389 581 685 661 permulti
715 582 1044 640 ‘testificati
1086 590 1274 655 sunt,
1334 599 1445 640 *cur
1465 589 1704 640 autem
1760 579 1925 639 credi

147 702 270 742 non
311 682 527 762 possit,
573 680 899 740 ostendere
942 681 1433 760 supersederunt.
1477 712 1479 714 ·
1520 679 1590 740 Si
1626 697 1777 742 vero
1822 699 1924 738 eoa

144 802 279 841 rum
307 781 474 840 fides
517 783 798 840 maxime
831 791 1125 862 suspecta
1168 792 1296 856 est,
1364 782 1473 861 qui
1515 781 1650 842 veri
1706 799 1924 859 cogno-

143 880 350 940 scendi
391 881 716 939 minimam
763 881 1121 942 facultatem
1164 883 1538 954 habuerunt,
1594 882 1800 940 nescio
1845 899 1925 940 an

140 982 390 1039 illorum
435 983 804 1061 scriptorum
847 984 1051 1042 nullus
1109 981 1190 1041 ad
1231 979 1729 1061 persuadendum
1772 981 1922 1039 satis

141 1082 521 1141 auctoritatis
606 1081 847 1140 habeat.
959 1079 1340 1141 Clementem
1407 1078 1922 1152 Alexandrinum,

141 1181 483 1243 Arnobium
541 1189 604 1239 et
657 1180 892 1242 Julium
945 1182 1285 1259 Firmicum
1354 1182 1578 1240 scimus
1636 1198 1675 1239 a
1730 1181 1922 1257 genti-

138 1284 291 1341 lium
333 1284 520 1341 sacris
565 1281 646 1341 ad
687 1292 900 1342 nostra
954 1284 1274 1342 transiisse
1324 1299 1520 1360 neque
1565 1279 1920 1339 dubitamus

138 1385 286 1462 quin
343 1383 744 1460 flagitiorum,
811 1382 1031 1462 quibus
1065 1384 1320 1455 .lsiaca,
1384 1379 1792 1440 Bacchanalia
1860 1388 1923 1438 et

137 1480 460 1541 Mithriaca
512 1484 713 1563 pollui
754 1483 1202 1557 vociferantur,
1275 1491 1382 1541 aut
1435 1482 1560 1561 ipsi
1613 1489 1799 1539 testes
1859 1487 1922 1536 et

137 1592 510 1662 spectatores
535 1583 766 1643 fuerint
779 1584 885 1665 [¹²],
939 1593 1048 1643 aut
1078 1603 1118 1643 a
1151 1582 1599 1663 spectatoribus
1630 1581 1920 1639 notitiam

138 1683 493 1762 acceperint.
577 1683 910 1742 Eleusiniis
953 1702 1135 1743 nemo
1193 1683 1443 1741 illorum
1486 1701 1554 1741 se
1606 1683 1919 1741 initiatum

138 1801 270 1841 esse
305 1784 654 1861 profitetur,
712 1802 783 1842 ac
818 1803 896 1842 ne
935 1785 1000 1842 in
1037 1782 1244 1842 Attica
1286 1781 1533 1861 quidem
1578 1798 1918 1840 commora-

137 1894 294 1956 tum3
322 1892 571 1961 totaque
597 1901 814 1942 eorum
839 1883 1179 1962 disputatio
1209 1881 1495 1954 ostendit,
1525 1882 1784 1940 crimina
1810 1879 1920 1937 illa

132 1984 360 2063 partim
405 2001 491 2041 ex
526 1983 787 2041 historia
815 1981 1084 2042 fabulari
1123 1983 1377 2043 collecta
1411 1983 1639 2063 partim
1672 2001 1707 2039 e
1751 1998 1918 2039 com—

134 2085 307 2143 muni
344 2102 657 2142 sacrorum
689 2084 1094 2159 mysticorum
1136 2084 1396 2144 infamia
1440 2081 1723 2144 derivata
1765 2099 1916 2139 esse.

133 2182 292 2242 Nam
315 2184 459 2263 quia
478 2184 559 2243 'in
583 2185 942 2244 universum
969 2183 1289 2243 constabat
1312 2183 1788 2260 uniuscujusque
1814 2178 1917 2238 dei

136 2284 482 2342 cerimoniis
515 2283 850 2359 imaginem
886 2302 1123 2356 eorum,
1171 2302 1329 2363 quae
1364 2285 1501 2363 ipse
1538 2282 1783 2340 fecisset
1820 2287 1915 2337 tu—

133 2382 403 2454 lissetve,
447 2383 761 2455 contineri,
805 2401 931 2442 non
966 2383 1349 2456 dubitabant,
1394 2384 1541 2462 quin
1571 2382 1619 2439 ii
1650 2380 1914 2459 turpiter

134 2482 474 2540 colerentur
493 2524 510 2553 ,
555 2483 661 2561 qui
702 2482 900 2541 multa
942 2486 1202 2562 turpiter
1245 2484 1463 2542 fecisse
1507 2479 1910 2541 crederentur.

131 2582 343 2661 Itaque
398 2582 588 2639 etiam
646 2584 1052 2659 argumentati
1101 2592 1275 2656 sunt,
1311 2581 1636 2663 'quidquid
1691 2589 1913 2660 poetae

134 2681 211 2739 de
257 2679 523 2757 Cybelae
575 2680 678 2740 vel
737 2678 975 2741 Cereris
1031 2682 1408 2763 Liberaeque
1463 2683 1692 2763 stupris
1747 2690 1910 2740 retu-

132 2781 362 2854 lissent,
406 2779 621 2840 eadem
647 2783 876 2841 'omnia
917 2784 984 2841 in
1028 2786 1216 2843 sacris
1261 2802 1470 2843 earum
1517 2783 1772 2841 dearum
1817 2779 1909 2838 di-

136 2883 246 2940 ctis
289 2882 584 2959 factisque
639 2884 1111 2943 sacrificantium
1170 2883 1501 2964 impudicis
1560 2881 1905 2940 instaurari.

136 2977 274 3038 Huc
328 2990 460 3039 tota
512 2979 674 3039 redit
727 2981 1186 3061 Athenagorae,
1258 2981 1484 3042 Justini
1542 2990 1603 3039 et
1661 2979 1907 3039 Tatiani

254 3113 318 3170 [⁸]
349 3115 525 3159 Tatian.
568 3116 666 3159 adv.
710 3117 868 3162 Graec.
908 3135 949 3177 p.
983 3119 1080 3163 165.
1112 3122 1163 3163 A.
1204 3122 1342 3162 ταῦτα
1373 3110 1455 3162 οὖν
1483 3114 1619 3172 ἰδών,
1652 3118 1716 3161 ἔτι
1747 3116 1797 3160 δὲ
1828 3118 1903 3159 καὶ

136 3175 228 3215 τῶν
264 3179 517 3234 μυστηρίων
557 3174 822 3233 μεταλαβὼν
860 3180 937 3222 καὶ
979 3177 1057 3228 τὰς
1086 3176 1210 3236 παρὰ
1240 3180 1353 3221 πᾶσι
1381 3180 1622 3236 θρησκείας
1654 3170 1904 3234 δοκιμάσας

138 3228 213 3271 διὰ
249 3231 502 3290 θηλυδριῶν
541 3235 618 3276 καὶ
658 3232 797 3294 ἄνδρα
833 3232 950 3280 ὑνων
991 3239 1341 3294 συνισταμένας,
1383 3233 1530 3294 εὑρὼν
1569 3234 1618 3278 δὲ
1662 3232 1786 3292 παρὰ
1814 3233 1902 3290 μὲν

131 3286 364 3345 Ῥωμαίοις
390 3288 469 3334 τὸν
495 3288 744 3348 Λατιάριον
808 3298 856 3337 ta
885 3291 1066 3355 λύθροις
1087 3290 1347 3347 ἀνθρώπων
1374 3289 1667 3352 τερπόμενον,
1690 3288 1902 3349 Ἄρτεμιν

139 3346 187 3390 δὲ
221 3346 273 3389 οὐ
288 3346 483 3450 ἔμακρὰν
510 3352 584 3403 τῆς
611 3348 784 3402 πόλεως
811 3354 901 3396 τῶν
930 3354 1078 3398 αὐτῶν
1107 3351 1314 3413 πράξεων
1343 3350 1393 3396 τὸ
1423 3347 1541 3403 Εἶδος
1562 3347 1762 3408 (αἶσχος)
1783 3349 1899 3395 ἔπα-

139 3418 284 3464 νῃρημ
311 3419 405 3458 νην.
