2158 3848
227 196 354 255 730
763 204 997 247 muna
1042 203 1470 246 SECUNDUS.

229 343 493 414 τελετῆς,
552 337 769 417 ἄψυχα
814 337 971 399 εἶναι
1016 337 1120 397 καὶ
1165 336 1556 420 οἷνενὲργητα.
1614 331 1774 390 Hinc
1820 334 2002 390 etiam

228 436 335 494 illa
378 434 649 514 pendent
694 445 1022 516 praecepta
1065 435 1510 512 Theurgorum,
1554 428 1864 511 quomodo
1906 450 2000 489 cu-

219 537 448 614 jusque
493 533 592 591 dei
634 522 962 594 simulacra
1005 535 1364 593 fabricanda
1391 545 1450 593 et
1486 529 1832 593 decoranda
1866 521 2007 601 sint,

227 653 489 716 operose
535 632 936 708 tradentium‘3
980 639 1249 711 namque
1294 637 1352 695 οἱ
1393 632 1667 695 τελεσταὶ
1703 628 2007 712 συμπαθῆ

231 743 548 802 ποιοῦντες
591 733 670 794 τοὶ
713 719 1034 812 τῇδε-τοῖς
1079 738 1284 804 θεοῖς,
1323 737 1603 815 χρῶνται
1645 728 2009 815 τοῒςόργά-

231 831 647 903 ’νοιςτούτοις
691 833 982 915 (κερκίδι,
1028 830 1338 914 σκήπτρῳ,
1385 830 1602 910 κλειὸί)
1647 833 1730 901 ὥς
1767 829 2007 910 συνθή-

226 956 380 1015 μασι
422 939 553 996 τῶν
594 932 792 996 θείων
835 931 1170 1014 δυνάμεων
1226 931 1418 1022 Procl.
1474 932 1541 990 in
1587 927 1749 990 Crat.
1806 950 1866 1010 p.
1911 933 2010 990 28.

227 1032 393 1114 quod
454 1042 523 1091 ut
579 1032 899 1112 proprium
958 1051 1170 1092 eorum
1228 1047 1451 1090 munus
1496 1032 1775 1114 exsiugnat
1815 1030 2013 1089 Maxi-

228 1125 365 1194 mus
421 1132 567 1208 Tyr.
624 1131 702 1190 X.
766 1131 904 1191 176.
958 1134 1036 1195 τὰ
1094 1131 1410 1214 ἱδρύματα
1469 1132 1560 1200 οἷς
1613 1133 2014 1214 περιέβαλλον

230 1236 288 1295 οἱ
328 1232 604 1296 τελεσταὶ
639 1233 884 1313 χρυσὸν
927 1234 1033 1294 καὶ
1068 1235 1348 1316 ἄργυρον
1384 1232 1489 1292 καὶ
1521 1233 1817 1301 πέπλουςτ
1865 1249 2012 1312 quo—

226 1351 366 1392 rum
437 1330 694 1402 indutu,
765 1331 980 1389 ceteris
1039 1331 1389 1410 crepundiis
1447 1339 1509 1388 et
1566 1330 2013 1391 characteribus

228 1435 362 1492 sive
423 1431 590 1488 notis
648 1431 898 1506 magicis
957 1428 1110 1487 effici
1155 1428 1513 1488 credebatur
1555 1441 1626 1487 ut
1669 1433 1879 1490 anima
1923 1431 2014 1490 di-

226 1511 377 1593 vina
421 1530 766 1589 simulacris
811 1546 948 1588 sese
990 1531 1332 1588 insinuaret
1375 1547 1598 1588 arcana
1632 1529 2014 1611 signpiostff}

226 1631 433 1711 Atque
465 1631 594 1689 ,hoc
634 1630 895 1688 fortasse
932 1631 1118 1689 etiam
1149 1632 1385 1688 auctori
1416 1629 1874 1689 Hierostolicon
1910 1630 2016 1689 ‹lo-

230 1751 365 1793 cere
429 1731 823 1811 propositum
894 1737 1040 1788 erat.
1117 1730 1422 1788 Plutarch.
1482 1727 1704 1801 Quom.
1761 1729 1878 1789 Ad.
1935 1731 2014 1790 ab

228 1833 370 1895 Am.
407 1832 578 1909 dign.
622 1829 911 1891 XXXVI.
948 1830 1092 1889 211.
1136 1831 1206 1889 F.
1246 1829 1377 1889 VII.
1421 1829 2017 1912 καταστολιζόμενον

230 1935 426 2015 ὥςπερ
497 1933 746 2016 ἄγαλμα
814 1929 1212 2013 βαρβαρικόν
1279 1938 1350 1989 ut
1406 1929 1663 1989 Veneris
1719 1930 2012 2010 Paphiae,

228 2033 499 2093 Mithrae
540 2039 603 2088 et
626 2028 1075 2110 Aegyptiorum
1117 2032 1440 2089 numinum
1485 2029 1812 2090 simulacra
1856 2053 2015 2114 συμ-

229 2137 495 2216 βολικιῦς
550 2130 857 2211 ἱδρυμένα
914 2129 1228 2202 dicuntur,
1285 2131 1398 2193 τὸν
1444 2129 1829 2212 συμβολικὸν
1869 2130 2016 2212 τρό-

227 2254 383 2304 πον,
430 2225 480 2312 ᾧ
522 2227 844 2312 βάρβαροι
887 2228 1115 2300 πάντες
1158 2234 1218 2300 ἐς
1259 2254 1340 2292 τα
1383 2230 1518 2313 ἱερὰ
1552 2237 1834 2314 χρῶνται
1876 2230 2016 2292 Phi-

231 2332 401 2393 losti-
461 2329 534 2388 V.
587 2328 707 2409 Ap.
751 2331 827 2390 II.
872 2330 973 2390 24.
1018 2331 1119 2389 77.
1165 2341 1227 2389 et
1270 2329 1473 2390 Olear.
1517 2339 1644 2390 not.
1689 2330 1790 2391 De
1832 2329 2018 2393 Cata-

234 2432 480 2489 zosticis
525 2430 677 2490 nihil
721 2440 1016 2510 superest.

353 2599 415 2655 [⁰]
450 2598 589 2653 Vulgo
623 2598 705 2640 hoc
736 2599 913 2640 verbum
945 2600 1103 2642 dicitur
1132 2600 1187 2642 de
1217 2601 1452 2644 animarum
1473 2601 1518 2642 in
1544 2614 1727 2656 corpora
1752 2601 2014 2645 nascentium

233 2657 512 2708 transitione,
551 2653 577 2710 ἡ
619 2673 693 2705 wg-
721 2652 869 2712 ψυχῆς
899 2671 935 2699 ει
923 2661 1106 2716 ἴςκρισις
1134 2658 1360 2726 Philopon.
1391 2659 1445 2700 de
1476 2658 1627 2701 Mund.
1658 2658 1807 2701 Creat.
1839 2659 1913 2700 VI.
1943 2658 2015 2703 25.

234 2716 335 2759 597.
366 2717 416 2758 A.
458 2713 536 2764 τὰς
577 2712 728 2771 ψυχὰς
757 2728 794 2757 ει
779 2717 1055 2772 ἷςκρίνεσθαι
1086 2727 1268 2774 σωμασι
1299 2717 1427 2758 Philo
1459 2716 1513 2758 de
1545 2715 1695 2758 Mund.
1725 2730 1770 2772 p.
1806 2716 1932 2760 1151.
1962 2719 2016 2761 B.

233 2775 393 2831 Porph.
424 2774 547 2816 Abst.
577 2767 615 2815 I.
648 2772 717 2814 19.
747 2773 859 2815 unde
887 2775 1149 2815 transfertur
1178 2773 1232 2816 ad
1264 2774 1513 2816 daemonum
1553 2779 1598 2816 et
1625 2774 1670 2816 in
1701 2779 1868 2817 statuas
1899 2780 1944 2818 et
1972 2778 2016 2819 in

233 2834 425 2876 homines
464 2831 796 2874 insinuationem
835 2833 1070 2888 magicam,
1114 2836 1162 2874 ut
1188 2833 1234 2874 in
1263 2833 1461 2875 Hecatae
1490 2833 1664 2875 oraculo
1694 2832 1857 2877 Euseb.
1888 2835 1943 2877 V.
1975 2836 2016 2877 8.

237 2891 334 2935 194.
366 2890 549 2948 Niceph.
566 2904 621 2962 p.
651 2888 752 2933 368.

496 2947 612 2998 Τοὺς
639 2949 728 3022 μὲν
757 2945 1028 3008 ἀπορῤήτοις
1056 2944 1202 3019 ἐρύων
1232 2950 1392 3019 ἲύγξιν
1409 2948 1482 2991 ἀπ’
1518 2951 1680 3008 αἴθρης

493 3007 675 3079 ῥηιδίως
704 3006 917 3057 ἀέκοντας
945 3008 1022 3051 ἐπὶ
1043 3003 1197 3064 χθόνα
1227 3007 1335 3050 δῖαν
1363 3003 1573 3066 ἄγεσθαι,

493 3081 599 3114 τους
628 3065 678 3110 δὲ
707 3069 875 3138 μέσους
903 3063 1165 3124 μεσάτοισιν
1194 3066 1539 3139 ἐπεμβεβαωτας
1568 3062 1720 3119 ἀήταις

494 3120 636 3182 νόσφι
664 3123 808 3183 πυρὸς
835 3128 980 3168 θείοιο
1011 3128 1282 3197 πανομφέας
1312 3121 1459 3185 ὥςπερ
1490 3124 1694 3182 ὀνείρους

490 3185 717 3253 εῖςκρίνεις
745 3179 1023 3242 μερόπεσσιν
1051 3181 1201 3227 ἀεικέα
1231 3183 1455 3242 δαίμονας
1482 3182 1643 3243 ερδων.

240 3241 315 3283 ubi
360 3254 439 3296 pro
483 3241 589 3284 δῖαν
628 3237 825 3299 ἄγεσθαι
861 3242 1133 3298 Nicephorus
1176 3241 1254 3284 δῖα
1294 3245 1505 3299 κατῆγες,
1547 3256 1649 3284 vero
1680 3241 1799 3297 (δῖε)
1827 3240 2014 3313 propius.

243 3300 309 3341 De
350 3299 645 3343 characterum
688 3301 888 3343 efficacia
926 3300 1190 3343 Jamblichus
1219 3300 1351 3356 Myst.
1384 3301 1458 3343 VI.
1492 3315 1528 3342 c
1559 3299 1600 3342 6
1633 3297 1656 3343 ὃ
1687 3297 1910 3357 θεουργὸς
1938 3298 2014 3343 διὰ

243 3357 324 3411 τὴν
356 3353 553 3416 δύναμιι
584 3362 670 3404 τῶν
702 3356 966 3422 ἄποῤῥήτων
997 3355 1299 3418 σινθημάτων
1329 3355 1548 3405 ἐπιτάττει
1577 3363 1667 3409 τοῖς
1697 3362 1941 3416 κοσμικοῖς.
