2176 3886
227 187 304 250 12
796 199 1045 253 χωΒΕιιν,
1087 199 1396 245 PRIMUS.

222 331 347 415 μόν
401 333 528 392 ἐστι
583 331 743 394 κατὰ
797 339 953 396 νοῦν
997 332 1243 402 ἐκείνοις
1286 333 1662 415 δωρεῖσθαι,
1708 332 1875 414 παρὰ
1920 332 1989 394 δὲ
2046 375 2063 381 «-

224 429 473 494 ἐκείνων
524 430 730 509 εὐχαῖς
786 438 1002 510 κτῆσιν
1045 434 1314 517 ἀγαθῶν
1355 427 1822 511 κτήσασθαι[”].
1909 431 1991 490 Et

225 529 448 603 Stoici,
503 538 574 588 ut
615 527 875 588 efficiant
917 532 1262 610 sapientem
1306 528 1585 589 eundem.
1611 530 1993 590 sacerdotem

224 647 388 702 esse,
455 627 638 706 hujus
693 627 891 688 officia
943 631 1035 689 ita
1090 629 1412 690 definiunt:
1481 630 1595 693 τὸν
1648 630 1808 710 ἱερέα
1863 631 1994 695 δεῖν

225 731 512 812 ἔμπειρον
566 728 723 790 εἶναι
779 726 995 809 νόμων
1045 737 1175 792 τῶν
1217 730 1355 811 περὶ
1395 729 1626 798 θυσίας
1669 729 1776 791 καὶ
1817 728 1994 811 ἱδρύ-

226 849 346 898 σεις
399 827 505 890 καὶ
557 827 638 888 τὰ
692 835 950 890 τοιαῦτα
1007 827 1179 887 stob.
1234 829 1362 887 Ecl.
1425 829 1548 889 VII.
1596 829 1693 888 12.
1738 847 1995 910 quarum

222 945 427 986 rerum
482 926 753 985 rationes
811 929 1155 1005 cognitione
1210 927 1468 987 deorum
1513 930 1839 1002 contineri,
1881 930 1997 988 hoc

223 1035 318 1085 est
372 1024 578 1085 studio
633 1026 1060 1107 philosophiae
1077 1030 1168 1109 [⁰].
1253 1029 1498 1108 Eosque
1549 1047 1809 1108 sequens
1851 1029 1998 1087 Por-

223 1126 484 1206 phyrius
557 1125 636 1185 de
701 1126 876 1187 Abst.
942 1129 1018 1188 ΙΙ.
1086 1129 1188 1188 49.
1244 1148 1304 1210 p.
1366 1129 1503 1190 192.
1551 1128 1999 1210 philosophum

225 1227 432 1285 omnia
474 1225 861 1287 sacerdotum
904 1229 1118 1288 munia
1160 1229 1485 1309 complecti
1529 1228 1859 1302 contendit,
1890 1235 1999 1286 ut-

224 1335 371 1406 pote
431 1328 720 1409 ἓμπειρον
773 1336 883 1406 τῆς
938 1326 1235 1411 ἱδρύσεως
1275 1338 1406 1393 τῶν
1450 1327 1844 1415 ἀγαλμάτων.
1869 1335 2000 1390 τῶν

223 1451 288 1488 τε
332 1426 695 1511 ὀργιασμῶν
734 1427 849 1487 καὶ·
880 1436 1174 1501 τελετῶν,
1228 1437 1359 1492 τῶν
1401 1426 1779 1511 καθάρσεούν
1819 1451 1883 1489 τε
1905 1422 1999 1506 [⁶]-

223 1525 313 1585 Hi
364 1526 550 1603 igitur
606 1543 793 1604 quum
849 1545 976 1584 non
1029 1525 1448 1588 sacerdotibus
1490 1527 2003 1608 philosophorum

226 1625 544 1683 scientiam
599 1623 710 1682 sed
764 1623 860 1683 his
902 1644 1108 1683 rerum
1151 1628 1579 1686 sacrificalium
1627 1628 2003 1686 intellectum

224 1723 528 1797 tribuunt,
581 1722 699 1781 hoc
749 1724 923 1803 ipso,
980 1742 1161 1802 quam
1221 1725 1422 1785 aliena
1471 1727 1594 1801 illis
1637 1726 1868 1785 fuerint
1908 1743 2005 1784 sa-

224 1824 496 1904 pientiae
538 1820 773 1895 studia,
827 1831 1116 1888 testatum
1159 1824 1406 1884 faciunt.
1503 1825 1645 1885 Non
1687 1824 2005 1885 abnuerim

226 1924 507 1995 interim,
548 1941 739 1981 unum
782 1922 1125 1984 alterumve
1169 1942 1379 1984 eorum
1425 1926 1703 1984 animum
1747 1925 1828 1985 ad
1871 1925 2005 2006 phi-

199 2022 577 2102 losophiam
630 2021 1013 2102 applicuisse
1043 2023 1113 2103 [⁶]
1172 2026 1624 2106 sententiasque
1685 2024 2005 2085 doctorum

229 2123 552 2182 hominum
608 2131 671 2182 et
713 2124 981 2200 cognitas
1022 2123 1309 2184 habuisse
1353 2135 1414 2185 et
1455 2128 1524 2185 in
1565 2138 1881 2187 sacrorum
1923 2127 2007 2184 ri-

230 2231 406 2282 tuum
462 2223 967 2305 interpretatione
1021 2242 1154 2284 esse
1209 2235 1561 2306 sequutum3
1619 2226 1728 2287 sed
1782 2226 1850 2286 id
1893 2244 2007 2285 sua

350 2420 417 2478 [b]
459 2421 560 2463 vox
602 2421 727 2478 quasi
755 2422 977 2473 solemnis3
1023 2422 1270 2484 εὐχομένου
1300 2428 1380 2470 τοῦ
1407 2427 1560 2487 ἱερέως
1587 2423 1767 2471 διδόναι
1795 2429 1887 2476 τοῖς
1913 2426 2005 2468 Αἲ-

232 2477 555 2580 ζῗῑῖῗῖῑὲὶηξοῆῑ,
582 2478 1291 2584 θιξέἔὲἣτῖζῗθέ.ωῗ,ῖᾞι,ἔί“νὲ·
1319 2485 1473 2585 {⁸⁶2¹}ss
1489 2486 1596 2599 ἶὶἷ·
1616 2486 2007 2598 330500123‘22‘25

236 2596 332 2637 101.
373 2597 448 2639 ubi
488 2598 568 2639 τοῦ
608 2593 799 2656 κήρυκος
837 2570 1086 2655 εὖχομένσυ
1128 2572 1210 2640 etc..
1248 2573 1408 2655 legitur
1445 2575 1494 2644 ut
1534 2574 1762 2644 Herodot.⁸
1786 2601 1866 2646 VI.
1910 2574 2006 2642 ⁰111:

235 2653 380 2697 Schol.
409 2654 544 2697 Arist.
573 2655 684 2697 Avv.
714 2654 813 2697 880.
871 2656 1182 2713 Spartanorum
1219 2656 1327 2714 εὐχὴ
1372 2656 1551 2704 διδόναι
1579 2659 1634 2703 τὰ
1664 2657 1779 2703 καλὰ
1809 2659 1887 2703 ἐπὶ
1915 2663 2007 2707 τοῖς

236 2711 428 2770 ἀγαθοῖς
469 2713 582 2755 Plut.
611 2713 716 2756 Inst.
747 2713 937 2756 Laconn.
967 2729 1010 2771 p.
1041 2714 1141 2761 253.
1173 2715 1229 2758 T.
1261 2717 1302 2758 8.

353 2785 417 2843 [⁰]
449 2801 491 2828 v.
535 2785 711 2842 Menag.
751 2785 807 2828 ad
845 2786 973 2843 Diog.
1002 2788 1103 2830 VII.
1134 2788 1230 2831 119.
1282 2790 1519 2833 Gatacker.
1559 2791 1615 2834 ad
1645 2791 1708 2834 Μ.
1739 2791 1894 2833 Anton.
1925 2789 2008 2832 ΙΙΙ.

236 2840 277 2885 4.
307 2843 378 2887 69.
437 2844 572 2887 Orell.
602 2844 659 2887 ad
688 2844 847 2902 opusc.
878 2845 1072 2889 Sentent.
1103 2847 1160 2889 T.
1190 2848 1226 2889 I.
1255 2862 1298 2905 p.
1326 2848 1426 2890 462.

353 2912 416 2973 [d]
447 2916 571 2959 Haec
608 2916 684 2959 ille
722 2917 899 2960 subdole
927 2933 1083 2962 causae
1112 2934 1215 2963 suae
1244 2921 1481 2977 praestruit
1495 2937 1509 2974 3
1550 2921 1698 2965 melius
1726 2921 1978 2964 Damascius
1995 2937 2006 2962 =

239 2974 600 3031 φιλοσοφοῦντος
650 2973 732 3019 οὐκ
779 2977 874 3021 ἔστι
917 2976 1141 3036 μαντικὴν
1193 2980 1554 3038 ἐπαγγέλλεσθαι
1606 2979 1712 3026 οὐδὲ
1750 2978 1832 3035 τὴν
1871 2974 2009 3034 ἄλλην

240 3032 467 3090 ἱερατικτν
508 3030 758 3093 ἐπιστήμην
769 3067 782 3091 ,
815 3038 961 3094 χωρὶς
987 3035 1076 3095 γὰρ
1106 3034 1160 3080 τὰ
1188 3040 1280 3081 τῶν
1310 3035 1584 3096 φιλοσόφων
1612 3040 1689 3082 καὶ
1717 3040 1877 3098 ἱερέων
1907 3035 2009 3096 ὀρί-

241 3102 389 3148 σματα
418 3106 487 3148 ap.
517 3091 638 3134 Suid.
669 3108 703 3134 s.
726 3095 869 3152 χωρὶς
896 3093 951 3138 τὰ
972 3098 1164 3139 Μυσῶν.

360 3163 420 3220 [θ]
455 3163 597 3221 Saep
613 3178 638 3206 e
679 3166 890 3209 factum
929 3172 1014 3211 est
1053 3173 1109 3211 et
1147 3167 1282 3212 fieri
1322 3173 1517 3226 potest
1544 3175 1600 3213 ut
1628 3169 2010 3227 philosophus

243 3221 458 3278 aliquis
500 3222 565 3264 de
578 3236 724 3266 orum
763 3225 982 3283 suscipi
996 3232 1051 3270 at
1090 3226 1321 3270 sacerdo
1334 3226 1480 3272 tium.
1530 3228 1731 3271 Lactant.
1770 3228 1848 3271 IV.
1885 3228 1926 3272 3.
1962 3225 2010 3269 id

244 3280 358 3335 quod
400 3280 638 3337 Stilponem
676 3282 831 3326 fecisse
870 3291 1038 3329 constat
1075 3285 1296 3329 Plutarch.
1336 3286 1529 3331 Profect.
1569 3288 1669 3332 virt.
1699 3292 1806 3332 sent.
1836 3302 1878 3346 p.
1908 3284 2009 3329 262.

245 3338 303 3381 Τ.
333 3338 433 3382 VII.
463 3338 654 3398 aliosque
683 3342 836 3386 multos
863 3343 977 3389 infra
1004 3343 1289 3389 nominandos.
