2158 3848
261 216 344 278 96
849 232 1085 276 LIBER
1130 233 1439 278 PRIMUS.

260 367 380 425 θεν
424 362 549 424 ἀλλ’
596 398 678 408 -
724 362 794 423 Τ.
837 363 1030 426 XVII.
1080 366 1217 427 132.
1260 365 1470 444 Neque
1513 362 1629 422 hoc
1682 362 1778 422 bis
1821 370 2031 442 terque

258 462 404 521 fecit
457 461 568 522 sed
609 461 739 522 fere
784 465 1066 525 omnibus
1108 468 1259 525 locis
1301 463 1492 526 verba
1535 461 1617 521 ad
1657 463 2035 523 intellectum

257 564 596 622 sententiae
648 567 993 624 necessaria
1046 567 1337 636 resecuit,
1394 564 1596 622 aliena
1639 571 1701 620 et
1741 581 2036 642 superva-

258 681 446 723 canea
500 662 771 737 addidit,
836 666 1008 745 quasi
1062 683 1138 723 ex
1189 665 1364 743 ipsis*
1388 662 1648 722 oraculis
1693 660 2035 741 depromta,

257 771 320 825 et
371 781 568 843 neque
625 764 937 825 mendosis
950 808 968 838 ,
1026 783 1182 843 quae
1234 763 1432 822 multa
1484 771 1655 835 sunt,
1713 764 2034 821 correctio·
2094 811 2098 815 .

254 885 396 925 nem
464 863 778 939 adhibuit,
847 884 1043 945 neque
1115 863 1389 922 obscuris
1443 861 2035 942 interpretationem,

253 966 374 1024 nisi
416 965 591 1024 illam
632 966 1033 1026 Rufinianam.
1123 960 1297 1035 Quae
1340 962 1447 1021 ille
1494 963 1702 1020 omnia
1743 964 1875 1021 sine
1926 961 2037 1020 du-

252 1064 356 1123 bio
402 1065 564 1126 levia
609 1064 790 1132 ducet
833 1074 895 1124 et
934 1063 1304 1142 ignoscenda
1346 1061 1702 1122 hominibus
1743 1063 1810 1120 in
1860 1062 2039 1120 altio-

252 1183 391 1224 rum
447 1184 650 1224 rerum
708 1167 1074 1244 cogitatione
1131 1164 1345 1227 defixis
1401 1166 1620 1244 (very
1662 1152 2034 1242 pardona-

254 1264 377 1323 ble
444 1267 523 1324 in
589 1283 758 1324 men
826 1266 999 1324 who
1073 1285 1202 1324 are
1268 1267 1347 1324 in
1415 1264 1725 1344 pursuit
1779 1262 1862 1321 of
1903 1261 2038 1320 ‚the

251 1374 452 1425 most
493 1367 932 1445 important
975 1365 1228 1424 truths
1267 1364 1336 1423 T.
1380 1363 1550 1424 XXI.
1594 1362 1760 1440 117.)
1806 1361 2039 1420 Verum

253 1467 607 1539 enimvero,.
633 1483 670 1522 o
715 1464 889 1523 boni!
933 1466 1011 1527 τὰ
1055 1465 1588 1547 μικρά.μυεῒσι9αι
1618 1463 1737 1546 πρὸ
1767 1469 1900 1525 τῶν
1927 1486 2037 1545 με-

249 1564 482 1651 γάλων,
528 1565 639 1624 sic
681 1565 1008 1639 mystica
1051 1564 1175 1623 lex
1218 1571 1354 1636 est,
1398 1582 1595 1643 neque
1637 1581 1858 1640 magna
1894 1579 2040 1641 pro-

247 1664 446 1724 fessos
487 1682 685 1743 parva
713 1671 775 1721 et
803 1664 1064 1742 puerilia
1095 1665 1328 1722 nescire
1359 1663 1549 1722 decet.

418 1763 659 1822 Vellem
694 1762 978 1841 equidem
1022 1764 1135 1822 hac
1178 1773 1356 1844 parte
1380 1762 1843 1842 disputationiS,
1883 1778 2039 1841 quae

247 1866 316 1922 in
373 1863 635 1922 aliorum
672 1856 1162 1942 'reprehensione
1219 1873 1538 1932 consumta
1580 1872 1704 1936 est,
1758 1879 2039 1943 superse-

250 1961 396 2022 dere
439 1964 811 2043 potuissem.'
887 1962 1013 2021 Sed
1057 1965 1334 2042 quaestio
1379 1966 1547 2043 ipsa,
1607 1967 1675 2023 in
1717 1976 1912 2042 quam'
1945 1963 2039 2037 in-

244 2065 441 2141 gressi
484 2082 716 2135 sumuS,
760 2071 982 2122 natura
1024 2082 1135 2123 sua
1182 2082 1318 2123 cum
1364 2082 1439 2122 ea
1483 2081 1667 2123 causa
1717 2062 2042 2139 conjuncta

249 2172 372 2236 est,
427 2164 598 2240 cujus
654 2163 748 2222 illi
801 2165 1213 2243 patrocinium
1270 2172 1713 2244 susceperunt
1789 2163 2040 2221 Etenim

244 2261 327 2322 de
370 2265 807 2340 mysteriorum
852 2282 1071 2340 genere
1114 2265 1463 2343 quaerimus
1509 2282 1583 2322 eo
1628 2261 1795 2342 quod
1833 2281 1872 2321 a
1903 2262 2039 2321 Pla-

245 2365 492 2421 tonistis
549 2365 979 2423 auctoritatem
996 2407 1014 2436 ,
1071 2383 1110 2422 a
1165 2361 1490 2448 Chaldaeis
1546 2363 1814 2442 speciem
1859 2360 2040 2421 disci-

243 2461 453 2541 plinae
510 2466 774 2543 accepit,
840 2482 1100 2542 quorum
1143 2463 1286 2521 illos
1329 2464 1680 2522 Platonicae
1723 2462 2040 2522 doctrinae

244 2562 612 2641 interpretes
655 2563 1166 2642 perfectissimos,
1208 2562 1323 2621 hos
1365 2565 1563 2642 ipsius
1607 2563 1884 2623 Platonis
1928 2560 2038 2620 do·-

243 2664 467 2721 ctores‘
511 2662 703 2722 fuisse
774 2662 1111 2740 TayloruS,
1178 2663 1428 2740 ejusque
1494 2669 1825 2721 sectatores
1879 2660 2037 2721 affir-
2086 2735 2090 2740 ι

243 2772 435 2821 mant.
514 2754 748 2823 Contra
791 2777 946 2842 quos
990 2779 1117 2820 non
1160 2761 1300 2841 plus
1347 2760 1545 2820 dicam
1592 2780 1776 2841 quam
1820 2760 1902 2821 ad
1944 2762 2031 2820 in-

241 2863 525 2921 stitutum
581 2864 865 2942 pertinet.
970 2862 1063 2922 Ac
1115 2864 1391 2943 primum
1435 2880 1552 2941 pro
1597 2879 1883 2922 concesso
1927 2879 2038 2922 va-

240 2961 397 3034 leat,
453 2965 753 3039 mysteria
793 2965 944 3036 ista,
999 2982 1264 3043 quorum
1308 2964 1543 3021 mentio
1590 2972 1684 3022 est
1723 2964 1787 3021 in
1832 2961 2037 3021 Plato-

238 3063 518 3121 nicorum
559 3066 827 3143 scriptiS,
869 3065 1170 3144 privatim
1218 3062 1523 3123 celebrata
1567 3081 1701 3122 esse
1734 3071 1797 3120 et
1829 3063 1896 3120 in
1929 3080 2037 3121 an-

241 3161 414 3238 gulis·
527 3160 717 3240 Cujus
785 3166 1042 3241 generis*
1079 3184 1253 3225 sacra
1309 3173 1455 3243 post
1509 3162 1755 3243 imperii
1808 3161 2038 3222 Persici

240 3279 522 3319 occasum
582 3273 642 3321 et
697 3264 892 3323 multo
948 3264 1142 3341 magis
1200 3263 1316 3323 sub
1371 3265 1791 3322 Romanorum
1835 3260 2035 3320 domi-

239 3369 408 3420 natu>
440 3363 505 3420 in
561 3361 692 3423 dies
736 3365 918 3443 plura
958 3366 1277 3426 insinuata
1320 3374 1491 3436 sunt,
1548 3360 1897 3422 auctoribus
1942 3360 2032 3420 di-

2156 1896 2158 1979 i

2155 1982 2158 2090 ῑ

2155 2095 2158 2150 i
