2158 3848
180 179 314 248 ,572
719 190 962 235 huma
1006 190 1443 235 SECUNDUS.

188 334 282 385 est
298 326 392 406 [¹¹].
435 324 648 405 Neque
690 334 935 405 practer
977 325 1090 384 hos
1137 325 1295 384 alius
1330 326 1650 405 quisquam
1686 328 1837 388 haec
1872 328 1976 389 ba-

187 426 364 485 silica
419 425 693 485 facinora
749 423 929 505 apud
976 422 1297 484 Cretenses
1356 424 1522 484 edita
1577 444 1712 486 esse
1765 428 1978 503 refert3

187 524 354 605 quod
389 527 444 585 si
477 527 627 584 satis
662 525 1023 584 attendisset
1057 526 1156 584 vir
1190 527 1473 599 eximiuS,
1517 525 1764 587 fabulae
1795 529 1979 606 hujus

158 617 454 704 ’origines
491 643 529 683 a
564 622 748 683 Creta
780 634 1060 703 repetere
1095 626 1360 685 cavisset
1391 626 1456 684 in
1475 625 1760 686 Bassirel.
1797 627 1866 686 T.
1901 630 1977 688 ΙΙ.

185 746 245 806 p.
298 724 436 784 171.
523 723 774 782 Etenim
819 743 1009 803 quum
1055 725 1247 784 semel
1290 726 1710 801 increbuisset,
1754 727 1979 789 Jovem

187 823 408 883 eodem
457 824 626 897 loco,
689 842 812 903 quo
857 834 1039 884 natus
1086 833 1280 897 esset,
1347 827 1724 904 exspirasse,
1783 830 1982 889 coorti

186 933 331 984 sunt
391 923 706 997 homineS,
768 933 838 983 ut
894 925 1015 984 sibi
1072 923 1476 998 videbantur,
1536 945 1813 1005 sagaceS,
1874 934 1979 1010 qui

186 1034 319 1084 tota
361 1025 750 1103 mythologia
792 1026 948 1085 nihil
994 1025 1164 1084 aliud
1209 1044 1394 1105 quam
1437 1026 1792 1104 regulorum
1838 1029 1981 1091 Cre-

187 1127 455 1185 tensium
499 1126 769 1199 natales,
832 1144 1109 1199 amoreS,
1172 1127 1338 1185 rixas
1399 1137 1477 1185 etr
1513 1139 1744 1191 mortes
1788 1133 1981 1191 conti--

187 1227 321 1285 neri
387 1235 753 1301 statuerent3
823 1245 945 1306 quo
1007 1227 1239 1286 factum
1300 1237 1394 1286 est
1453 1237 1523 1286 ut
1581 1247 1673 1288 ea
1718 1249 1977 1312 quoque,

184 1346 341 1407 quae
403 1325 482 1385 de
542 1327 758 1404 Zagrei
823 1326 1010 1386 caede
1087 1326 1316 1386 tradita
1377 1338 1608 1402 essent,
1695 1332 1762 1390 in
1821 1333 1981 1392 hanc

184 1426 661 1486 transferrentur
703 1427 991 1485 insulam.
1077 1426 1398 1486 Diodorus
1441 1427 1512 1486 L.
1557 1427 1629 1487 V.
1674 1430 1777 1490 75.
1830 1441 1979 1496 τοῦ-

183 1552 299 1591 τον
343 1528 460 1590 τὸν
502 1526 661 1590 θεὸν
714 1528 1037 1613 γεγονέναι
1081 1526 1279 1610 φασὶν
1334 1530 1400 1588 ἐκ
1441 1527 1593 1598 Διὸς
1635 1531 1754 1610 ,καὶ
1806 1538 1978 1616 Περ-

187 1627 456 1712 σεφόνης
499 1627 660 1690 κατὰ
704 1627 821 1707 τὴν
862 1626 1148 1711 Κρήτην,
1211 1628 1286 1690 ὃν
1333 1627 1600 1710 Ὀρφεὺς
1652 1632 1812 1694 κατὰ
1865 1632 1978 1703 τὰς

182 1730 426 1800 τελετὰς
468 1729 788 1811 παρέδωκε
831 1726 1275 1810 διασπώμενον
1317 1728 1439 1791 ὑπὸ
1491 1738 1624 1794 τῶν
1674 1730 1975 1797 Τιτάνων.

183 1829 349 1890 unde
407 1849 590 1890 nemo
657 1828 1215 1907 argumentabitur,
1284 1828 1602 1909 Orpheum
1667 1832 1829 1892 hunc
1885 1834 1979 1892 rei

183 1941 391 2009 gestae
435 1931 639 2007 locum
685 1928 1033 1989 tradidisse.
1120 1929 1325 2008 Major
1386 1941 1594 1991 autem
1633 1931 1978 1992 Historico-

183 2051 321 2092 rum
366 2050 511 2111 pars
554 2030 623 2090 id
669 2049 863 2089 unum
911 2051 947 2090 6
989 2040 1200 2091 vetere
1234 2033 1540 2090 memoria
1574 2033 1976 2106 retinuerunt,

181 2132 538 2208 Dionysum
596 2131 875 2191 violenta
927 2138 1129 2190 morte
1186 2149 1551 2210 oppressum
1613 2150 1772 2207 esse3
1816 2134 1978 2192 hunc

180 2252 332 2295 vero
363 2265 365 2273 ·
393 2232 675 2292 Semelae
741 2231 935 2289 filium
995 2230 1239 2304 dicunt,
1321 2230 1570 2292 diversa
1630 2233 1975 2292 miscentes.

183 2333 409 2393 Narrat
453 2331 722 2392 Joannes
766 2331 999 2390 Malela
1044 2329 1267 2391 Chron.
1311 2332 1381 2391 L.
1416 2334 1493 2392 II.
1529 2354 1590 2414 p,
1633 2333 1729 2392 17.
1775 2342 1837 2392 et
1868 2335 1976 2392 iis-

185 2433 328 2492 dem
372 2434 502 2491 fere
545 2432 752 2493 verbis
801 2430 1114 2491 Cedrenus
1163 2431 1380 2513 Comp.
1428 2433 1496 2492 T.
1532 2434 1577 2491 I.
1622 2454 1682 2513 p.
1721 2433 1821 2493 24.
1865 2434 1974 2493 Li—

182 2534 400 2594 berum
447 2552 485 2591 a
528 2533 808 2609 Lycurgo
854 2533 1131 2609 fugatum
1174 2532 1435 2591 Boeotia
1489 2533 1714 2592 finibus
1769 2553 1972 2592 exces-

182 2637 367 2707 sisse,
423 2633 807 2712 Delphisque
852 2630 1018 2690 diem
1063 2650 1422 2711 supremum
1469 2633 1697 2692 obiisse
1740 2669 1824 2676 —
1867 2635 1973 2695 καὶ

183 2838 379 2900 αὐτοῦ
425 2834 613 2903 αὐτὸς
657 2839 741 2903 εἰς
783 2833 853 2894 τὸ
901 2833 1070 2914 ἱερὸν
1118 2834 1409 2915 ἐκρέμασε
1457 2833 1675 2903 καθώς
1714 2832 1970 2916 Δήμαρ-

174 2964 288 3019 χος
344 2937 376 2999 ὃ
439 2932 804 3018 σοφώτατος
860 2931 1301 3019 συνεγράψατο
1346 2934 1485 3017 περὶ
1530 2937 1744 2997 αὐτοῦ.
1803 2936 1969 3035 1329—

187 3037 392 3107 αύτως
459 3036 528 3099 δὲ
588 3035 694 3097 καὶ
751 3034 783 3094 ὃ
847 3033 1208 3117 σοφώτατος
1267 3032 1612 3118 Φιλόχορος
1667 3036 1747 3097 τὰ
1805 3037 1968 3098 αὐτοὶ
2025 3099 2028 3102 ,
2091 3079 2102 3087 -

185 3134 659 3222 συνεγράψοιτο,
718 3138 785 3198 ἐν
838 3162 876 3215 ῃ
932 3138 1170 3199 ἐκθέσει
1226 3138 1351 3198 εἷπε
1409 3136 1546 3217 περὶ
1598 3144 1711 3198 τοῦ
1769 3139 1966 3199 αὐτοῦ

186 3236 527 3301 Διονύσου·
555 3240 745 3300 ἔστιν
790 3238 948 3300 ἰδεῖν
990 3237 1104 3316 τὴν
1149 3238 1357 3321 ταφὴν
1403 3239 1600 3300 αὐτοῦ
1646 3238 1814 3322 παρὰ
1850 3237 1963 3299 τὸν

305 3363 368 3421 [¹¹]
404 3379 441 3405 v.
474 3362 680 3420 Ephnetr;
714 3363 835 3406 VIII.
