2158 3848
850 209 1305 255 oRPHIGA.
1838 197 1964 259 665

188 345 351 406 Nino
397 342 685 423 capitalia
725 339 932 420 fuisse-2
959 337 1711 416 legisset-,sGlaucotheae
1761 344 1966 424 impu-

187 447 318 504 nita
375 461 447 501 ac
503 441 740 514 libera3÷
770 455 939 518 quae
993 438 1152 499 ratio
1196 435 1276 496 ad
1318 436 1814 517 persuadendum
1858 461 1966 522 pa-
2006 495 2009 498 .

185 559 324 602 rum
380 542 558 601 firma
610 537 876 600 videtur.
978 534 1142 609 Quid
1202 537 1435 617 enim'l>
1469 538 1539 599 Si
1588 536 1787 599 Ninus
1841 530 1967 601 non

183 650 443 720 propter
509 657 645 699 eam
711 656 960 699 causam
1035 637 1252 718 punita
1319 645 1442 712 est,
1505 637 1671 719 quod
1731 639 1967 718 aliquos

186 739 452 800 Sabazio
496 727 823 813 initiasset,
866 736 976 798 sed
1023 736 1102 796 ob
1148 738 1271 797 alia
1306 737 1608 817 quaedam
1646 739 1968 813 maleficia,

185 857 449 919 quorum
493 840 762 920 suspicio
805 840 871 898 in
915 839 1375 920 peregrinorum
1418 857 1730 899 sacrorum
1774 839 1965 900 culto-

180 958 281 999 res
324 940 705 1000 commoveri
746 938 904 998 solet
917 940 1012 1017 [⁶],
1056 938 1264 1018 plagii,
1313 938 1613 1011 veneficii,
1657 948 1969 1020 corrupte-

182 1038 312 1114 lae,
368 1038 803 1099 sodaliciorum
859 1047 922 1097 et
977 1047 1189 1097 contra
1240 1036 1684 1118 rempublicam
1730 1040 1970 1118 conspi-

182 1138 484 1198 rationis'.l
547 1136 822 1210 Quorum
867 1139 922 1196 si
964 1137 1119 1195 nihil
1162 1135 1483 1196 Aeschinis
1526 1147 1728 1195 mater
1770 1137 1969 1199 admi-

182 1241 283 1313 sit,
326 1240 480 1298 nihil
525 1246 676 1310 erat,
721 1255 836 1295 cur
861 1237 925 1295 in
954 1237 1060 1314 jus
1106 1246 1449 1297 vocaretur.
1503 1235 1792 1314 Legimus
1837 1238 1969 1317 qui-

181 1338 325 1398 dem
364 1335 841 1409 Theodoridem,
888 1335 1303 1396 Glaucotheae
1341 1335 1741 1410 simillimam,
1785 1356 1970 1417 quam

179 1439 540 1498 Plutarchus
605 1439 672 1497 in
739 1435 812 1495 V.
878 1436 1058 1495 Dem.
1129 1456 1176 1494 c.
1247 1435 1413 1496 XIV.
1485 1437 1710 1519 ἱέρειαν
1765 1447 1968 1512 vocat,

178 1534 591 1620 Harpocratio
647 1556 694 1597 S.
757 1535 984 1619 Θεωρίς
1037 1533 1302 1616 μάντιν,
1385 1537 1727 1616 impietatis
1785 1541 1969 1621 (οἶσε-

178 1638 381 1723 βείας)
435 1648 748 1719 peractam
807 1654 942 1696 esse
1000 1635 1200 1695 Schol.
1256 1636 1436 1696 Dem.
1493 1635 1645 1698 Bav.
1701 1638 1967 1719 p.,106.

177 1739 291 1799 sed
360 1738 528 1799 idem
585 1738 949 1799 Plutarchus
1003 1737 1222 1810 refert,
1291 1736 1361 1796 id
1417 1739 1475 1796 ei
1529 1746 1660 1796 tum
1714 1749 1969 1818 propter

178 1841 303 1900 alia
346 1839 642 1900 accidisse
684 1839 1018 1911 maleficia,
1075 1847 1208 1897 tum
1253 1838 1401 1916 quia
1445 1837 1700 1897 servitia
1743 1837 1969 1897 sollici-

176 1949 373 1999 tasset
388 1935 482 2021 [Ἴ.
526 1939 610 1998 Et
654 1937 977 2017 ejusmodi,
1002 1938 1213 2025 potius
1259 1923 1738 2016 suspicionibus,
1783 1955 1969 2017 quam

175 2049 433 2121 propter
487 2048 830 2103 ,contemtas
893 2032 1220 2116 religiones
1276 2036 1609 2116 Aspasiae,
1665 2037 1967 2114 Phrynae,
2061 2063 2065 2066 ¹

154 2126 651 2199 Lacedaemonii
708 2140 907 2198 sorori
963 2138 1144 2198 Dem.
1203 2159 1251 2198 c.
1295 2137 1518 2196 Eubul.
1549 2158 1625 2218 p.
1677 2137 1858 2197 1301.
1906 2146 1969 2198 et

175 2239 442 2300 fortasse
507 2240 693 2299 etiam
757 2238 852 2297 illi
919 2237 1298 2297 Brauroniae
1363 2237 1608 2296 Dianae
1664 2236 1968 2320 sacerdoti

176 2339 468 2400 Dinarch.
515 2359 564 2398 c.
607 2338 874 2416 Aristog.
917 2357 978 2418 p.
1025 2338 1127 2398 82.
1175 2337 1461 2421 ἀσεβείας
1508 2339 1757 2412 crimen,
1802 2336 1967 2418 quod

176 2440 413 2520 perlate
453 2447 629 2519 patet
642 2438 738 2520 [ss],
781 2438 1110 2498 conflatum
1159 2457 1294 2498 esse
1339 2435 1733 2498 crediderim.
1803 2435 1967 2510 Quid

175 2540 373 2602 Ninus
428 2538 786 2620 deliquerit,
843 2538 1297 2598 Demosthenes
1352 2540 1418 2597 in
1476 2538 1830 2618 suspicione
1873 2557 1967 2597 re-

296 2710 363 2768 [θ]
396 2709 480 2752 Dio
523 2707 702 2751 Cassius
745 2707 839 2751 LII.
870 2707 939 2751 36.
981 2709 1109 2752 docet
1153 2724 1178 2752 e
1217 2709 1542 2766 peregrinorum
1585 2720 1802 2750 sacrorum
1844 2706 1962 2750 cultu

177 2770 296 2812 nasci
325 2769 501 2811 deorum
531 2774 815 2820 contemtum,
846 2771 1156 2827 συνωμοσίας,
1189 2765 1447 2823 συστάσεις,
1481 2768 1700 2825 ἑταιρείας
1727 2779 1790 2809 τε.

298 2835 361 2896 [f]
394 2836 496 2887 τοὺς
537 2834 726 2886 δούλους
754 2835 935 2895 ἀπατᾷν
965 2834 1260 2883 διδάσκουσα.
1329 2838 1429 2880 Hoc
1457 2835 1589 2878 fuerit
1618 2834 1832 2892 specimen
1863 2848 1967 2877 cau-

181 2909 256 2938 sae
283 2897 341 2938 ab
371 2894 606 2939 Aristotele
637 2895 716 2938 sub
747 2897 915 2939 nomine
944 2897 1249 2946 δουλαπατίας
1277 2901 1551 2945 memoratae,
1582 2895 1704 2949 cujus
1728 2893 1967 2950 exemplum

180 2953 398 2998 desiderat
434 2955 520 2999 Ed.
554 2955 663 2997 Otto
693 2954 748 2996 de
775 2956 929 2998 Athen.
961 2955 1129 2999 Action.
1160 2971 1199 3014 p.
1234 2955 1302 2998 21.
1345 2953 1584 2995 Columella
1612 2952 1667 2994 R.
1698 2952 1750 2994 R.
1781 2952 1890 2995 1.,8.
1921 2951 1981 2997 6.“

180 3012 336 3055 villicis
379 3013 617 3071 praecipit:
662 3014 976 3058 sacrificia
1017 3015 1136 3058 nisi
1178 3030 1241 3057 ex
1282 3016 1603 3071 praecepto
1649 3010 1857 3055 domini
1900 3025 1965 3053 ne

183 3071 436 3124 ποίεον,
458 3071 760 3128 aruspices
789 3085 1096 3129 unguesque,
1128 3087 1272 3130 quae
1302 3079 1549 3127 utraque
1578 3083 1792 3126 genera
1823 3083 1967 3112 vana

182 3131 609 3186 supe-:stitione
648 3129 823 3173 rudes
866 3132 1083 3175 animos
1127 3133 1191 3174 ad
1236 3131 1524 3187 impensas
1564 3143 1627 3172 ac
1657 3126 1866 3171 deinde
1897 3128 1965 3172 ad

182 3187 430 3244 flagitia
459 3189 837 3246 compellunt,
869 3203 932 3231 ne
963 3191 1314 3234 admiserint.

301 3256 368 3312 [g]
402 3258 529 3300 Artes
556 3258 748 3359 masscas
779 3258 859 3300 hoc
889 3260 1055 3302 nomine
1087 3257 1386 3316 comprehendi
1431 3257 1680 3300 documento
1710 3260 1777 3298 est
1807 3237 1963 3326 Aesop.

182 3314 294 3359 hab.
325 3314 501 3382 LXXX.
543 3331 584 3374 p.
623 3372 645 3387 n
683 3348 693 3359 .
733 3314 1058 3386 γυνὴΙμάγος,
1100 3322 1239 3362 θείων
1266 3312 1532 3376 μηνιμάτων
1561 3314 1962 3415 ἀποτροπιασμους

183 3374 554 3434 ἐπαγγελλομένη
565 3409 576 3431 ,
621 3390 676 3419 mr
719 3381 1015 3435 γραψαμενοί
1051 3391 1166 3427 τινες
1206 3375 1409 3430 ἀσεβείας
1448 3369 1569 3420 εἶλον
1610 3375 1686 3417 καὶ
1716 3388 1827 3417 κατα
1861 3387 1961 3415 ικα-
