2158 3848
242 201 368 261 342
776 213 1016 258 LIBER
1058 212 1488 258 SECUNDUS.

240 343 548 432 Indorum,
594 347 700 425 qui
743 343 936 405 semel
979 342 1134 413 τοὺς
1161 340 1505 426 Ὀρφικούς
1550 342 1787 420 allegat.
1831 347 1918 426 (v.
1962 345 2026 404 P.

241 446 318 504 II.
365 466 412 504 c.
457 445 541 526 6.)
599 455 662 504 et
703 445 1077 521 Dionysium
1125 442 1456 515 Thracem,
1487 461 1540 522 a
1583 460 1707 527 quo
1751 437 2031 504 Clemens

240 546 540 604 nonnulla
593 546 845 616 sumsit,
903 561 1060 622 quae
1116 559 1229 601 suo
1286 543 1424 602 loco
1487 536 1880 623 apponentur
1939 542 2026 622 (v.

246 645 311 704 P.
356 646 461 703 III.
521 665 568 702 c.
613 643 699 722 8.)
754 661 953 721 neque
997 659 1124 699 non
1165 640 1597 715 Nicomedem,
1662 641 1836 719 cujus
1879 640 2034 700 liber

243 745 383 826 περὶ
433 745 719 825 Ὀρφέως
773 741 1062 801 laudatur
1115 739 1338 801 Athen.
1381 740 1547 802 XIV.
1605 741 1750 802 637.
1804 739 1879 801 A.
1936 741 2031 799 his

244 842 627 922 temporibus
696 841 1064 920 subjungere
1132 859 1496 922 possumus,
1551 843 1635 901 ·si
1701 839 1870 899 idem
1941 846 2035 897 est

244 941 583 1002 Acanthius
639 944 748 1022 qui
807 942 885 1002 de
953 941 1242 1001 Perdicca
1307 941 1556 1021 scripsit
1612 939 1686 999 V.
1742 940 1886 999 217.
1952 939 2032 998 D.

245 1042 647 1122 Hippobotus
693 1053 930 1115 autem,
976 1043 1081 1121 qui
1126 1046 1193 1105 ἐν
1219 1049 1295 1122 τῇ
1324 1048 1456 1105 τῶν
1481 1037 1848 1123 φιλοσόφων
1876 1041 2034 1103 ἅνα-
2096 1046 2126 1060 *⁷

243 1151 456 1228 γραφῇ
514 1142 832 1222 Orpheum
898 1153 960 1201 et
1014 1142 1242 1202 Linum
1297 1150 1535 1220 septem
1601 1139 2038 1220 philosophiae

245 1243 627 1323 principibus
672 1244 1025 1321 aggregavit
1065 1243 1248 1319 Diog.
1292 1241 1401 1301 La.
1446 1240 1492 1298 I.
1552 1238 1659 1301 42.
1713 1240 1787 1303 cn
1822 1238 2034 1314 -Sturz
2116 1310 2119 1318 ¹

245 1342 603 1422 Empedocl.
660 1344 858 1402 Praef.
902 1342 1136 1402 XXIII.
1195 1352 1256 1401 et
1310 1339 1683 1421 Apollonius
1725 1338 2036 1420 Aphrodi-
2108 1364 2111 1366 >

245 1444 496 1517 siensis‚
540 1444 677 1523 qui,
722 1452 792 1502 ut
820 1442 1045 1502 Suidas
1091 1444 1212 1516 ait,
1255 1442 1528 1526 γέγραφε
1573 1439 1714 1522 περὶ
1748 1441 2036 1524 Ὀρφέως
2143 1441 2145 1450 ’

242 1542 351 1603 καὶ
393 1551 524 1606 τῶν
564 1551 827 1606 τελετῶν
872 1544 1102 1614 αὐτοῦ,
1160 1559 1281 1621 qua
1324 1548 1526 1599 aetate
1571 1540 1874 1613 vixerint,
1930 1538 2036 1600 ad-

244 1643 361 1702 huc
403 1642 865 1722 inexploratum
881 1642 992 1722 [¹¹²].
1081 1639 1096 1657 '

413 1741 584 1803 Nihil
627 1743 727 1801 hic
771 1741 1032 1801 dicimus
1079 1739 1158 1799 de
1199 1738 1642 1801 Demosthenis
1687 1738 1858 1812 loco,
1915 1757 2036 1818 quo

243 1842 430 1919 vulgo
476 1842 556 1902 ad
599 1841 991 1922 probandam
1032 1840 1431 1918 Hymnorum
1475 1839 1887 1920 Orphicorum
1931 1857 2038 1898 an-

245 1944 595 2021 tiquitatem
651 1944 744 2001 uti
797 1933 1030 2016 solent3
1100 1960 1248 2001 nam
1304 1940 1447 2000 huic
1503 1940 1849 2018 quaestioni
1909 1939 2038 2000 alia
2118 1933 2119 1936 ¹

243 2061 389 2122 pars
430 2044 701 2102 instituti
736 2042 950 2122 operis
1003 2040 1313 2100 destinata
1367 2047 1478 2099 est.
1566 2038 1692 2099 Sed
1738 2035 2037 2119 Chrysip-

245 2161 399 2220 pum
444 2143 784 2222 praeterire
827 2160 954 2200 non
997 2159 1286 2221 possum,
1329 2141 1437 2219 qui
1480 2138 1799 2219 'Orpheum
1841 2137 2035 2198 idem·

247 2241 441 2301 tidem
487 2242 567 2302 ad
609 2250 819 2323 partes
862 2242 1145 2314 vocavit,
1190 2241 1440 2319 suisque
1466 2238 1864 2318 opinionibus
1896 2257 2038 2299 con-

246 2343 453 2401 ciliare
497 2343 752 2403 studuit.
841 2342 1111 2401 Galenus
1149 2339 1227 2400 de
1251 2340 1464 2401 Placit.
1487 2338 1790 2421 Hippocr.
1833 2338 1904 2398 L.
1929 2339 2036 2399 III.
2112 2336 2120 2394 ζ
2156 2332 2158 2398 ἒ

247 2461 294 2499 c.
339 2443 397 2501 3.
449 2443 586 2502 118.
633 2444 703 2504 T.
745 2443 820 2502 V.
866 2439 1070 2502 Chart.
1128 2441 1326 2525 ὥςπερ
1363 2437 1639 2523 Ὁμήρου
1683 2439 1789 2503 καὶ
1824 2437 2035 2502 Ἠσιό-

247 2541 365 2604 δου
409 2545 648 2625 βραχέα
690 2543 1055 2626 παρεθέμην
1110 2535 1203 2603 ὧν
1247 2541 1280 2602 ὅ
1325 2539 1697 2623 Χρύσιππος
1741 2542 2034 2624 ἔγραψεν,
2080 2607 2082 2609 ,

251 2643 414 2704 οὕτω
458 2647 520 2714 ἐξ
556 2644 841 2727 Ὀρφέως
883 2641 990 2704 καὶ
1042 2640 1516 2722 Ἐμπεδοκλέους
1568 2640 1675 2702 καὶ
1720 2638 2034 2722 Τυρταίου

246 2746 351 2806 καὶ
408 2742 802 2827 Στησιχόρου
862 2742 970 2805 καὶ
1035 2741 1260 2824 ἑτέρων
1324 2747 1599 2820 ποιητῶν
1661 2737 2038 2822 μνημονεύει

247 2852 520 2908 πολλῶν·
581 2845 677 2904 cui
723 2842 956 2903 accedit
1011 2838 1226 2901 Cicero
1280 2838 1355 2901 N.
1398 2841 1478 2900 D.
1534 2841 1581 2899 I.
1631 2837 1727 2899 15.
1791 2837 2036 2916 Chry*-

247 2945 739 3026 sippus——in
782 2941 1121 3002 secundo
1164 2933 1372 3001 libro
1420 2940 1510 3001 de
1553 2949 1832 3002 natura
1866 2939 2036 2999 deo-

248 3065 406 3105 rum
463 3045 635 3105 vult
690 3042 1013 3124 Orphei,
1065 3042 1399 3115 Musaei,
1452 3038 1819 3113 Hesiodi,
1875 3039 2033 3100 Ho-

248 3147 592 3224 merique
659 3143 1002 3205 fabellas
1090 3139 1667 3202 accommodare
1753 3139 1846 3200 ad
1917 3137 2041 3212 ea,

367 3316 438 3370 [¹1¹]
470 3314 661 3358 Reinesii
691 3314 1027 3358 emendationem
1057 3313 1101 3356 in
1130 3312 1252 3356 Suid.
1282 3327 1325 3371 p.
1361 3309 1456 3355 194.
1486 3307 1735 3369 Πάμφιλος
1765 3311 1939 3368 ἔγραψε
1972 3332 2027 3339 -

245 3372 438 3432 Ὀρφικὰ
468 3375 714 3417 refutarunt
744 3373 833 3417 alii.
