2158 3848
799 219 1252 262 oRPHICA.
1793 204 1919 282 317

132 371 272 412 rum
328 351 603 411 omnium
661 367 817 430 quae
870 345 952 406 ad
1007 345 1267 405 deorum
1313 346 1544 406 cultum
1587 352 1916 426 pertinent,

131 453 394 511 mutatio
460 450 623 509 facta
687 455 807 522 est3
886 447 1036 506 haec
1101 447 1470 505 solemnium
1537 445 1916 523 lustralium,

130 551 588 627 mysteriorum,
630 546 973 608 medicinae
1016 547 1345 606 hieraticae
1390 557 1452 606 et
1493 550 1703 627 poesis
1729 549 1917 608 fana-

129 654 286 710 ticae
353 661 555 709 ortum
623 658 686 707 et
748 649 1125 706 incrementa
1179 648 1521 722 continent3
1577 649 1689 709 his,
1730 651 1918 708 etiam

126 749 404 822 Bacidis‚
473 749 762 828 Pamphi,
821 747 1032 807 Olenis
1099 756 1163 806 et
1208 748 1590 825 Sibyllarum
1645 749 1917 807 carmina

126 851 556 929 antiquissima
600 850 1040 922 consarcinata,
1086 855 1420 929 omnesque
1463 846 1707 929 piarum
1751 848 1918 921 frau-

127 950 276 1010 dum
330 952 472 1011 viae
529 949 876 1029 patefactae
928 948 1236 1010 videntur.
1334 948 1513 1008 Unde
1571 940 1767 1008 facilis
1824 957 1918 1007 est

126 1051 469 1123 conclusio,
528 1049 833 1130 Orphicae
889 1068 1131 1129 quoque
1186 1045 1434 1106 fabulae
1490 1047 1712 1121 telam,
1757 1067 1917 1126 quae

124 1160 259 1209 tota
300 1150 525 1209 iisdem
571 1151 746 1228 quasi
789 1149 1159 1208 staminibus
1204 1156 1475 1219 constat,
1520 1166 1643 1206 non
1689 1167 1727 1206 a
1768 1147 1919 1206 Pro-

56 1252 58 1254 ’
123 1251 345 1309 selenis
385 1249 775 1328 philosophis
820 1255 1051 1307 textam
1097 1245 1208 1304 sed
1251 1265 1375 1306 uno
1421 1247 1687 1316 fortasse
1733 1258 1794 1307 et
1829 1248 1915 1308 al-

123 1359 256 1408 tero
322 1357 470 1430 post
533 1349 882 1409 Homerum
948 1348 1156 1407 seculo
1227 1357 1512 1428 coeptam
1583 1359 1648 1408 et·
1700 1350 1914 1429 paullo

121 1459 264 1509 ante
309 1449 775 1521 Onomacritum
819 1449 1169 1510 absolutam
1213 1466 1365 1511 esse.
1488 1462 1493 1465 '
1768 1449 1774 1452 ’

892 1664 946 1745 ξ.
1040 1665 1134 1724 ιο.

291 1846 453 1909 Casu
509 1850 740 1908 factum
798 1867 932 1909 esse
987 1850 1163 1926 ajunt
1205 1847 1371 1929 quod
1413 1849 1728 1909 Homerus
1771 1867 1915 1909 nus-

120 1968 304 2029 quam
334 1949 568 2030 Orphei
610 1951 966 2010 meminerit
1007 1968 1208 2029 neque
1249 1951 1566 2027 ignorasse
1608 1949 1785 2009 illum
1822 1969 1915 2009 ce-

117 2050 434 2110 leberrimi
480 2052 663 2113 'vatis
733 2052 801 2110 in
870 2068 1058 2128 genus
1128 2051 1470 2111 humanum
1526 2053 1750 2111 merita
1803 2050 1915 2110 sed

115 2151 353 2210 nullam
422 2152 504 2212 ad
560 2149 994 2212 celebrandum
1051 2152 1184 2229 ejus
1241 2169 1470 2210 nomen
1528 2152 1914 2211 occasionem

116 2248 406 2310 habuisse
430 2250 524 2330 [²].
608 2249 832 2310 Macte.
853 2253 1100 2329 ingenio
1147 2260 1275 2310 este
1319 2252 1502 2329 hujus
1547 2250 1915 2312 deverticuli

44 2420 46 2422 ¹
113 2354 508 2423 inventores,
577 2348 699 2429 quo
768 2351 975 2410 nullus
1042 2361 1324 2413 veterum
1384 2349 1753 2412 Criticorum
1820 2354 1914 2411 uti

116 2470 303 2511 ausus
349 2459 460 2510 est.
504 2449 595 2509 Hi
638 2452 824 2525 enim,
869 2471 1058 2532 quum
1103 2451 1410 2514 vidissent
1441 2471 1729 2515 successu
1760 2462 1912 2512 tem-

112 2553 286 2634 poris
330 2551 559 2611 multas
603 2561 797 2624 artes,
841 2552 1114 2626 fabulaS,
1161 2552 1636 2613 consuetudines
1654 2596 1673 2626 ,
1717 2553 1914 2613 multa

115 2654 307 2711 etiam
351 2652 654 2714 vocabula
697 2661 760 2711 et
803 2652 1061 2713 dicendi
1089 2673 1315 2732 genera
1355 2655 1695 2715 invaluisse
1739 2656 1913 2735 prio-

114 2753 282 2812 ribus
336 2755 663 2826 inusitata,
732 2755 801 2813 in
853 2753 1333 2835 interpretandis
1391 2764 1455 2814 et
1509 2753 1911 2814 emendandis

117 2851 375 2913 Homeri
419 2853 794 2931 carminibus
817 2855 975 2914 hanc
999 2854 1273 2933 regulam
1298 2855 1418 2915 sibi
1442 2856 1908 2926 constituerunt,

118 2961 190 3011 ut
229 2936 469 3016 tantum
511 2953 702 3014 modo
749 2956 808 3014 ei
849 2967 1067 3016 notum
1112 2957 1306 3017 fuisse
1340 2964 1672 3027 sumerent,
1719 2973 1908 3035 quan-

239 3079 302 3135 [2]
335 3080 528 3138 Heynius
569 3081 624 3124 ad
664 3081 863 3138 Apollod.
893 3099 938 3141 p.
974 3084 1094 3127 118.4
1133 3084 1297 3136 Quod
1328 3082 1643 3125 Hesiodum
1673 3083 1906 3140 primum

120 3137 366 3181 fabulae
404 3141 469 3183 de
513 3141 782 3196 Gorgone
812 3148 865 3184 et
893 3143 1105 3186 Perseo
1137 3149 1438 3186 auctorem
1468 3142 1642 3184 edunt
1671 3141 1786 3184 viri
1817 3143 1907 3186 do-

119 3199 227 3249 cti,
258 3203 498 3241 auctore
526 3199 850 3255 Hesychio‚
879 3215 1072 3257 parum
1103 3203 1263 3244 docte
1294 3202 1547 3253 faciunt,
1570 3199 1680 3258 'qui
1709 3201 1903 3244 Home—

116 3270 234 3298 rum
266 3257 501 3299 fabulas
529 3258 626 3300 has
656 3259 936 3314 ignorare
967 3262 1008 3303 h.
1040 3277 1078 3303 e.
1110 3262 1180 3304 iis
1211 3274 1316 3302 non
1347 3260 1451 3312 uti,
1483 3260 1577 3302 ait.
1638 3260 1768 3312 Num,
1830 3262 1904 3304 uia

116 3330 199 3357 non
241 3314 526 3359 demonstrari
554 3323 699 3373 potest
728 3318 959 3362 Homerum
990 3321 1097 3364 haec
1127 3321 1364 3377 ignorasse,
1396 3318 1653 3361 credendum
1683 3325 1773 3372 est,
1803 3318 1807 3324 '
1835 3333 1902 3362 um

118 3387 201 3416 non
230 3373 491 3428 ignorasse?
