2158 3848
168 184 293 247 550
506 163 515 169 U
699 197 937 242 LIBER
980 195 1411 242 SECUNDUS.

168 330 366 409 pheus
411 347 448 388 a
492 332 801 389 communi
844 331 1013 391 fama
1056 330 1210 390 nihil
1255 329 1582 408 discrepat.
1668 325 1842 387 Idem
1886 329 1953 387 in

173 428 330 488 Tim.
356 428 426 488 V.
471 430 614 490 307.
652 432 928 513 Ὀρφεὺς
970 432 1089 511 τὴν
1132 439 1263 495 τῶν
1292 436 1604 513 μεριστῶν
1649 427 1954 503 ζωοποιόν

174 529 382 593 αἰτίαν
426 532 559 593 ἄνω
602 531 919 612 μένουσαν
974 530 1079 592 καὶ
1138 530 1539 612 ὑφαίνουσαν
1581 528 1695 591 τὸν
1738 526 1955 590 διάκο-

172 651 333 711 σμον
387 637 517 691 τῶν
572 629 887 711 οὐρανίων
898 675 918 702 ,
981 626 1240 711 νύμφην
1298 654 1363 692 τε
1424 628 1585 692 εἶναί
1638 649 1791 711 φησι
1850 627 1956 688 καὶ

170 737 371 791 ταῦτα
414 737 504 810 τῷ
548 730 651 791 Διὶ
706 732 1150 811 συναφθεῖσαν
1202 735 1308 791 καὶ
1349 731 1556 810 μένειν
1602 731 1670 792 ἐν
1713 727 1957 796 οἰκείοις

171 831 383 907 ἤθεσι·
471 834 911 911 προελθοῦσαν
971 827 1040 890 δὲ
1103 829 1224 890 ἀπὸ
1296 836 1427 891 τῶν
1488 831 1707 908 ἑαυτῆς
1768 834 1958 891 οἴκων

176 930 474 999 ἀτελεῖς
515 955 594 992 τε
637 929 1142 993 καταλείπειν
1184 928 1364 998 τοὺς
1408 929 1674 998 ἱστοὺς
1716 931 1822 991 καὶ
1847 930 1957 1012 ἆρ-

173 1027 486 1103 πάζεσθαι
540 1031 646 1092 καὶ
703 1035 1046 1117 γαμεῖσθαι
1107 1029 1212 1091 καὶ
1269 1032 1670 1115 γαμηθεῖσαν
1728 1036 1962 1114 γεννᾷν

172 1132 277 1192 ἵνα
322 1127 588 1213 ψυχώσῃ
641 1133 747 1194 καὶ
800 1132 881 1195 τὰ
934 1130 1287 1200 ἐπείςακτον
1344 1132 1563 1209 ἔχοντα
1609 1126 1790 1208 ζωήν.
1877 1128 1963 1187 Et

176 1246 261 1286 ex
316 1229 430 1288 hac
485 1231 772 1290 carminis
826 1239 1005 1310 parte
1063 1237 1384 1310 excerptus
1441 1229 1689 1290 videtur
1742 1246 1961 1290 versus

177 1347 358 1407 quem
405 1329 663 1389 Tzetzes
708 1331 894 1408 Exeg.
939 1351 999 1410 p.
1045 1331 1145 1390 26.
1190 1330 1379 1389 refert
1420 1331 1582 1388 inter
1627 1346 1761 1403 eos,
1806 1346 1961 1409 quos

174 1428 486 1488 Homerus
533 1429 784 1510 Orpheo
829 1430 1157 1507 sublegerit

310 1530 477 1586 Ἶστόν
510 1535 840 1603 ἐποιχομένην
873 1534 1024 1603 ἀτελῆ
1063 1531 1222 1586 πόνον
1256 1529 1616 1599 ἀνθεμόεσσαν
1643 1535 1751 1598 (sic)

177 1627 277 1686 De
320 1628 435 1688 hac
478 1617 772 1703 textrina,
821 1648 940 1709 qua
982 1629 1354 1708 Proserpina
1397 1623 1750 1685 solitudinis
1795 1644 1965 1685 moe·

176 1746 381 1788 rorem
435 1729 650 1788 fallere
707 1733 1043 1809 quaesivit,
1103 1729 1301 1788 multa
1356 1726 1715 1786 fabulantur
1757 1726 1966 1786 Plato-

178 1814 317 1887 nici.
405 1830 784 1910 Porphyrius
832 1829 924 1888 ‘de
985 1829 1060 1889 A.
1121 1828 1194 1888 N.
1250 1827 1416 1887 XIV.
1480 1825 1575 1886 15.
1633 1827 1740 1891 καὶ
1793 1826 1964 1910 παρὰ

179 1937 270 2010 τῷ
307 1931 530 2013 Ὀρφεῖ
567 1932 605 2010 ἡ
648 1929 854 2014 Κόρη,
915 1931 1065 2012 ἥπερ
1112 1928 1241 1991 ἐστὶ
1283 1927 1517 1997 παντὸς
1559 1936 1673 1990 τοῦ
1719 1948 1964 2009 σπειρο-

178 2031 370 2110 μένου
429 2033 684 2113 ἔφορος,
742 2034 1160 2116 ἱστουργοῦσα
1218 2029 1642 2111 παραδέδοται
1683 2037 1795 2086 etc.
1881 2027 1966 2085 Et

182 2129 474 2190 Proculus
518 2132 583 2189 in
630 2128 789 2190 Crat.
834 2150 895 2210 p.
941 2131 1041 2190 24.
1084 2131 1122 2210 ἡ
1165 2129 1335 2214 Κόρη
1380 2130 1485 2191 καὶ
1528 2136 1650 2198 πᾶς
1695 2130 1886 2206 αὐτῆς
1929 2128 1961 2189 ὅ

174 2230 364 2313 χορὸς
422 2234 555 2295 ἄνω
609 2230 916 2314 μενούσης
975 2230 1267 2313 ὑφαίνειν
1324 2232 1605 2315 λέγονται
1657 2228 1771 2292 τὸν
1824 2226 1965 2290 διοί-

181 2352 419 2412 κοσμον
459 2340 567 2411 τῆς
613 2333 800 2412 ζωῆς,
847 2342 908 2391 et
952 2332 1076 2390 alia
1118 2329 1475 2408 hujusmodi
1519 2328 1862 2406 symbolica
1906 2337 1968 2386 et

183 2429 480 2503 absurda,
552 2451 709 2510 quae
751 2451 914 2490 nunc
974 2433 1147 2510 quasi
1194 2431 1426 2510 Orphei
1478 2431 1675 2509 ipsius
1720 2428 1967 2487 oracula

181 2529 446 2590 indoctis
489 2531 818 2590 lectoribus
876 2530 956 2590 ad
1012 2530 1380 2590 credendum
1427 2540 1488 2588 et
1532 2527 1966 2587 admirandum

181 2640 636 2710 proponantur,
698 2632 929 2690 scilicet
986 2632 1159 2709 quia,
1223 2649 1409 2709 quum
1455 2647 1613 2686 unus
1659 2627 1809 2686 deus
1865 2627 1965 2699 sit,

182 2730 539 2810 improbum
597 2741 658 2789 et
711 2732 991 2810 ineptum
1056 2738 1150 2788 est
1204 2729 1382 2788 deam
1428 2736 1735 2787 texentem
1778 2725 1965 2785 indu-

184 2852 346 2903 cere,
390 2850 589 2911 neque
635 2830 800 2890 credi
842 2840 1066 2915 potest,
1112 2839 1331 2911 poetas
1376 2837 1638 2902 veteres,
1682 2828 1786 2906 qui
1833 2845 1961 2885 om-

182 2933 327 2990 nino
372 2926 497 2990 non
540 2941 794 3012 poetae,
854 2941 924 2990 ut
975 2931 1252 3010 plerique
1308 2949 1546 3002 remur,
1609 2927 1718 2987 sed
1761 2927 1964 3007 philo-

183 3032 520 3110 sophorum
566 3033 894 3092 histriones
938 3032 1139 3103 fuere,
1201 3030 1350 3090 deos
1393 3027 1748 3089 hominibus
1793 3027 1963 3085 simi·
2028 3097 2031 3100 ¹

184 3132 273 3191 les
316 3133 578 3192 finxisse.
669 3132 850 3206 Quod
895 3133 949 3190 si
993 3131 1188 3204 valet,
1247 3149 1373 3190 non
1419 3129 1700 3210 Orpheus
1757 3127 1959 3187 solum

186 3241 247 3290 et
299 3232 611 3292 Homerus
667 3232 775 3293 sed
833 3250 1046 3291 omnes
1105 3232 1478 3290 Graecorum
1535 3239 1597 3288 et
1649 3229 1958 3288 Romano-

184 3352 318 3391 rum
364 3343 584 3412 poetae
628 3333 707 3393 ad
752 3331 1012 3392 eandem
1070 3332 1264 3410 legem
1311 3329 1590 3408 exigendi
1633 3330 1957 3410 ipsumque
