2158 3848
214 197 338 270 338
746 205 981 249 LIBER
1025 204 1455 249 SECUNDUS.

217 338 498 422 ἱστορίαν
554 334 927 424 συγγράψας
982 333 1353 414 Olympiod..
1395 333 1560 394 Hist.
1615 334 1770 412 Byz.
1837 333 1908 392 T.
1951 335 2017 393 1.-

219 461 278 521 p.
329 439 424 498 ll.
510 438 788 516 Namque
832 436 930 494 hic
972 453 1097 493 non
1139 435 1246 494 ille
1288 443 1469 496 vetus
1515 445 1608 494 est
1630 434 2003 495 Heracleota

221 538 353 612 sed.
393 548 460 598 ut
481 538 865 599 Weichertus
892 536 1111 593 statuit
1134 533 1212 593 de
1233 534 1526 614 Apollon.
1550 534 1747 594 Rhod.
1773 553 1835 614 p.
1864 533 2002 593 164.

221 638 673 700 Grammaticus
720 635 1067 707 obscurior,
1107 637 1213 714 qui
1258 632 1533 713 Caligula
1576 645 1868 713 regnante
1913 635 2004 695 vi-

220 742 325 799 xit.
414 739 799 816 Temporum
856 733 1141 793 ordinem
1198 744 1520 814 sequentes
1563 736 1701 795 Ioni
1745 736 2007 794 occurri-

220 858 394 912 muS‚
450 838 620 914 cujus
664 835 1090 893 testimonium
1134 843 1362 913 postea
1398 837 1755 914 singillatim
1797 835 2007 916 explo-

219 939 483 1000 randum
515 938 647 996 erit.
736 934 901 994 Huic
926 933 1199 993 succedit
1224 934 1587 1014 EuripideS,
1632 935 1799 1015 apud
1826 954 2009 1017 quem

223 1040 499 1100 Theseus
526 1039 731 1096 fictam
761 1035 874 1093 filii
903 1036 1200 1114 pietatem
1232 1034 1504 1095 irridens·
1523 1035 1828 1115 Orphicae
1861 1052 2009 1116 quo-

223 1160 340 1220 que
384 1139 699 1198 doctrinae
744 1136 1194 1196 affectationem
1239 1136 1298 1193 ei
1343 1135 1702 1215 exprobrat:

421 1253 568 1319 ”Han
605 1271 696 1302 νυν
734 1247 875 1316 αὔχει
910 1249 997 1306 καὶ
1034 1246 1096 1299 δι’
1138 1244 1344 1314 ἀψύχου
1378 1252 1542 1318 βορᾶς

436 1338 598 1397 σίτοις
632 1331 891 1401 καπήλευ’,
925 1331 1119 1403 Ὀρφέα
1156 1331 1209 1385 ‹5’
1251 1331 1424 1385 ἄνακτ’
1464 1332 1592 1401 ἔχων

430 1418 646 1489 βάκχευε
684 1422 886 1470 πολλῶν
921 1414 1242 1488 γραμμάτων
1277 1423 1439 1486 τιμῶν
1473 1416 1684 1474 καπνόν.

224 1537 433 1617 Hipp-
465 1532 610 1595 950.
654 1533 765 1593 ubi
807 1532 1005 1594 πολλοὶ
1045 1531 1425 1617 γράμματα,
1487 1534 1541 1592 si
1586 1550 1738 1593 sana
1781 1542 1875 1592 est
1929 1533 2014 1590 le-

224 1638 345 1697 ctio
365 1632 459 1714 [¹¹],
505 1643 667 1694 certe
711 1652 838 1693 non
880 1633 1181 1710 significat
1205 1634 1518 1710 ingentem
1553 1631 2017 1692 multitudinem
2111 1627 2129 1711 {3⁴³1

224 1736 523 1797 librorum
570 1734 981 1815 Orphicorum
1025 1732 1137 1793 sed
1177 1735 1245 1792 in
1297 1734 1657 1795 universum
1700 1742 2016 1797 πολυανα-
2107 1713 2126 1812 ξ

223 1836 506 1923 γνωσίαν
560 1836 706 1896 ‘sive
730 1885 738 1889 .
765 1833 1120 1894 reconditae
1182 1833 1465 1893 lectionis
1523 1836 2016 1894 ostentationem.
2106 1819 2144 1901 ²³}

227 1935 596 2016 Quanquam
639 1952 767 1993 non
808 1934 1045 2012 negabo
1079 1932 1398 2013 Euripidis
1444 1943 1646 1993 aetate
1688 1942 1784 2001 tot
1825 1934 2019 1994 fuisse
2110 1910 2145 2001 ³23³·

229 2037 464 2116 Orphei
508 2035 815 2107 carmina,
871 2044 942 2095 ut
995 2034 1234 2094 multa
1280 2031 1402 2092 dici
1445 2043 1716 2115 possent.
1802 2034 2018 2107 LinuS,
2110 1990 2143 2106 ἓῗῖ

228 2136 514 2196 Herculis
557 2137 883 2212 magister,
943 2137 1011 2194 in
1053 2133 1336 2194 Alexidis
1391 2134 1606 2194 fabula
1648 2134 1871 2195 Athen.
1914 2134 2019 2195 IV.
2112 2203 2120 2212 ,

235 2236 375 2296 164.
421 2232 487 2294 C.
547 2252 752 2313 quum.
793 2233 1155 2314 disciplinae
1209 2253 1359 2294 suae
1415 2235 1736 2295 alumnum
1791 2235 1874 2297 ad
1927 2236 2021 2296 bi·
2108 2215 2116 2280 Ῑ
2157 2301 2158 2315 ³

232 2336 606 2397 bliothecam
648 2334 977 2418 visendam
1021 2336 1280 2409 invitat,
1348 2334 1583 2415 Orphei
1637 2353 1830 2416 opera
1887 2345 2020 2396 tan-
2156 2357 2158 2425 χ

233 2456 418 2518 quam
484 2429 887 2515 praecipuum
934 2433 1268 2513 *quoddam
1339 2436 1651 2495 cimelium
1725 2444 1788 2494 et
1852 2433 2024 2495 haud
2103 2422 2119 2516 ,js-
2155 2427 2158 2524 1

157 2568 164 2574 ·
234 2540 415 2598 unius
459 2536 689 2616 plutei,
735 2543 1031 2593 ostentat:
1069 2535 1346 2617 Ὀρφεὺς
1390 2538 1661 2609 ἔνεστιν,
1696 2535 2022 2608 Ἡσίοδος,
2096 2518 2118 2608 J
2154 2529 2158 2574 ἕ

235 2635 560 2723 τραγῳδία
575 2629 697 2715 [¹¹¹²].
787 2632 1429 2713 Sedspraevortamus
1474 2636 1668 2694 seriis.
1756 2634 2022 2715 Saepius

239 2737 474 2819 Orphei
514 2733 799 2797 meminit
835 2732 1015 2792 Plato
1060 2733 1209 2793 locis
1252 2735 1360 2808 iis,
1405 2750 1558 2814 quos
1602 2733 1911 2815 deinceps,
1953 2742 2027 2795 ut
2152 2727 2155 2738 ¹

362 2918 428 2979 [Β]
461 2918 740 2976 Musgravius
766 2917 941 2963 πολιῶν
969 2916 1189 2971 emendat,
1220 2920 1271 2961 ut
1299 2917 1498 2962 charta
1527 2931 1664 2961 anus
1695 2917 1891 2962 Martial.
1918 2917 2023 2962 XII.
2152 2963 2154 2972 ᾗ

243 2978 285 3025 4.
314 2980 451 3038 (idem
478 2979 515 3022 I.
545 2979 618 3024 67.
649 2978 803 3021 charta
829 2977 980 3033 virgo)
1010 2991 1186 3021 canas
1215 2977 1595 3021 memoriarum
1624 2976 1811 3019 Tertull.
1836 2977 2021 3034 Apolog.
2152 2975 2154 2991 '

245 3055 283 3083 c.
316 3039 384 3082 19.
414 3038 512 3082 Nec
555 3041 744 3106 opponet
785 3037 1006 3094 quisquam
1047 3036 1212 3079 Thesei
1245 3042 1392 3080 aetate
1421 3036 1589 3102 Orphei
1617 3036 1751 3080 libros
1781 3035 1922 3080 adhuc
1949 3049 2022 3078 re·
2152 2999 2158 3182 Ι

245 3102 391 3144 centes
419 3102 465 3140 et
493 3097 649 3140 crudos
678 3095 823 3139 fuisse.

247 3242 417 3288 Lucani
452 3256 621 3299 quoque
661 3256 833 3287 carmen
870 3240 1123 3296 inscriptum
1162 3244 1208 3284 et
1237 3239 1381 3283 Cassii
1409 3239 1654 3283 Parmensis
1683 3240 1761 3283 sed
1788 3239 2023 3309 suppositi-

247 3302 359 3346 cium
397 3301 571 3345 Anthol.
611 3301 709 3345 Lat.
748 3302 786 3344 I.
827 3299 926 3344 135.
963 3299 1129 3355 pariter
1167 3303 1218 3342 ut
1257 3299 1479 3342 Ciceronis
1521 3299 1639 3357 Orp
1646 3297 1784 3342 heus
1824 3298 1918 3341 sive
1955 3296 1984 3340 d
1997 3310 2023 3339 e
2092 3331 2098 3338 .

365 3180 459 3244 [¹¹1¹]
503 3183 693 3226 Aristiae
729 3182 922 3226 fabulam
956 3175 1149 3250 Ὀρφεύς
1188 3185 1395 3225 memorat
1434 3180 1616 3235 Pollux,
1676 3194 1813 3237 eoque
1857 3179 2022 3224 nomine
2149 3183 2158 3378 Ι

250 3361 626 3405 adolescente
656 3359 928 3404 studioso
957 3357 1136 3406 Fabric.
1163 3357 1279 3402 Bibl.
1307 3358 1408 3402 Lat.
1439 3358 1497 3402 T.
1527 3358 1564 3402 Ι.
1594 3373 1636 3416 p.
1666 3355 1772 3403 215.
