2158 3848
680 250 1269 296 ‚nnnusluln
1754 242 1871 304 145

95 385 449 466 praeparari
514 383 774 444 affirmat
835 397 942 463 ap.'
1001 381 1217 459 SyneS.
1283 380 1457 440 *Dion
1511 378 1574 463 p.
1634 386 1735 446 48.
1794 388 1869 448 A.

87 485 494 568 Ἀριστοτέλης
551 487 716 554 ἀξιοῖ
763 483 924 552 τοὺς
965 484 1424 564 τετελεσμένους
1456 556 1459 558 ,
1492 485 1566 546 οὗ
1634 492 1869 566 μαθεῖν

91 610 152 646 τι
193 585 326 646 δεῖν
370 585 524 646 ἀλλὰ
567 587 799 646 παθεῖν
837 583 943 645 καὶ
963 583 1339 662 διατεθῆναιγ
1364 583 1734 667 γενομένους
1759 586 1870 665 δη-

89 681 294 746 λονότι
337 677 712 762 ἐπιτηδείους
727 678 828 763 [⁶].
875 681 1058 755 Quod
1102 681 1645 764 efficiebatureipso
1672 702 1871 744 sacro-

82 788 226 842 'rum
282 780 574 862 adspectu
620 781 727 842 diu
773 782 1113 863 cupideque
1161 785 1441 864 expetito
1481 790 1543 852 et
1579 783 1661 843 ad
1706 804 1870 844 com-

86 881 431 942 movendos
490 885 732 944 animos
789 882 1236 960 efficacissimo,
1294 902 1415 963 quo
1449 902 1654 963 quum
1706 884 1868 945 frue-

79 989 295 1047 rentur
358 981 640 1055 homines
708 984 1000 1061 religione
1040 985 1486 1063 ‚praeoccupati
1537 1002 1871 1065 sensusque

73 1081 169 1140 ad
220 1100 318 1141 res
374 1082 799 1161 percipiendas
840 1082 1259 1155 intenderent,
1301 1084 1436 1140 fieri
1476 1101 1603 1142 non
1645 1085 1868 1163 potuit,

86 1183 233 1261 quin
263 1182 520 1242 'multae
546 1236 549 1239 a
576 1190 637 1239 et
688 1184 1349 1258 gravescogitationes
1391 1184 1459 1241 in
1502 1185 1867 1253 animiseo-

84 1299 222 1339 rum
267 1281 675 1351 exorirentur,
695 1280 957 1359 ipsique
993 1285 1201 1342 omnia
1226 1265 1709 1360 magnificentius
1733 1303 1869 1344 sen·-

84 1381 376 1438 tirentet
419 1379 760 1438 sublimius·
799 1386 803 1388 *
847 1379 1011 1440 Hinc
1048 1382 1180 1459 jam
1226 1383 1421 1441 elucet
1465 1403 1588 1463 qua
1614 1387 1868 1444 ratione

87 1476 470 1558 Chrysippus
538 1498 672 1538 eam
741 1479 1177 1562 philosophiae
1232 1492 1505 1562 partem,
1577 1503 1735 1562 quae
1789 1484 1867 1544 de

0 1647 1 1655 ἵ
84 1577 339 1638 deorum
382 1589 607 1639 natura
650 1589 888 1653 tractat,
929 1581 1133 1638 teletis
1168 1581 1695 1641 assimilaveritet
1714 1602 1865 1644 Vero

84 1681 273 1738 etiam
316 1679 491 1738 Plato
553 1679 703 1762 quid
755 1678 1116 1753 intenderit,
1160 1699 1346 1758 quum
1392 1678 1750 1758 adspectum
1794 1683 1868 1741 il-

81 1781 289 1838 lorum
343 1779 718 1839 alternorum
777 1781 1246 1859 exemplarium,
1289 1782 1355 1842 in
1398 1799 1553 1859 quae
1594 1780 1730 1839 sola
1770 1798 1866 1841 sa-

79 1882 256 1960 piens
301 1881 495 1938 aciem
538 1878 774 1958 dirigit,
819 1881 1106 1960 epoptiae
1150 1878 1460 1960 quoddam
1504 1899 1712 1957 genUS,
1757 1880 1868 1941 sed

80 1981 277 2042 multo
320 1979 649 2059 perfectius
694 1998 827 2039 esse
872 1979 1115 2039 diceret.
1201 1978 1527 2055 Nimirum,
1571 1982 1624 2040 si
1666 1982 1866 2042 homi-

81 2099 190 2140 nes
258 2079 341 2139 ad
405 2098 576 2140 sacra
643 2077 1004 2160 quotidiana
1057 2089 1120 2138 et
1175 2080 1452 2157 vulgaria
1495 2080 1863 2143 'accedentes

79 2178 237 2242 illud
279 2180 399 2240 sibi
442 2191 586 2240 ante
630 2181 838 2240 oculos
882 2199 1121 2260 ponere·
1157 2179 1472 2253 solebant,
1514 2181 1681 2260 quod
1725 2183 1862 2241 Plu-

83 2281 324 2340 tarchus
380 2282 712 2364 praecipit,
769 2281 868 2343 δεῖ
905 2281 1060 2362 πρὸς
1102 2287 1304 2342 ταῦτα
1347 2278 1533 2365 λόγον
1576 2285 1643 2343 ἐκ
1685 2290 1862 2364 φιλο-

83 2379 307 2462 σοφίας
360 2381 778 2467 μυσταγωγὸν
843 2376 1279 2461 ἀναλαβόντας
1348 2376 1532 2449 ὃσίως
1594 2382 1863 2445 διανοεῖ-

85 2482 240 2541 σθαι
281 2487 410 2543 τῶν
454 2482 800 2566 λεγομένων
841 2481 946 2542 καὶ
983 2480 1326 2561 δρωμένων
1358 2482 1617 2543 ἕκαστον
1657 2479 1759 2563 (de
1782 2482 1859 2541 IS.

85 2598 133 2637 c.
191 2578 294 2637 68.
357 2578 518 2658 194.)
574 2581 772 2662 multo
829 2580 1120 2640 attentius
1177 2589 1338 2637 certe
1383 2579 1684 2640 solemnia
1725 2601 1862 2658 my-

82 2679 237 2738 stica
276 2681 573 2757 speculati
615 2686 797 2755 sunt,
831 2699 1091 2761 quorum
1136 2697 1283 2738 usus
1326 2681 1555 2753 rarior,
1601 2699 1862 2760 appara-

82 2788 186 2842 tus,
239 2780 755 2856 magnificentior,
809 2782 1025 2858 religio
1068 2780 1272 2857 major.
1315 2788 1462 2837 erat.
1548 2779 1713 2838 Hinc
1753 2781 1862 2839 illa

85 2877 397 2942 doctrinae
442 2881 762 2956 „mysticae
823 2882 1183 2959 praeconia,
1248 2880 1458 2958 utique
1508 2896 1650 2961 ¹non
1708 2881 1858 2957 ejuS,

86 2996 269 3057 quam
298 2979 762 3061 Hierophantae
803 2998 1046 3061 quoquo
1089 2978 1277 3040 modo
1322 2980 1657 3039 commenti
1697 2985 1873 3054 sunt,

87 3076 198 3137 sed
251 3079 411 3156 ejus,
468 3098 623 3160 quae
678 3088 931 3141 naturae
989 3089 1209 3160 sponte
1263 3080 1328 3137 in
1385 3079 1606 3137 animis
1660 3077 1856 3141 divini

88 3177 413 3257 capacibus
459 3180 679 3239 extitit.

207 3288 270 3345 [d]
304 3289 402 3335 Hoc
439 3293 541 3349 quid
583 3293 639 3336 sit
681 3296 862 3349 apparet
891 3307 944 3336 ex
974 3293 1201 3337 Jamblich.
1234 3292 1286 3334 V.
1320 3291 1368 3335 Ρ.
1400 3291 1584 3335 XXXII.
1615 3292 1715 3333 228.
1748 3292 1847 3334 δια-

89 3352 367 3405 καθαρθέντι
406 3353 482 3394 καὶ
522 3353 734 3402 ποικίλως
770 3352 1129 3406 ἐπιτηδειωθ-έντι
1170 3349 1244 3394 διὰ
1283 3353 1371 3394 τῶν
1411 3352 1742 3410 μαθηματικῶν
1770 3349 1852 3410 ὀρ-

90 3410 313 3465 γιασμῶν.
