2158 3848
758 256 1214 301 ORPHICA.
1754 243 1872 303 381

97 397 294 467 tinus,
338 390 450 451 sed
492 386 871 450 Jamblichus
916 385 1139 464 aliquis
1183 391 1292 443 aut
1326 382 1620 444 Proculus
1663 387 1882 467 aliquis

5 570 7 572 Ψ
95 494 381 553 carminis
438 500 653 550 auctor
703 485 1090 570 proderetur.
1176 484 1379 543 Multo
1434 493 1711 564 praestat
1762 487 1880 546 Fa-

93 590 302 650 bricii?
325 588 675 669 conjectura
704 581 846 648 {huo
900 586 1221 646 referentis
1264 584 1618 645 Aristotelis
1679 585 1883 645 locum

6 680 7 683 ¹
96 689 174 749 de
217 691 438 749 Gener.
481 690 688 750 Anim.
731 690 810 748 II.
860 688 913 747 l.
958 686 1102 747 613.
1150 682 1215 745 C.
1276 687 1315 767 ἦ
1359 686 1483 773 γὰρ
1536 684 1743 750 πάντα
1786 686 1886 772 γί-

93 817 265 855 νεται
307 791 385 853 τὰ
430 790 622 874 μόρια
667 790 708 871 ’ἢ
754 793 997 873 ἐφεξῆς,
1057 787 1252 869 ὥςπερ
1299 790 1367 850 ἐν
1408 789 1885 870 τοῖςκαλουμέ-

92 917 223 962 νοις
259 893 589 975 Ὀρφικοῖς
635 895 867 954 ἔπεσιν·
940 892 1064 950 ἐκεῖ
1111 887 1235 971 γὰρ
1293 887 1524 970 ὁμοίως
1582 884 1736 972 φησὶ
1787 888 1886 975 γί-

5 1074 9 1077 4
92 979 362 1078 γνεᾶθαι
407 994 478 1056 τὸ
526 994 690 1069 ζῶον
740 999 816 1072 τῇ
870 997 985 1052 τοῦ
1030 986 1288 1050 δικτύου
1342 996 1554 1067 πλοκῇ.
1644 987 1887 1066 Diony-

95 1095 174 1152 sii
241 1094 574 1172 Aegeensis
660 1091 818 1150 liber
885 1086 1208 1151 Δικτυακά
1293 1089 1625 1166 inscriptus
1712 1087 1887 1149 Phot.

97 1190 461 1254 CLXXXV.
530 1215 592 1274 p.
651 1191 797 1252 216.
866 1190 988 1248 fuit
1057 1187 1134 1246 de
1203 1190 1598 1265 generatione
1681 1187 1889 1247 homi-

95 1312 244 1353 num
263 1292 382 1375 [kk]
468 1287 651 1357 Plato
687 1294 825 1372 ipse
869 1290 1028 1350 Tim.
1086 1308 1148 1369 p.
1182 1287 1380 1347 1079.
1440 1287 1512 1346 F.
1576 1288 1654 1347 de
1699 1308 1890 1351 vena-

96 1413 268 1467 rum,
324 1395 724 1466 arteriarum,
777 1410 1115 1471 nervorum
1159 1398 1467 1467 contextu*
1496 1390 1784 1471 loquenS‚
1855 1391 1888 1453 ὃ

96 1494 176 1574 δὴ
219 1493 697 1578 προςεικᾶζομεν
738 1502 830 1576 τῷ
870 1500 985 1556 τοῦ
1029 1489 1262 1573 κύρτου
1307 1493 1637 1577 πλέγΛιιατι·
1698 1500 1761 1581 et
1803 1491 1888 1550 Μ.
1982 1575 1987 1583 .

94 1593 448 1654 Antoninus
503 1596 580 1654 II.
651 1596 726 1654 2.·
797 1594 954 1653 hanc
1039 1592 1434 1651 artificiosam
1503 1600 1892 1652 ‘structuram

97 1694 541 1777 κροκύφαντον
606 1703 670 1754 et
734 1692 1113 1780 πλεγμάτων
1171 1702 1372 1754 Vocat.
1479 1691 1657 1753 Nilus
1714 1693 1892 1752 Phot.
1939 1711 1941 1713 ·

101 1794 486 1856 CCLXXVI.
530 1797 673 1856 838.
740 1797 934 1855 fetum
989 1796 1056 1854 in
1112 1805 1289 1853 utero
1344 1795 1490 1871 fingi
1545 1795 1633 1852 ait
1685 1803 1756 1852 ut
1796 1795 1894 1874 pi-

99 1907 336 1956 cturam
380 1881 460 1955 in.
492 1898 719 1976 textili,
754 1897 825 1958 τὸ
857 1896 1013 1977 αἷμα
1058 1896 1195 1957 οἷον
1237 1892 1474 1959 σινὸών
1510 1921 1604 1964 τις
1648 1893 1892 1957 ὑπόκει-

103 2023 207 2059 ται
241 2006 317 2077 τῇ
343 2007 589 2080 μορφῇ·
638 2016 822 2083 quam
869 1990 1340 2079 similitudinem
1374 1994 1684 2054 subtiliter
1723 2014 1893 2055 exse-

102 2108 374 2179 quuntur
421 2088 779 2178 Nymphaei
832 2097 1168 2156 Ithacensis
1235 2106 1296 2155 et
1355 2096 1519 2155 telae
1574 2095 1632 2157 N
1634 2091 1894 2178 ym'pha-

98 2218 240 2259 rum
282 2208 669 2257 enarratores
714 2197 1060 2274 symb‘olici.
1146 2197 1541 2276 Porphyrius.
1575 2195 1653 2256 de
1695 2196 1771 2259 A.
1818 2196 1891 2257 N.

102 2299 270 2359 XIV.
331 2299 428 2358 14.
500 2308 564 2356 et
618 2296 929 2356 Johannes
999 2284 1540 2377 Protospatharius
1610 2296 1691 2357 ad
1750 2292 1892 2357 Hes,

108 2398 270 2479 Opp.
293 2418 354 2460 V.
380 2400 526 2458 777.
559 2398 677 2477 τὴν
703 2398 898 2482 φύσιν
915 2398 1191 2480 τ’(,ᾒιιηρος
1214 2404 1487 2484 γυναῖκα
1514 2399 1665 2484 λέγει
1669 2446 1689 2472 ,
1717 2399 1894 2462 ἱστὸν

101 2499 222 2581 μὲν
263 2499 664 2582 ὗφαίνουσαν
709 2497 1158 2583 ἅλιπορφύροις
1202 2497 1457 2580 νήμασι,
1503 2497 1584 2560 τὰ»
1627 2498 1894 2582 ἡμέτερα

101 2598 364 2683 σώματα
406 2606 535 2670 τοῖς
578 2604 798 2682 αἳζαασι
850 2606 980 2670 τοῖς
1034 2603 1362 2683 &ev-9905&
1419 2598 1519 2668 ἐπὶ
1560 2598 1894 2684 ἐργαλείων

99 2700 171 2764 δὲ
223 2700 643 2784 μαρμαρίνων
696 2708 828 2764 τῶν
886 2702 1093 2764 ὄστιῦν
1149 2710 1260 2759 etc.
1358 2698 1749 2781 Hippolytus
1816 2698 1893 2758 de

102 2801 374 2863 Antichr.
398 2802 504 2861 111.
541 2801 600 2861 6.
643 2801 828 2862 Fabr.
875 2799 1150 2884 στήμων,
1195 2798 1418 2886 κρόκη,
1464 2801 1502 2881 ἡ
1550 2801 1707 2882 σὰρξ
1749 2803 1893 2864 ἐνυ-

226 3006 320 3067 [u]
351 3011 482 3055 Aliud
522 3016 819 3068 argumentum
859 3012 946 3055 fuit
984 3012 1111 3064 libri,
1137 3012 1210 3054 de
1254 3025 1338 3068 quo
1379 3009 1639 3057 Eustathius
1683 3022 1726 3065 p.
1760 3009 1889 3057 1196.

102 3064 175 3131 46·
220 3069 394 3122 ζηλοῦσι
420 3069 469 3115 τὸ
502 3071 761 3144 δίγλωσσον
790 3065 986 3129 μάλιστα
1017 3074 1061 3115 οἱ
1091 3071 1389 3125 διαλεκτικοὶ,
1424 3066 1485 3118 ὥς
1514 3070 1591 3111 καὶ
1621 3066 1784 3123 Ζήνων
1813 3071 1893 3112 καὶ

102 3128 148 3170 οἱ
178 3126 407 3183 ἐφεκτικοὶ
434 3132 511 3173 καὶ
541 3147 564 3174 ο
595 3129 650 3174 τὰ
681 3127 912 3173 Δικτυακὰ
939 3127 1210 3189 μελετήσας,
1254 3121 1318 3172 ὧν
1348 3125 1518 3177 σκοπὸς
1546 3125 1602 3170 τὰ
1631 3125 1887 3186 ἀντικείμε-

100 3198 161 3229 να
202 3183 565 3246 κατασκευάζειν,
598 3184 698 3235 οἷον
726 3191 940 3233 λουστέον
967 3187 1048 3234 τὸν
1076 3193 1352 3246 πυρέττοντα
1382 3184 1458 3229 διὰ
1489 3184 1544 3230 τὰ
1572 3187 1651 3230 καὶ
1691 3183 1774 3242 τά,
1811 3189 1890 3231 καὶ

100 3239 242 3286 πάλιν
281 3242 347 3302 μὴ
386 3243 598 3292 λουστέον
637 3246 713 3291 διὰ
758 3245 812 3290 τὰ
843 3249 920 3301 καὶ
948 3244 1018 3292 τά.
1080 3249 1207 3290 Talis
1236 3248 1347 3289 liber
1378 3245 1548 3288 Gobari
1578 3259 1604 3287 a
1634 3245 1792 3289 Photio
1824 3246 1888 3288 le-

102 3307 200 3343 ctus
243 3302 466 3347 CCXXII.
496 3305 597 3349 470.
650 3307 696 3349 in
727 3321 813 3363 quo
844 3303 962 3349 dieta
991 3307 1171 3349 Patrum
1203 3305 1434 3348 contrariis
1463 3303 1764 3356 resolvuntur3
1796 3305 1887 3347 Fa-

100 3358 264 3403 bricius
293 3360 408 3404 Bibl.
442 3362 501 3407 T.
530 3363 586 3407 X.
616 3364 718 3408 731.
751 3364 862 3407 falso
891 3364 1062 3408 titulum
1093 3366 1157 3408 sic
1185 3365 1524 3423 interpretatur,
1556 3364 1682 3420 quasi
1710 3364 1784 3406 ille
1808 3379 1886 3407 vo·-

101 3417 232 3464 luerit
259 3419 443 3464 lectores
471 3421 642 3466 irretire
673 3422 903 3467 contrariis
934 3424 1186 3468 rationibus,
