2158 3848
116 2772 119 2776 ·
198 2752 273 2792 bat
315 2753 495 2790 exornat
534 2747 762 2790 Platnerus
803 2747 849 2788 in
878 2745 1069 2801 Symbol.
1101 2746 1158 2787 ad
1186 2747 1264 2788 Jus
1293 2746 1382 2788 Att.
1411 2761 1453 2802 p.
1484 2745 1553 2788 88.
1585 2745 1639 2798 de
1669 2744 1771 2787 Sole
1801 2744 1962 2800 Apolli-

205 191 328 249 762
724 196 960 238 ωΒΕιι
1004 195 1430 239 εΕουΝυυε.
2117 0 2158 285 l

203 339 403 391 rentes
460 339 518 386 et
575 328 746 406 quasi
803 324 1234 403 protoplastos
1284 395 1286 398 v
1322 324 1438 383 Pro
1483 325 1598 404 τὴν
1640 331 1767 403 Γῆν
1791 312 2000 400 .>Ety-'
2108 288 2158 346 [ᾗ

201 431 495 506 mologus
514 426 851 486 substituit»
878 425 992 504 τὴν
1033 421 1333 503 Σελήνην,
1378 425 1531 484 alios
1565 422 1824 484 fortasse
1858 441 1964 484 au-
2132 424 2158 486 2

201 538 396 589 ctores
440 536 747 606 sequutuS‚
789 542 912 583 non
953 531 1112 582 certe
1145 523 1592 605 Philochorum,
1638 525 1743 603 qui
1776 541 1963 603 quum
2140 510 2158 610 ξ

204 629 549 710 Apollinem
597 622 855 683 eundem
901 641 1038 682 esse
1072 621 1279 681 Solem
1324 625 1770 702 pronunciaret,
1812 622 1969 682 nihi-l
2027 699 2031 706 Ι

200 728 369 789 aliud
407 728 545 804 egit,
589 743 769 804 quam
810 732 878 782 ut
903 722 1209 802 Apollinis
1234 721 1524 806 πατρῴου
1550 725 1778 784 cultum
1803 723 1966 800 genti
2128 707 2158 802 5

115 903 118 906 ι
200 848 345 888 suae
426 825 740 907 publicum
812 822 892 883 ad
960 822 1199 910 Solem,
1288 821 1541 883 deorum
1607 824 1964 903 principem,

198 925 557 985 transferret
617 942 810 1003 eoque
864 922 1265 982 Athenienses
1312 922 1472 982 Solis
1532 931 1669 982 satu
1713 922 1964 981 Terrae--

200 1045 316 1107 que
386 1035 679 1105 conceptu
748 1023 946 1083 editos
1014 1022 1479 1083 demonstraret.
1583 1022 1685 1108 Sic
1715 1019 1966 1105 'Anecd.

198 1127 388 1186 Bekk.
454 1145 513 1205 p.
570 1126 710 1184 292.
783 1127 842 1188 οἱ
896 1132 1128 1205 πρῶτοι
1176 1123 1525 1202 Ἀθηναίων
1578 1123 1968 1209 γεγενημένοι

196 1227 413 1311 γονέας
470 1227 664 1305 ᾤοντο
723 1225 880 1287 εἶναι
918 1230 1042 1308 ’γῆν
1085 1224 1190 1284 καὶ
1231 1224 1432 1301 ἥλιον·
1466 1225 1510 1286 ’ὅ
1555 1223 1625 1286 δὲ
1662 1219 1968 1285 Ἀπόλλων

197 1328 359 1404 ἥλιος
416 1325 570 1385 εἶναι
615 1323 895 1400 ὃοκεῖ[““]
942 1324 1046 1383 καὶ
1087 1323 1193 1384 διὰ
1236 1332 1420 1384 τοῦτο
1465 1322 1720 1401 πάτριος
1755 1319 1967 1383 Ἀπόλ.α

199 1434 323 1487 λων
368 1423 504 1503 (leg.
550 1429 833 1502 πατρῷος
869 1421 1262 1498 Ἀθηναίων).
1350 1421 1549 1479 Schol.
1604 1420 1866 1481 Aristid.
1894 1441 1965 1500 vp.
2031 1494 2034 1499 ,
2111 1446 2113 1451 ·
2151 1455 2155 1484 ;

199 1523 296 1582 14.
355 1529 639 1603 πατρῷος
688 1517 992 1582 Ἀπόλλων
1037 1519 1069 1581 ὃ
1115 1526 1244 1582 τῶν
1281 1520 1566 1597 Ἀθηνῶν
1611 1520 1965 1610 ἀρχηγέτης,

198 1625 292 1686 ὅτι
335 1629 583 1704 πρῶτον
627 1620 796 1682 εἶδον
836 1619 948 1682 τὸν
990 1619 1162 1697 ἥλιον
1206 1619 1288 1688 ὥς
1324 1617 1704 1698 αὐτόχθονες
1719 1620 1790 1696 [⁰]
1837 1619 1968 1697 qui·
2040 1678 2043 1683 ,

194 1724 309 1782 bus
354 1720 617 1780 concinit
661 1719 860 1778 Schol.
903 1720 969 1778 in
1003 1718 1155 1777 Plat.
1191 1717 1458 1795 Euthyd.
1493 1739 1554 1799 p.
1589 1719 1688 1778 98.
1729 1719 1967 1785 Ruhnk.

196 1841 308 1881 nec
348 1821 687 1898 refragatur
731 1817 942 1879 Cicero
985 1819 1135 1899 Rep.
1179 1819 1283 1878 III.
1334 1818 1427 1877 14.
1472 1818 1613 1880 243.
1683 1818 1969 1879 Arcades

198 1933 260 1980 et
312 1921 717 1981 Athenienses
774 1930 1138 1997 tanquam
1196 1919 1332 1978 hos
1391 1938 1476 1978 ex
1520 1920 1733 1980 arvis
1777 1938 1967 1978 mus-

197 2023 415 2081 culos
484 2021 758 2079 extitisse
811 2019 1107 2092 referens3
1177 2018 1481 2078 Lucianus
1539 2019 1808 2099 Philops.
1860 2016 1967 2078 111.

196 2121 339 2182 251.
397 2121 488 2180 T.
523 2120 654 2178 vll.
711 2110 911 2177 dicere
968 2119 1186 2178 maluit
1240 2116 1525 2201 καθάπερ
1581 2121 1661 2182 τὰ
1704 2118 1965 2198 λάχανα,

196 2221 361 2306 quod
395 2220 494 2280 'de
549 2219 764 2301 primis
808 2219 1126 2278 hominum
1167 2220 1500 2296 generatim
1544 2216 1701 2278 dixit
1742 2219 1969 2331 Emges

197 2306 402 2381 docles
440 2341 474 2379 e
510 2331 723 2382 terra
762 2327 990 2378 natos
1030 2337 1199 2378 esse
1237 2329 1320 2378 ut
1355 2318 1648 2379 blitum.
1674 2338 1734 2381 v.
1766 2311 1989 2378 Stur‘z‘z'

197 2442 256 2501 p.
300 2421 442 2480 436.
510 2419 692 2493 Quod
735 2419 815 2479 ad
858 2420 1170 2497 Exegetici
1212 2429 1521 2479 auctorem
1567 2420 1818 2493 attinet,
1862 2420 1967 2498 qui

197 2521 615 2600 Tritopatrum
669 2522 934 2579 nomine
974 2518 1369 2580 Centimanos
1426 2518 1719 2581 declarari
1775 2517 1967 2579 credi-

314 2690 406 2746 [1111]
447 2689 542 2731 Has
595 2687 929 2744 antiquariorum
980 2688 1322 2731 inventiunculas
1364 2689 1585 2745 operosius
1626 2701 1751 2743 quam
1792 2692 1963 2742 oporte-

199 2809 291 2851 uari
328 2808 419 2850 sive
455 2806 654 2862 Apolline
693 2805 828 2859 solari
867 2804 1001 2847 multa
1044 2804 1277 2859 symbolice
1304 2805 1502 2860 profatus
1514 2837 1526 2857 ‚
1569 2804 1724 2860 quibus
1753 2802 1964 2846 Pausonis

199 2866 406 2909 correctio
437 2863 703 2916 adhibenda3
735 2866 775 2907 εἰ
801 2866 916 2921 γοῦν
942 2878 1007 2912 τις
1035 2860 1148 2906 αὐτὰ
1178 2865 1362 2921 στρέψει
1373 2896 1384 2918 ,
1428 2859 1654 2920 ὀρθότατα
1683 2863 1788 2919 ἔχει.

315 2939 380 2993 [⁰]
414 2938 586 2980 Statius*
613 2937 755 2980 Theb.
785 2936 887 2979 XII.
919 2934 1016 2978 510.
1045 2935 1237 2979 Athenas
1267 2935 1459 2978 celebrat

370 2997 462 3038 Ceu
491 2996 611 3052 leges
641 2997 670 3037 h
684 3010 756 3039 om
768 2997 821 3037 in
832 3010 856 3037 e
868 3009 907 3037 m
919 3008 986 3050 qu
998 3009 1022 3037 e
1051 3007 1078 3035 n
1090 3009 1115 3036 ο
1127 3009 1191 3037 vu
1203 3008 1242 3036 m
1272 2995 1467 3050 ritusque
1497 3006 1710 3042 sacrorum

370 3056 620 3111 seminaque
641 3054 684 3096 in
715 3068 873 3097 vacuas
903 3053 1001 3096 hinc
1029 3053 1329 3096 descendentia
1358 3059 1511 3095 terras.
1964 3066 1965 3074 ¹

200 3110 490 3175 Πρυηόγονοι
530 3120 736 3156 vocantur
777 3112 1059 3173 Athenienses
1096 3111 1141 3154 in
1181 3112 1326 3155 Schol.
1358 3112 1466 3154 Rav.
1498 3111 1554 3153 ad
1584 3109 1715 3160 Arist.
1732 3164 1733 3167 Ἴ
1747 3107 1860 3165 qu.
1891 3104 1960 3150 42.

200 3188 293 3216 cum
332 3173 422 3215 sole
458 3172 552 3227 ipso
594 3172 685 3215 nati
716 3171 919 3214 Menand.
962 3167 1028 3214 de‘
1054 3170 1229 3214 Encom.
1269 3170 1327 3212 II.
1359 3169 1399 3212 3.
1430 3185 1469 3226 p.
1502 3169 1574 3214 81.
1617 3167 1697 3210 ubi'
1720 3166 1780 3208 nil
1808 3166 1963 3209 utimur

201 3232 400 3275 Heerenii
429 3231 644 3273 acumine:
675 3245 862 3286 omnes
890 3229 1027 3273 illas
1057 3230 1418 3286 antiquorum
1447 3227 1726 3280 hominum
1747 3225 1960 3282 gloria-

199 3291 416 3342 tiones,
462 3303 619 3344 quum
651 3303 706 3331 se
737 3289 828 3332 vel
859 3289 980 3331 sole
1009 3290 1099 3332 vel
1128 3289 1263 3332 luna
1293 3286 1661 3343 antiquiores
1690 3284 1959 3329 dicerent

200 3350 261 3391 ad
295 3349 466 3393 solam
498 3347 677 3404 prisci
709 3361 846 3390 serm
862 3348 981 3402 offis
1011 3346 1253 3391 indolem
1284 3344 1620 3390 referendas
1651 3356 1786 3385 esse.
1904 3343 1907 3350 '
