2158 3848
218 242 301 303 98
808 249 1046 293 muna
1078 225 1402 295 'PRIMUS

219 390 704 465 propugnatores
765 380 875 442 alii
917 382 1046 442 suis
1089 382 1346 462 quisque
1387 378 1539 440 locis
1581 375 1772 440 modo
1817 375 2004 439 cavil-

217 467 420 543 landov
461 480 650 545 modo
707 480 1120 559 objurgando,
1179 480 1367 541 modo
1411 477 1757 539 rationibus
1800 485 1865 536 et
1907 495 2007 536 ar—

218 583 523 662 gumentis
579 583 878 658 mysticae
932 581 1194 659 pituitae
1237 581 1628 656 contagiones
1669 578 2009 657 reprimere

218 681 616 752 studuerunt3
663 697 924 757 quorum
960 677 1196 755 judicia
1237 680 1304 736 in
1349 687 1645 740 contextu
1689 679 2010 748 sermoniS‚

219 782 459 863 quoties
502 798 600 838 res
645 778 936 856 locusque
982 776 1405 851 admonuerit,
1447 778 1802 841 referentur.
1883 775 2010 834 Sed

218 884 370 942 vicit
420 878 713 938 nimirum
759 874 984 955 cupido
1018 877 1249 953 ingenii
1283 876 1536 936 humani
1572 877 1884 938 lubentius
1911 893 2011 944 oc-

218 980 396 1039 cultar
439 974 752 1036 scrutandi
812 976 1246 1055 affectavitque
1304 985 1439 1036 tum
1495 975 1648 1040 alias
1690 976 1773 1037 ad
1817 977 2012 1039 coele-

217 1080 336 1139 stia
376 1077 519 1137 vias
561 1086 695 1138 tum
737 1076 914 1138 illam·
953 1075 1378 1156 principalem,
1423 1095 1462 1134 a
1498 1074 1796 1151 Theurgis
1838 1093 2011 1136 mon-

217 1187 511 1251 stratam,
555 1176 634 1237 de
677 1195 798 1257 qua
839 1195 953 1236 nos
998 1175 1234 1256 aliquid
1278 1175 1482 1236 dicere
1526 1175 1970 1237 constituimus.

383 1278 533 1337 Fuit
575 1287 784 1342 autem
829 1278 1264 1353 mysteriorum
1310 1276 1808 1353 Theurgicorum‚
1850 1292 2014 1336 sum-

216 1379 435 1438 matim
479 1376 980 1450 aestimantibuS‚
1036 1396 1225 1455 genus
1284 1374 1550 1457 duplex3
1607 1393 1803 1434 unum
1845 1393 2017 1451 grae-

218 1479 526 1553 canicum,
582 1478 842 1539 alterum
858 1520 875 1550 ‚
929 1486 1000 1536 ut
1056 1476 1311 1551 dicitur,
1367 1494 1622 1556 peregre
1664 1473 2014 1547 advectum,

218 1587 286 1637 ut
339 1597 437 1638 res
482 1587 606 1649 est,
663 1578 938 1637 mixtum
995 1597 1029 1635 e
1074 1575 1429 1638 domesticis
1485 1585 1548 1635 et
1590 1575 1871 1636 barbaris
1914 1593 2016 1636 su-

216 1676 706 1757 perstitionihus.
791 1675 953 1735 qud
1007 1677 1188 1756 quale
1245 1677 1433 1736 fuerit
1489 1698 1523 1736 e
1566 1675 1900 1757 Porphyrii
1942 1676 2018 1735 li·

138 1835 141 1852 ,χ
217 1778 330 1838 bro
377 1777 455 1836 de
501 1777 779 1839 Oraculis
811 1775 883 1857 [¹]
943 1777 1079 1838 sive
1121 1778 1261 1861 περὶ
1302 1784 1412 1857 τῆς
1455 1779 1521 1838 ἐκ
1565 1775 1794 1863 λογίων
1837 1783 2017 1859 φιλο-

220 1877 445 1960 σοφίας
489 1876 668 1937 docet
711 1894 825 1935 nos
869 1876 1206 1952 Eusebius3
1266 1878 1449 1956 hujus
1492 1878 1782 1942 notitiam
1824 1877 2017 1941 conti-

221 1987 370 2036 nent
415 1977 662 2041 oracula
706 1973 1067 2051 Chaldaica3
1125 1979 1370 2058 utrique
1413 1986 1623 2037 autem
1665 1975 1836 2042 idem
1877 1977 2017 2037 finis

219 2079 611 2157 propositus,
684 2077 1009 2163 θεαγωγία
1066 2086 1130 2136 et
1181 2077 1466 2140 θεοπτία.
1554 2075 1715 2141 Nam
1769 2085 2031 2157 postea--

221 2194 407 2255 quam
462 2186 744 2238 veterum
802 2177 1191 2238 oraculorum
1245 2176 1399 2241 fides
1457 2178 1678 2241 eviluit
1692 2219 1711 2250 ‚
1780 2193 2018 2238 novum

222 2277 337 2336 hoc
381 2293 570 2352 genus
614 2266 1157 2355 praestigiatorum
1197 2278 1705 2358 progerminavit,
1748 2277 1856 2356 qui
1895 2275 2018 2341 sihi

223 2395 260 2434 a
304 2373 424 2434 diis
479 2377 634 2456 ipsis
692 2395 900 2436 rerum
942 2380 1362 2438 maximarum
1406 2378 1729 2441 scientiam
1771 2393 1884 2456 per
1927 2375 2018 2435 fa-

223 2474 494 2535 miliaria
559 2478 926 2536 commercia
981 2479 1288 2559 impertiri
1341 2479 1638 2554 fingerent
1655 2520 1674 2550 ‚
1743 2484 2019 2548 assumta

223 2576 291 2634 in
346 2574 644 2635 auxilium
701 2576 875 2637 avita
929 2578 1368 2656 superstitione
1381 2619 1399 2650 ‚
1467 2576 1618 2636 deos
1674 2577 2020 2643 secretiori-

226 2673 340 2734 bus
385 2672 759 2754 quibusdam
801 2676 1151 2736 cerimoniis
1197 2677 1365 2750 elici,
1411 2676 1651 2762 elicitos
1696 2674 1775 2734 de
1817 2675 2019 2739 oecul-

232 2775 310 2833 tis
352 2776 718 2852 interrogari
760 2792 961 2854 posse.
1026 2776 1321 2837 Proculus
1362 2778 1429 2836 in
1474 2775 1687 2837 Theol.
1728 2776 1776 2836 Ι.
1821 2795 1870 2836 c.
1914 2773 2016 2843 21.

230 2894 290 2954 p.
337 2871 437 2933 55.
482 2877 550 2938 ἐν
602 2880 734 2945 τοῖς
781 2882 1087 2959 χρησμοῖς
1142 2880 1201 2940 οἱ
1252 2877 1396 2940 θεοὶ
1447 2877 1529 2939 τὰ
1586 2873 1803 2941 πάντα·
1837 2873 2017 2942 διδοί-

234 2995 471 3047 σκουσι,
513 2974 593 3038 τὰ
637 2974 751 3037 ὅλα
794 2976 899 3039 καὶ
940 2976 1021 3038 τὰ
1063 2977 1309 3060 μερικὰ,
1352 2976 1434 3040 τοὶ
1478 2975 1707 3043 αἰώνια
1742 2985 1852 3039 etc.
1894 2975 2018 3036 Ne«

232 3091 350 3152 que
392 3074 510 3133 hoc
552 3074 786 3148 solum,
842 3073 951 3136 sed
1006 3078 1198 3137 etiam
1254 3094 1409 3158 quae
1450 3079 1777 3158 unicuique
1820 3076 2016 3137 coele-

352 3227 416 3284 [ἱ]
447 3228 540 3272 Sub
582 3230 664 3273 hoc
703 3232 830 3275 titulo
871 3232 980 3275 citat
1019 3232 1195 3278 Ficinus
1236 3234 1391 3278 librum
1433 3249 1460 3278 a
1502 3249 1549 3277 se
1590 3234 1748 3277 lectum
1779 3233 1939 3276 Comm.
1970 3233 2015 3275 in

234 3287 348 3330 Plot.
376 3287 490 3331 Enn-
517 3287 576 3332 ΙΙ.
606 3289 660 3333 L.
689 3290 768 3333 III.
799 3306 837 3334 c.
866 3291 909 3335 7.
937 3305 967 3348 p
1001 3291 1096 3335 121.
1126 3308 1163 3337 c.
1194 3292 1236 3341 8.
1264 3309 1307 3351 p.
1342 3292 1442 3337 126.
1468 3294 1615 3350 (Vers.
1646 3293 1747 3336 Lat.
1776 3308 1820 3350 p.
1843 3292 1916 3335 70.
1946 3292 2013 3347 a.)
2094 3332 2097 3333 γ

235 3345 346 3388 Eun.
387 3346 469 3390 III.
507 3346 560 3389 L.
606 3349 644 3388 1.
685 3364 722 3390 c.
766 3349 833 3393 10.
902 3350 975 3393 Ex
1012 3350 1088 3395 illa
1118 3352 1286 3397 fabrica
1314 3352 1486 3398 videtur
1515 3352 1732 3396 oraculum
1763 3366 1791 3395 a
1820 3350 2014 3394 Stobaeo

237 3408 452 3448 servatum
479 3403 578 3448 Ecl.
608 3405 689 3450 Ph.
720 3407 755 3450 I.
786 3423 823 3450 c.
854 3407 923 3452 52.
951 3408 1052 3452 998.
