2158 3848
775 256 1222 301 onrnch.
1754 244 1875 305 385

117 392 428 477 γράφουσι
441 389 535 471 [¹¹⁵]
578 388 648 452 δὲ
690 390 757 450 ἐν
801 386 972 469 αὐτῷ
1015 382 1180 447 τάδε.
1261 387 1437 469 Ἀρχὴ
1481 388 1556 450 δέ
1601 417 1710 470 μοι
1763 401 1875 455 τοῦ

119 491 325 576 λόγου,
369 486 575 551 πάντα
615 484 795 568 τρία
835 483 964 546 καὶ
1006 482 1236 548 πλέον
1278 488 1608 550 ἔλασσον
1649 492 1876 552 τοῦδε

117 587 465 652 ἐλάσσων
504 583 803 648 τούτων
844 591 1086 667 τριῶν
1128 585 1258 648 ἑνὸ
1276 611 1306 656 ς
1349 583 1680 651 ἑκάστου
1717 589 1878 671 ἄρε-

114 689 199 767 τὴ
254 683 504 767 τριάς,
577 682 889 753 σύνεσις
918 683 1075 746 -καὶ
1139 709 1225 767 κρ
1244 683 1421 757 άτος
1480 685 1610 749 καὶ
1660 685 1877 767 τύχη·

116 805 272 867 quae
315 786 430 844 hoc
472 783 661 843 modo
679 830 682 831 ν
707 782 1131 844 constituenda
1175 783 1488 846 videntur:
1543 787 1719 869 Ἀρχὴ
1773 786 1881 866 ἥδε

111 912 219 969 μοι
259 893 374 947 τοῦ
419 882 605 970 λόγου
625 885 698 965 [¹¹]
744 882 951 947 πάντα
981 884 1123 966 τρία
1166 885 1271 947 καὶ
1294 886 1479 948 πλέον
1509 886 1695 950 οὐδὲν
1738 884 1882 949 οὐδὲ

117 989 379 1048 ἔλασσον
395 1004 408 1015 ·
465 982 707 1048 τούτων
760 992 892 1047 τῶν
932 992 1125 1067 τριῶν
1167 984 1302 1053 ἑνὸς
1345 982 1606 1048 ἑκάστου
1618 1032 1640 1059 ,
1695 1004 1886 1065 quan-

115 1104 298 1167 quam
352 1093 700 1164 postremae
765 1085 962 1163 partis
1026 1083 1234 1163 plures
1298 1086 1566 1162 proponi
1623 1093 1887 1163 possunt

117 1183 574 1245 emendationes
591 1184 685 1264 [⁰].
771 1181 875 1241 Ad
916 1192 1340 1259 argumentum
1394 1180 1538 1241 libri
1581 1182 1744 1262 quod
1796 1193 1886 1242 at-

116 1287 270 1344 tinet
283 1326 300 1355 ,
343 1283 662 1364 Reinesius
707 1280 877 1340 Varr.
921 1281 1113 1341 Lectt.
1155 1283 1202 1341 Ι.
1258 1282 1358 1341 22.
1413 1299 1474 1361 p.
1521 1281 1620 1342 93.
1676 1283 1885 1342 Ionis

115 1383 490 1461 Triagmi,
532 1381 761 1460 inquit,
807 1390 1164 1462 quantum
1209 1400 1244 1439 e
1287 1380 1609 1440 laciniis
1653 1400 1889 1462 appa-

52 1485 54 1489 ’
113 1493 264 1556 ret,
332 1483 413 1542 fu
429 1489 655 1540 erunt
722 1479 811 1540 de
876 1499 1193 1542 numero
1263 1482 1630 1541 ternario.
1725 1481 1889 1541 Hinc

116 1591 402 1662 excerpta
444 1581 734 1657 videntur
747 1623 765 1654 ,
826 1599 982 1659 quae
1023 1579 1401 1660 Philoponus
1457 1580 1537 1639 ad
1579 1579 1765 1640 Arist.
1803 1581 1888 1640 vde

118 1682 336 1742 Gener.
380 1691 442 1740 et
481 1682 596 1742 Int.
637 1682 828 1761 Harp.
871 1679 974 1740 46.
1016 1680 1075 1739 b.
1159 1682 1371 1740 Ionem
1416 1678 1495 1739 de
1537 1682 1725 1742 ternis
1769 1681 1889 1739 ele-

117 1851 284 1908 Orphei
313 1851 535 1894 historiam
566 1850 820 1895 confutavit.
852 1850 909 1894 cf.
940 1848 1123 1905 Bentley
1155 1850 1318 1906 Opusc.
1354 1863 1398 1906 p.
1429 1848 1500 1891 71.
1533 1847 1694 1890 Reiske
1723 1849 1885 1907 thitt.

117 1909 244 1953 Poet.
275 1909 449 1951 Anthol.
479 1924 522 1966 p.
556 1909 655 1952 194.
736 1911 738 1914 ’
1307 1926 1309 1929 ⁴
1790 1911 1791 1914 =

235 1995 307 2052 [¹¹¹]
339 1996 500 2038 Notum
529 1999 620 2048 est,
662 1997 831 2038 veteres
862 1994 1052 2037 eriticos
1080 1993 1124 2036 in
1153 1993 1320 2036 notitiis
1346 1993 1552 2036 literariis
1579 1993 1718 2051 prima
1745 1994 1890 2049 cujfls-

118 2068 202 2111 que
246 2053 348 2096 libri
390 2055 526 2097 verba
566 2054 794 2111 exsignare
823 2053 1109 2101 solitosesse.
1141 2067 1184 2096 v.
1216 2052 1386 2096 Jonsius
1417 2052 1578 2108 Script.
1609 2052 1722 2095 Phil.
1753 2052 1814 2095 ΙΙ.
1845 2050 1886 2095 5.

117 2127 160 2170 p.
194 2111 291 2155 162.
315 2107 511 2171 Ἀναγρά
555 2125 685 2156 ουσιν
713 2113 763 2158 ἐν
792 2109 912 2168 αὐτῷ
939 2102 1047 2154 wi&
1087 2111 1262 2154 brevius
1292 2111 1449 2153 dictum
1482 2124 1608 2166 quam
1636 2124 1715 2166 pro
1744 2115 1890 2152 nostra

73 2206 76 2208 .
117 2170 422 2272 ‹lxiinsgietttlildine
450 2127 551 2271 Ξεὲξ
569 2171 681 2214 citra
708 2171 850 2222 mendi
879 2169 1164 2226 suspicionem
1177 2201 1190 2220 ‚
1222 2183 1348 2225 quam
1376 2174 1521 2212 movet.
1549 2168 1804 2224 Bernhardy
1833 2166 1889 2210 ad

162 2243 212 2272 ra
233 2243 280 2272 os
332 2259 343 2271 .
376 2243 418 2284 p.
540 2259 551 2272 .

238 2316 304 2371 [¹¹]
335 2314 568 2357 Familiare
598 2315 680 2358 hoc
707 2314 928 2357 veteribus
958 2313 1180 2356 exordIum
1209 2328 1251 2356 v.
1284 2313 1335 2356 C.
1364 2312 1442 2355 XI.
1473 2315 1514 2366 ς.
1549 2312 1589 2357 2.
1621 2313 1672 2356 Ρ.
1703 2312 1761 2356 ΙΙ.

239 2402 305 2458 [0]
339 2402 537 2444 Valesius
559 2400 616 2444 ad
645 2402 783 2458 Harp.
807 2415 849 2457 p.
872 2398 944 2443 98.
971 2404 1188 2457 postrema
1207 2400 1270 2442 sic
1290 2400 1510 2443 emendat:
1531 2387 1680 2444 ’πλέον
1703 2396 1730 2452 ἢ
1754 2400 1890 2443 ἔλασ-

123 2474 206 2504 σον
234 2462 314 2503 τοῦ
342 2462 435 2504 τῶν.
459 2475 484 2503 τ
513 2462 595 2503 ιῶν
623 2457 736 2509 ἑνός.
763 2454 976 2504 Ἑκάστου
1014 2483 1071 2491 --
1099 2459 1307 2501 incertum
1348 2473 1434 2514 qua
1471 2458 1697 2500 sententia.
1756 2457 1891 2500 Bent-

121 2519 230 2573 lejus
260 2517 346 2574 Ep.
379 2518 436 2560 ad
465 2475 651 2574 lvciilhp.
681 2517 782 2560 509.
813 2517 934 2574 Lips.
967 2513 1080 2573 ἀρχὴ
1112 2516 1168 2561 δέ
1188 2531 1271 2574 μοι
1300 2542 1359 2550 -
1387 2519 1485 2575 τρία
1516 2518 1592 2559 καὶ
1622 2510 1722 2559 οὔτε
1750 2517 1892 2561 πλέον

123 2574 222 2622 οὔτε
261 2577 455 2620 ἔλασσον
490 2572 659 2620 τούτων
697 2578 846 2634 τριῶν.
912 2571 1036 2623 Ἑνὸς
1075 2570 1265 2634 {miuron
1305 2581 1388 2618 etc.
1432 2574 1718 2617 Nicomachus
1748 2574 1888 2617 Arith.

124 2634 282 2678 Theol.
318 2635 367 2676 V.
400 2635 470 2679 30.
502 2649 545 2690 p.
577 2634 646 2677 28.
678 2633 774 2676 Ast.
804 2629 968 2681 πεντάς
997 2627 1254 2677 ἔστινᾶλλο
1323 2629 1396 2684 ήτε
1426 2634 1566 2677 πλέον
1602 2628 1713 2691 μήτε
1754 2633 1891 2676 ἔλασ-

118 2707 204 2739 σον
245 2694 423 2750 ἔχουσα.
483 2692 581 2734 Hac
622 2692 848 2735 occasione
882 2691 991 2733 ‘data
1031 2688 1183 2733 addaiu
1197 2722 1211 2744 ‚
1251 2649 1319 2734 is
1339 2691 1453 2747 quod
1483 2705 1510 2733 a
1537 2690 1705 2733 Latinis
1734 2690 1891 2733 dicitur

122 2751 251 2809 plus
288 2751 496 2803 minus,
538 2765 566 2793 a
608 2750 791 2794 Graecis
829 2749 978 2793 eadem
1016 2750 1234 2792 brevitate
1277 2764 1361 2792 non
1402 2749 1488 2792 dici
1529 2750 1604 2792 sed
1647 2750 1786 2794 πλέον
1815 2750 1892 2792 καὶ

124 2810 304 2854 ἔλαττον
345 2808 535 2851 Herodo.
574 2808 633 2851 ΙΙ.
674 2824 719 2866 p.
752 2808 823 2853 19.
865 2810 1006 2852 πλέον
1035 2805 1064 2863 ἢ
1093 2809 1276 2852 ἔλαττον
1306 2808 1493 2860 Quintil.
1524 2808 1577 2850 de
1609 2807 1723 2850 Mus.
1754 2807 1813 2849 II.
1843 2822 1887 2863 p.

124 2866 197 2910 91.
222 2868 396 2924 μᾶλλον
423 2864 450 2922 ἢ
480 2867 664 2911 ἔλαττον
692 2867 869 2912 Lucian.
900 2866 1055 2915 Abdic.
1085 2866 1271 2910 XXVII.
1302 2865 1372 2909 31.
1404 2867 1462 2910 Τ.
1494 2867 1546 2908 V.
1577 2871 1622 2907 et
1649 2879 1727 2921 pro
1758 2865 1889 2922 plus

126 2923 220 2980 plu
234 2939 370 2982 sque
407 2925 731 2968 usitatissimum
773 2924 943 2984 quidem
981 2939 1074 2968 esse
1128 2923 1199 2968 ἀεὶ
1225 2926 1403 2983 μᾶλλον
1431 2939 1509 2967 nec
1538 2937 1681 2966 rarum
1711 2921 1782 2966 ἀεὶ
1812 2924 1890 2966 καὶ

126 2983 298 3040 μᾶλλον
322 2983 529 3041 Hippocr.
558 2983 612 3026 de
641 2983 768 3028 Aeut.
801 2983 912 3026 vict.
943 2984 1024 3027 III.
1054 2982 1125 3025 82.
1156 2983 1209 3026 C.
1240 2980 1367 3026 Diod.
1398 2984 1452 3026 V.
1484 2983 1525 3024 9.
1550 2981 1709 3024 Galen.
1736 2981 1790 3023 de
1813 2980 1888 3024 Us.

128 3044 242 3097 part.
272 3040 308 3084 1.
341 3041 407 3084 18.
436 3041 535 3085 305.
566 3043 618 3084 Α.
650 3041 707 3086 Τ.
738 3042 814 3085 IV.
843 3042 1017 3099 Joseph.
1049 3041 1198 3102 Antiq.
1228 3041 1327 3084 VII.
1359 3039 1402 3084 3.
1435 3040 1535 3083 370.
1568 3040 1715 3082 strab.
1746 3039 1783 3082 I.
1814 3037 1886 3083 31.

127 3097 213 3141 111.
241 3097 341 3142 888.
381 3098 451 3142 ἀεὶ
487 3102 565 3143 καὶ
593 3101 734 3145 πλέον
771 3099 945 3143 Heliod.
975 3100 1098 3143 VIII.
1129 3098 1172 3143 6.
1203 3097 1304 3142 321.
1334 3099 1409 3141 sed
1440 3104 1485 3142 et
1512 3099 1687 3157 μᾶλλον
1712 3098 1889 3156 μᾶλλον

127 3155 230 3199 dici.
267 3170 310 3199 v.
351 3155 535 3202 Meinek.
580 3159 637 3201 ad
675 3157 792 3201 Men.
836 3172 878 3215 p.
923 3158 1023 3202 286.
1065 3159 1205 3203 πλέον
1242 3159 1383 3201 πλέον
1424 3157 1558 3200 Arist.
1605 3156 1722 3199 Nub.
1757 3155 1885 3199 1289.

127 3216 282 3315 ἕὲἒζ””
318 3216 471 3317 ἕὶἷζέ
493 3217 678 3319 έῖῗᾱὶ
710 3216 1013 3318 Βὲἱξεὲῗῗς.
1031 3218 1185 3318 ⁹⁶35?
1221 3216 1299 3315 {3⁶2²
1336 3213 1888 3317 2⁴5³⁰⁵¹'⁷9⁸‘²'{‘1.52013¹¹·.}2

129 3303 228 3372 καί
245 3286 428 3375 ἕῖἷιηον
470 3290 922 3389 Th0010}g.⁹Arithm.
952 3347 995 3390 p.
1015 3289 1096 3375 gab.
1129 3305 1205 3375 κάκ
1233 3305 1298 3376 ἔπ’
1326 3303 1408 3374 καί
1428 3303 1606 3389 μᾶλλον
1633 3330 1797 3374 Aelian.
1825 3330 1883 3373 H.
1929 3345 1933 3349 ·

133 3389 210 3431 An.
243 3387 358 3431 XVI.
384 3387 454 3432 24.
484 3390 548 3435 ἔτι
577 3393 651 3435 καὶ
680 3393 743 3438 ἔτι
773 3390 847 3434 ἆεί
871 3390 1111 3446 Theologg.
1144 3406 1187 3447 p.
1218 3389 1288 3433 31.
