2158 3848
854 159 1310 259 onrnloA.
1857 207 1982 270 545

189 344 268 405 de
314 330 532 405 eadem
560 326 698 404 ‘dea
740 343 1035 422 loquitur,
1079 342 1255 421 cujus
1305 346 1510 405 ortum
1555 348 1747 410 tradit
1782 352 1987 414 Schol.

186 446 439 505 Theocr.
483 445 561 503 Π.
611 444 708 504 12.
750 450 826 524 τῇ
873 440 1156 526 Δήμητρι
1197 445 1448 525 μιχθεὶς
1492 446 1525 510 ὅ
1573 449 1732 519 Ζεὺς
1774 460 1987 517 τεκνοῖ

175 541 464 623 Ἑκάτην,
521 544 604 624 ἣν
658 541 782 607 ὑπὸ
837 550 960 629 γῆν
1002 547 1380 627 πεμφθῆναι
1422 547 1545 611 ὑπὸ
1588 547 1703 611 τοῦ
1748 553 1985 634 πατρὸς

178 645 335 727 πρὸς
405 641 786 724 ἀναζήτησιν
854 643 1296 728 Περσεφόνης,
1354 647 1461 710 καὶ
1517 655 1640 712 νῦν
1681 650 1983 734 ’Ἄρτεμις

175 749 451 806 καλεῖται
484 743 590 807 καὶ
625 742 832 828 φύλαξ
864 745 972 807 καὶ
1009 745 1324 827 δᾳδοῦχος
1341 747 1435 828 [Ἵ.
1480 746 1802 809 Postremo
1838 750 1979 812 Pro-

177 844 493 924 serpinam
546 844 794 905 Dianae
849 844 1151 906 Thraciae
1205 846 1516 909 vocabulo
1575 847 1818 910 Bendin
1874 871 1986 933 ap-

175 945 377 1025 pellat
433 964 535 1025 ap.
593 945 789 1005 Procl.
831 947 898 1006 in
944 947 1158 1006 Theol.
1203 966 1264 1026 p.
1310 945 1455 1007 353.
1510 955 1625 1011 τοῦ
1677 950 1982 1039 Θεολόγου

175 1045 361 1128 μετὰἸ
395 1053 529 1110 τῶν
570 1054 821 1110 πολλῶν
862 1054 972 1126 τῆς
1016 1045 1296 1127 Σελήνης
1340 1044 1677 1130 ὀνομάτων
1719 1052 1826 1114 καὶ
1866 1053 1984 1132 τὴν

178 1146 414 1221 Βένὸιν
455 1152 542 1216 εἶς
583 1146 701 1225 τὴν
741 1146 904 1210 θεὸν
946 1148 1425 1227 ἀναπέμποντος

312 1285 603 1355 Πλουτώνη
637 1306 690 1339 τε
727 1287 850 1357 (καὶ)
887 1267 1205 1358 ΕὐφροσύνηἸ
1234 1286 1419 1351 Βένδις
1453 1308 1507 1342 τε
1542 1287 1765 1361 κραταιή
1789 1290 1858 1359 [†]

169 1433 226 1492 si
285 1431 622 1501 Plutone
663 1431 783 1494 hoc
825 1430 964 1496 loco
1010 1449 1136 1492 non
1180 1435 1686 1513 patronymicum
1734 1445 1827 1496 est
1870 1437 1984 1497 sed

171 1533 496 1612 conjugem
554 1531 842 1592 Plutonis
901 1533 1218 1610 significat.
1305 1533 1480 1595 Idem
1531 1544 1750 1595 tamen
1793 1548 1982 1617 poeta

169 1650 672 1713 unamquamque
714 1632 939 1693 harum
986 1632 1244 1694 dearum
1281 1637 1410 1696 suis
1443 1637 1611 1696 notis
1639 1635 1979 1716 distinguit.

167 1733 262 1794 Ac
331 1733 544 1798 Diana
617 1731 871 1813 quidem
943 1744 1250 1854 perpetua
1310 1737 1668 1814 virginitate
1729 1738 1978 1816 gaudet,

166 1842 511 1915 partusque
548 1842 759 1894 tuetur

693 1999 696 2001 ’
764 1972 949 2045 ἀτελής
984 1979 1080 2044 (τε)
1114 1974 1295 2047 γάμων
1329 1979 1415 2030 καὶ
1450 1977 1660 2049 ἄπειρος
1695 1979 1854 2035 ἐοῦσα

306 2059 620 2131 παιδογόνον
653 2062 831 2131 λοχίης
861 2059 1034 2132 πάσης
1065 2062 1163 2117 ἀνὰ
1197 2064 1415 2136 πείρατα
1447 2061 1570 2119 λύει.

170 2206 364 2291 φησὶν
401 2206 680 2291 Ὀρφεὺς
725 2205 922 2266 Procl.
966 2208 1033 2266 in
1079 2204 1264 2270 Crat?
1290 2226 1352 2287 Ρ.
1403 2207 1545 2268 112.
1603 2208 1978 2290 Proserpina

165 2315 376 2366 autem
433 2315 496 2366 et
550 2307 716 2386 patri
760 2316 823 2366 et
876 2316 1102 2387 patruo
1146 2306 1358 2381 nubit,
1416 2318 1488 2368 ut
1542 2328 1691 2369 mox
1735 2309 1975 2371 dicetur

165 2424 366 2486 neque
433 2405 677 2467 Dianae
745 2406 948 2467 solum
1017 2405 1128 2466 sed
1204 2409 1395 2467 etiam
1464 2408 1742 2471 Hecatae
1798 2430 1976 2471 soror

163 2506 540 2587 perhibetur.
594 2508 892 2567 Proculus
947 2508 1012 2566 in
1074 2507 1231 2567 Tim.
1276 2510 1352 2568 II.
1403 2508 1543 2570 139.
1590 2511 1621 2573 ὅ
1676 2510 1974 2598 Θεολόγος

162 2607 279 2688 τὴν
322 2605 538 2691 Κόρην
579 2614 670 2670 M
676 2632 1193 2694 ουνογενειαν
1237 2613 1424 2673 clm-93
1466 2610 1968 2697 προςαγορεύειν,

160 2708 365 2772 καίτοι
439 2708 546 2772 καὶ
614 2706 809 2790 ἄλλην
875 2707 1153 2789 θεότητα
1206 2711 1599 2798 παραγαγών
1655 2711 1779 2775 απὸ
1838 2720 1971 2776 τῶν

166 2810 381 2873 αὐτῶν
425 2808 647 2874 αἰτίων
688 2818 765 2891 τῇ
810 2808 1007 2894 Κόρῃ,
1070 2810 1190 2870 hoc
1234 2820 1349 2885 est,
1395 2822 1466 2872 ut
1509 2812 1795 2886 arbitror,
1840 2811 1970 2872 He-

165 2917 372 2982 caten,
430 2928 588 2990 quae
643 2911 785 2990 ipsa
826 2909 1214 2997 μουνογενής
1257 2922 1517 2973 vocatur
1561 2911 1639 2971 ab
1683 2910 1966 2972 Hesiodo

167 3008 280 3068 Th.
322 3009 468 3071 426.

285 3179 356 3237 [θ]
389 3180 666 3238 Hesychius:
710 3177 906 3226 Φυλάδα
946 3179 973 3235 ἦ
1000 3179 1183 3238 Ἑκάτη·
1226 3184 1414 3226 fortasse
1457 3177 1649 3227 Φυλάκα
1694 3184 1967 3228 scribendum

165 3243 330 3283 mutato
377 3253 480 3283 casu
518 3241 590 3283 vel
629 3246 679 3287 ut
708 3240 834 3284 codd.
864 3241 1012 3285 Schol.
1041 3243 1250 3286 exhibent
1280 3236 1486 3285 Φυλακά.
1537 3244 1543 3250 ’

282 3325 348 3383 [†]
382 3325 547 3377 Βένδις
585 3327 889 3371 sch01.P1at.
1017 3328 1410 3383 895.Βο1(1(.τῆς
1437 3327 1662 3379 Βενδῖδος
1691 3329 1880 3386 Theogn
1882 3334 1963 3374 ost.

165 3383 210 3427 in
239 3384 389 3429 Indice
419 3385 582 3430 Aneod.
610 3386 751 3430 Bekk.
782 3402 826 3445 p.
858 3343 983 3431 134133.
1014 3388 1056 3430 b.
1086 3387 1175 3432 vid.
1205 3385 1366 3432 Arcad.
1397 3387 1452 3430 de
1481 3388 1584 3431 Ace.
1615 3403 1658 3446 Ρ.
1685 3387 1758 3433 86.
1792 3389 1862 3436 17.

1533 3459 1616 3521 35
