2158 3848
819 198 1295 243 oRPHICA.
1837 186 1959 248 661

176 333 352 391 Icarii
395 326 643 388 caedem
682 326 1084 387 Athenienses
1131 324 1250 386 deo
1294 344 1530 407 poenas
1577 325 1824 390 dedisse
1865 349 1961 392 re-

173 431 320 502 fert,
390 425 645 487 infando
717 425 956 505 pruritu
1006 434 1343 506 *correptos
1357 469 1376 499 ,
1424 423 1643 485 donec
1698 437 1960 494 τοιαῦτα

172 529 331 592 κατὰ
389 524 680 610 χρησμὸν
747 523 1136 605 πεποιηκότες
1203 523 1426 605 πήλινα
1497 523 1780 606 σχήματα
1851 530 1956 591 καὶ

173 628 341 691 ἀνθ’ι
379 624 628 689 ἑαυτῶν
681 626 1024 696 ἀναθέντες
1066 623 1415 690 ἐπαύσαντο
1460 632 1568 705 τῆς
1609 624 1839 706 μανίας
1856 623 1950 708 [¹¹].

172 724 571 786 Manifestum
618 734 712 784 est
757 725 867 785 has
907 726 1287 785 narrationes
1321 742 1534 785 omnes
1568 722 1789 784 eodem
1824 731 1955 782 ten-

172 825 339 899 dere,
381 824 464 885 ad
502 823 933 905 explicandam
980 843 1348 906 pomparum
1390 824 1799 905 phallicarum
1821 825 1956 884 >ori-

150 928 404 1005 ,ginem,
461 943 615 1006 quae
658 916 789 985 tum
832 927 1238 986 communiter
1282 922 1550 1001 Cybelae
1593 935 1655 984 et
1697 923 1956 998 Baccho,

173 1036 312 1086 tum
354 1026 498 1106 huic
540 1024 657 1084 deo
682 1043 960 1084 seorsum
988 1024 1487 1098 instituebantur,
1530 1023 1695 1084 unde
1721 1025 1956 1084 factum

172 1136 266 1185 est
307 1135 378 1185 ut
421 1125 530 1184 alii
572 1125 733 1183 hunc
758 1141 995 1182 morem
1022 1143 1100 1183 ex
1128 1124 1393 1201 Phrygia
1418 1132 1784 1203 repeterent,
1828 1124 1955 1196 alii,

174 1235 244 1285 ut
306 1222 697 1295 HerodotuS,
765 1241 839 1281 ex
891 1221 1223 1302 Aegypte,
1291 1222 1400 1282 ubi
1453 1223 1624 1283 nulla
1679 1224 1958 1283 Deorum

172 1334 370 1388 mater
415 1321 577 1381 culta
621 1332 743 1394 est,
814 1321 1066 1404 quidam
1108 1325 1175 1382 in
1218 1325 1586 1383 memoriam
1629 1324 1960 1402 Prosymni

169 1426 521 1485 institutum
578 1421 849 1482 dicerent
894 1420 1214 1500 (Clemens
1269 1424 1463 1484 Protr.
1524 1443 1584 1504 p.
1629 1423 1758 1503 30.)
1812 1442 1957 1504 pars

171 1525 520 1586 Eleutheris
557 1531 1098 1602 ortumfputarent,
1143 1526 1240 1584 cui
1266 1513 1407 1584 urbi
1432 1524 1701 1601 Dionysi
1729 1525 1958 1585 cultum

177 1626 584 1686 domesticum
627 1623 818 1683 fuisse
863 1624 1085 1684 docent
1127 1624 1387 1685 Diodor.
1431 1626 1537 1684 III.
1583 1624 1684 1685 65.
1728 1625 1957 1703 Hygin.

176 1727 249 1787 F.
294 1724 438 1786 225.
498 1734 560 1783 et
613 1724 971 1785 Plutarchus
1017 1723 1224 1797 Qaest.
1266 1727 1444 1784 Rom.
1491 1724 1644 1785 CIV.
1690 1727 1796 1805 qui
1849 1743 1961 1783 no-

173 1846 318 1888 men
373 1829 579 1906 ipsum
635 1826 755 1886 ἀπὸ
810 1833 924 1887 τοῦ
987 1825 1127 1907 περὶ
1162 1827 1522 1908 Ἑλευθέρας
1558 1827 1959 1908 Ἐλευθερέως

174 1924 488 1990 Διονύσου
544 1923 816 1984 derivari
869 1921 1077 1983 tradit.
1164 1924 1514 1984 Eleutheris
1572 1927 1812 2004 signum
1861 1922 1962 1982 dei

174 2027 452 2088 Athenas
496 2023 846 2084 traductum
892 2034 954 2083 et
994 2026 1061 2083 in
1106 2026 1341 2106 templo
1386 2026 1685 2086 Limnaeo
1729 2025 1964 2106 reposi-

177 2137 309 2188 tum
366 2145 500 2186 esse
555 2127 867 2205 semelque
920 2127 1245 2204 quotannis
1302 2127 1567 2186 solemni
1623 2145 1860 2207 pompa
1899 2126 1967 2184 in

177 2227 579 2290 Academiam
618 2226 840 2286 deduci
877 2234 1089 2285 auctor
1125 2235 1218 2285 est
1246 2226 1600 2287 Pausanias
1642 2246 1703 2288 v.
1741 2223 1997 2285 Siebel.·

179 2328 261 2390 ad
303 2328 374 2389 L.
416 2329 464 2387 1.
509 2329 610 2387 20.
654 2328 713 2386 2.
772 2324 910 2398 Quo
967 2334 1246 2406 tempore
1300 2326 1367 2386 id
1410 2329 1681 2407 primum
1724 2313 1968 2385 institu-

179 2439 314 2490 tum
368 2428 557 2488 fuerit
612 2435 803 2500 tacet,
847 2443 1043 2505 neque
1087 2445 1125 2485 a
1167 2428 1322 2488 viris
1368 2427 1595 2503 doctis,
1658 2427 1765 2506 qui
1807 2426 1969 2484 hunc

177 2531 386 2590 locum
466 2530 534 2587 in
622 2526 1069 2608 praetereundo
1141 2529 1502 2606 attigerunt,
1588 2526 1970 2610 patefactum

182 2640 275 2691 est
291 2631 396 2712 [⁶],
452 2627 564 2689 sed
615 2628 727 2687 illa
782 2629 952 2708 pacis
995 2627 1261 2708 bellique
1304 2630 1599 2703 societas,
1646 2647 1831 2708 quam
1874 2645 1969 2687 sa·

181 2750 424 2793 erorum
481 2726 954 2790 communicatio
1022 2738 1281 2809 sequuta
1335 2738 1461 2803 est,
1530 2739 1662 2789 tum
1721 2726 1971 2788 demum

277 2927 372 3045 ph]
353 2929 586 2987 ]Veteres
627 2927 744 2970 docti
786 2926 1052 2986 disceptasse
1091 2929 1316 2982 videntur,
1360 2934 1499 2972 utrum
1538 2927 1673 2986 phalli
1714 2924 1894 2982 πήλινοι
1931 2925 1974 2968 in

190 2995 274 3030 tem
389 2987 578 3031 dedicati
620 3000 676 3029 an
714 2982 881 3035 ξύλινοι
921 2988 967 3030 ἰιι
997 3002 1153 3046 pompa
1182 2987 1345 3043 gestati
1373 2988 1548 3031 fuerint.
1607 2988 1799 3043 Dionyso
1829 2989 1978 3056 partes

193 3046 407 3117 genitales
448 3050 723 3090 consecratas
761 3045 896 3088 fuisse
937 3047 1126 3090 ostendit
1166 3045 1381 3089 Heracliti
1421 3046 1542 3089 locus
1571 3047 1813 3090 notissimus
1845 3047 1885 3087 εἰ
1912 3041 1978 3101 μὴ

194 3102 282 3164 γὰρ
325 3101 533 3163 Διονύσῳ
578 3101 771 3173 πομπην
813 3103 1075 3161 ἐποιοῦντο,
1120 3105 1281 3149 αῖδοίοι
1287 3116 1361 3148 σιν
1403 3103 1697 3150 ἀναιδέστατα
1730 3119 1766 3148 ει
1754 3108 1976 3161 ιρι·γαστα

194 3170 239 3206 ct
268 3148 531 3219 etymologia
560 3162 795 3221 quamlibet
823 3163 969 3220 inepta
998 3165 1223 3221 Augustin.
1256 3163 1351 3206 Civ.
1383 3164 1483 3206 VII.
1512 3165 1554 3209 2.
1584 3164 1856 3206 Liberum
1888 3175 1981 3203 vo-

197 3222 321 3265 cari
350 3222 499 3279 quod
527 3237 708 3267 mares
739 3222 795 3264 in
827 3224 1085 3266 coeundo
1116 3222 1308 3266 missis
1340 3223 1653 3267 seminibus
1683 3222 1912 3264 liberet.

316 3305 384 3362 [⁰]
420 3305 611 3352 Boeckh.
644 3307 879 3350 Comment.
920 3306 1053 3349 Acad.
1084 3306 1227 3349 Berol.
1259 3306 1367 3348 Ann.
1399 3305 1516 3349 XVI.
1548 3322 1587 3365 p.
1623 3306 1718 3350 119
1753 3302 1982 3347 Thiersch

209 3364 262 3408 de
292 3364 458 3423 Epoch.
492 3364 587 3409 Art.
616 3364 727 3412 fictr.
760 3365 920 3409 Comm.
952 3365 985 3408 Ι.
1018 3381 1058 3423 p.
1088 3363 1161 3408 64.
1191 3369 1276 3408 not.
1310 3363 1404 3408 141.
