2158 3848
803 213 1254 260 ORPHICA.
1416 150 1423 152 >
1796 203 1923 266 319

140 348 403 429 denique
457 356 522 407 et
573 344 1012 425 lithographos.
1100 342 1238 416 Quo
1281 343 1338 404 si
1382 344 1518 424 quis
1563 343 1802 410 dubitet
1841 367 1922 412 an

139 446 520 526 conjectandi
575 447 821 507 licentia
876 443 1166 526 progredi
1208 445 1430 524 possit,
1474 442 1703 504 oblitus
1751 449 1920 510 vide-

137 559 253 607 tur
323 547 628 607 Ger-hardi
714 543 928 605 Croesi
1013 554 1198 625 atque
1283 545 1416 623 ejus
1501 544 1922 609 Historiae

132 648 608 707 Ebraeorum
676 645 769 706 ab
823 644 1168 707 Homero
1226 647 1768 725 conscrip.tae,·
1807 664 1921 707 nec

132 750 336 807 minus
392 745 588 807 Jonae
642 746 826 805 Rami
843 790 862 820 ,
918 749 1024 826 qui
1078 745 1322 806 Ulixem
1369 755 1430 805 et
1472 742 1728 806 Utinum
1784 749 1921 832 sive

132 848 403 908 Odinum
460 846 723 906 eundem
779 866 913 906 esse
958 846 1440 919 demonstravit,
1483 856 1547 904 et
1587 845 1923 921 For-catuli,

129 950 234 1027 qui
278 948 545 1007 Tolosae
578 948 960 1028 aliarumque
993 947 1351 1024 gallicarum
1386 945 1632 1006 urbium
1667 949 1927 1008 nomina

128 1050 194 1107 in
238 1048 500 1108 Homeri
544 1048 915 1108 carminibus
959 1046 1081 1106 sibi
1122 1048 1395 1126 reperire
1437 1047 1611 1107 visus
1637 1048 1750 1120 est,
1793 1046 1922 1109 Xa-

127 1150 288 1210 verii
331 1149 592 1229 denique
633 1148 1001 1219 Minervini‚
1046 1147 1153 1226 qui
1197 1145 1449 1223 Trojam
1491 1162 1619 1206 non
1661 1147 1920 1208 heroum

125 1267 482 1325 graecorum
536 1250 605 1311 vi
661 1258 724 1308 et
777 1249 1010 1310 virtute
1053 1246 1165 1306 sed
1209 1245 1525 1306 Volcaniis
1569 1249 1809 1321 armis,⁴
1851 1242 1929 1309 id

127 1359 221 1408 est
275 1360 474 1408 terrae
530 1348 805 1408 motibus
863 1359 925 1407 et
981 1347 1283 1407 incendiis
1329 1366 1611 1410 eversam
1657 1368 1918 1431 eamque

125 1467 255 1507 rem
321 1467 360 1508 a
427 1458 615 1530 poeta
669 1449 952 1512 versibus
1005 1449 1515 1508 luculentissimis
1569 1461 1916 1512 enarratam

126 1567 261 1608 esse
331 1549 527 1625 dixit3
594 1569 855 1631 quorum
912 1549 1069 1609 nulli
1125 1560 1233 1609 aut
1288 1558 1649 1628 argumenta
1706 1550 1918 1611 defue-

120 1660 269 1709 runt
309 1661 418 1709 aut
459 1650 841 1725 laudatores3
885 1669 957 1710 ac
998 1669 1078 1708 ne
1119 1649 1307 1709 hodie
1351 1650 1599 1731 quidem
1636 1650 1919 1712 deforent

122 1749 275 1822 illis,
331 1752 385 1808 si
441 1751 633 1809 modo
687 1752 913 1810 scirent
965 1752 1081 1814 τὸν
1122 1750 1447 1829 κνήθοντα
1492 1751 1913 1832 ἅντικνήθειν.

120 1849 353 1909 Verum
409 1849 853 1923 concedamus,
909 1870 986 1909 ex
1042 1868 1146 1922 eo,
1202 1850 1370 1929 quod
1429 1849 1663 1930 Orphei
1715 1854 1916 1931 ipsius

120 1966 348 2010 nomen
392 1948 565 2030 apud
606 1948 953 2009 Homerum
997 1968 1127 2009 non
1170 1950 1412 2027 legitur,
1457 1968 1585 2010 non
1627 1955 1803 2032 sequi
1845 1963 1916 2013 ut

119 2053 400 2129 ignotum
451 2051 642 2111 fuerit
695 2051 818 2110 ista
872 2059 1101 2126 aetate3
1156 2049 1317 2110 illud
1362 2061 1552 2125 certe,
1609 2052 1778 2132 quod
1819 2074 1914 2114 re-

122 2169 264 2212 rum
320 2154 632 2226 omnium,
686 2151 906 2231 quibus
965 2150 1202 2231 Orphei
1256 2153 1426 2212 fama
1482 2153 1743 2214 conflata
1801 2169 1914 2228 est,

118 2270 278 2332 quae
318 2253 554 2312 multae
594 2261 741 2311 suut
779 2254 1129 2332 variaeque,
1174 2271 1254 2312 ne
1296 2256 1624 2314 minimum
1662 2254 1914 2334 quidem

119 2355 362 2431 signum
416 2354 483 2412 in
535 2352 866 2412 homericis
912 2353 1287 2414 carminibus
1332 2363 1542 2428 extat,
1585 2355 1910 2416 fortuitum

118 2452 323 2514 videri
373 2453 547 2513 nullo
605 2452 797 2512 modo
849 2464 1076 2535 potest.
1173 2453 1314 2514 Jam
1371 2474 1510 2515 cum
1563 2455 1684 2514 hoc
1736 2473 1913 2533 argu-

117 2565 330 2614 mento
388 2553 777 2614 conferamus
830 2556 1027 2634 partis
1072 2553 1374 2616 adversae
1415 2558 1688 2615 rationes
1734 2565 1797 2615 et
1839 2557 1912 2615 il-

115 2655 228 2716 lud
259 2655 643 2716 inartificiale
677 2654 1065 2736 probationis
1109 2675 1319 2733 geum,
1363 2674 1485 2736 quo
1528 2658 1636 2716 isti
1678 2659 1770 2716 uti
1811 2675 1912 2716 so-

118 2755 264 2816 lent.
309 2754 622 2838 orpheus,
656 2757 962 2838 inquiunt,
1008 2757 1062 2816 si
1104 2758 1308 2817 minus
1333 2757 1597 2818 Homeri
1639 2766 1704 2816 at
1747 2768 1910 2815 certe

118 2854 483 2933 Lyricorum
524 2856 1044 2939 splendidissimis
1088 2860 1459 2919 testimoniis
1504 2865 1757 2917 ornatus
1796 2866 1907 2930 est,

121 2955 289 3035 quod
342 2962 598 3018 omnino
650 2959 786 3018 fieri
826 2977 952 3019 non
1003 2962 1340 3040 potuisset,
1394 2961 1518 3019 nisi
1559 2958 1733 3018 fama
1774 2958 1907 3035 ejus

112 3056 249 3132 jam
310 3056 637 3119 homericis
703 3069 766 3119 et
828 3060 994 3120 ultra
1045 3059 1430 3140 temporibus
1485 3058 1906 3119 increbuisset.

119 3155 219 3215 De
261 3156 379 3216 hoc
417 3162 508 3220 sic
550 3169 778 3220 statuo.
823 3159 911 3234 Si,
955 3171 1027 3221 ut
1067 3162 1351 3222 homines
1395 3161 1538 3239 ipsi,
1578 3161 1672 3219 ita
1715 3161 1905 3219 etiam

119 3258 443 3335 opiniones
498 3259 819 3320 hominum
875 3263 1055 3321 certis
1124 3273 1184 3321 et
1250 3259 1742 3323 observabilibus
1810 3262 1904 3319 in-

119 3358 397 3418 tervallis
455 3371 732 3421 crescunt
786 3371 848 3420 et
906 3363 958 3423 si
1013 3383 1089 3421 ex
1133 3363 1425 3440 cujusque
1467 3362 1670 3423 famae
1713 3363 1902 3421 incre-
