2176 3886
807 168 1435 243 ELEUSINIA'
1941 192 1983 251 9

209 336 312 411 vel
364 329 762 393 sacerdotum·
806 330 1125 410 colloquiis
1180 328 1416 390 inducti
1431 363 1436 388 1
1458 340 1630 406 sunt3
1691 333 1979 414 pleraque

206 448 331 490 non
385 427 464 487 de
515 430 846 490 Eleusiniis
901 431 1142 510 scripta
1182 438 1326 488 sunt
1380 428 1490 489 sed
1543 429 1619 488 de
1673 435 1981 508 mysteriis

203 529 486 609 privatiS‚
530 549 791 611 quorum
828 531 1155 603 antistites,
1200 548 1386 609 quum
1414 544 1653 610 ‘paucos
1687 531 1984 594 haberent

202 645 315 686 nec
378 634 620 709 semper
684 629 935 688 eosdem
990 629 1332 710 auditores,
1404 631 1614 689 omnia
1669 630 1751 690 ad
1804 649 1981 693 suum

205 727 526 790 arbitrium
568 736 672 788 et·-
725 729 807 789 ad
870 738 1114 807 gustum
1179 729 1562 789 audientium
1617 742 1983 810 componere

201 836 517 907 poterant3
583 828 750 910 quod
821 849 926 890 eos
993 849 1179 909 saepe
1243 830 1458 890 fecisse
1522 828 1863 909 multaque·
1901 849 1984 889 ex

200 927 736 1010 philosophorum
759 928 1277 1010 disputationibus
1321 937 1601 988 assumta
1633 929 1986 991 venditasse

202 1045 320 1108 pro
375 1031 539 1104 suiS,
596 1032 719 1090 alio
779 1031 916 1089 loco
948 1027 1400 1088 declarabitur.
1498 1028 1682 1102 Quod
1735 1029 1817 1090 ad
1859 1033 1981 1111 pri-

202 1147 376 1188 mum
441 1148 630 1207 genus
698 1131 949 1203 attinet,
1024 1128 1473 1188 inconsiderate
1537 1130 1800 1204 faciunt,
1881 1133 1986 1210 qui

203 1234 412 1308 quum'
447 1227 878 1290 admirationis
932 1229 1100 1290 illius
1161 1230 1392 1289 multae
1437 1232 1766 1312 variaeque
1807 1229 1986 1289 reddi

198 1330 440 1408 possint
481 1334 771 1404 rationes,
816 1348 1002 1389 unam
1047 1339 1418 1411 praeoptant
1450 1334 1635 1411 atque
1667 1333 1988 1411 propriam

199 1437 264 1487 et
304 1431 699 1511 praecipuam
743 1432 1179 1508 mysteriorum
1223 1430 1471 1491 laudem
1516 1433 1583 1490 in
1626 1440 1984 1513 praecepto-

198 1547 337 1590 rum
380 1531 742 1592 salutarium
785 1530 1119 1592 traditione
1161 1533 1432 1612 positam
1477 1550 1610 1591 esse
1655 1534 1829 1613 quasi
1871 1549 1985 1591 suo

194 1630 335 1707 jure
390 1642 658 1692 sumunt.
740 1632 839 1692 Ex
882 1633 1096 1691 ceteris
1141 1633 1510 1692 testimoniis
1557 1630 1637 1690 ad
1679 1650 1989 1691 summam

201 1733 577 1809 quaestionis
644 1732 799 1791 nihil
865 1733 1234 1811 proficimus,
1341 1731 1502 1791 Nam
1556 1730 1704 1810 quid
1759 1732 1988 1790 initiati

199 1848 314 1911 pro
371 1850 438 1889 se
493 1833 748 1911 quisque
806 1829 884 1889 de
937 1849 1251 1890 sacrorum
1293 1832 1527 1890 rituum
1570 1839 1632 1888 et
1674 1828 1987 1906 symbolo-

200 1949 339 1989 rum
398 1931 863 2009 significatione*
892 1932 1189 2011 suspicati
1244 1932 1368 1990 sint
1420 1941 1530 1990 aut
1584 1929 1734 2010 quid
1788 1948 1986 1990 sacer-

200 2030 375 2090 dotes
430 2040 573 2091 ante
631 2039 694 2090 et
744 2040 889 2111 post
936 2011 1189 2112 peracta
1239 2032 1541 2090 solemnia
1589 2049 1727 2090 cum
1775 2029 1989 2110 hospi-

200 2131 365 2191 tibus
446 2132 876 2206 disseruerint,
964 2142 1073 2191 aut
1139 2134 1579 2209 mysteriorum
1645 2131 1989 2191 trivialium

200 2234 478 2310 magistri
503 2251 672 2312 quas
718 2231 910 2312 dapes
955 2232 1203 2290 asseclis
1247 2234 1374 2291 suis
1411 2231 1832 2312 apposuerint,
1875 2249 1990 2290 nec

201 2333 344 2391 sciri
398 2341 632 2412 potest,
689 2351 802 2390 nec
857 2332 1160 2410 quaerere
1200 2341 1400 2391 vacat.
1508 2330 1583 2390 Id
1642 2331 1806 2390 enim
1859 2340 1990 2391 tam

201 2433 475 2504 varium,
528 2432 882 2490 inconstans
937 2440 999 2490 et
1054 2431 1351 2491 mutabile
1404 2431 1565 2505 fuit,
1622 2449 1804 2511 quam
1858 2440 1990 2491 erat

199 2534 339 2612 ipsa
404 2531 726 2598 hominum
795 2531 1084 2592 voluntas
1152 2541 1214 2592 et
1281 2542 1631 2613 temporum
1699 2532 1858 2591 ratio
1929 2540 1991 2590 et

201 2627 617 2690 doctrinarum
661 2632 938 2691 omnium
979 2634 1406 2714 imprimisque
1447 2631 1878 2714 philosophiae
1923 2633 1988 2690 in

201 2747 439 2808 quaque
505 2739 706 2791 aetate
772 2731 1018 2794 habitus
1075 2743 1137 2792 et
1193 2734 1377 2793 color.
1485 2731 1616 2793 Nos
1673 2734 1987 2792 enimvero

202 2838 430 2890 certam
489 2841 551 2890 et
606 2841 984 2893 constantem
1043 2833 1402 2915 disciplinae
1457 2852 1712 2893 arcanae
1754 2833 1988 2892 formu-

201 2929 329 2989 lam
387 2935 738 3011 quaerimus
799 2938 933 2999 sive
991 2933 1294 2995 memoria
1348 2930 1670 2994 hominum
1716 2932 1989 2993 custodi-

207 3037 334 3089 tam
377 3033 542 3107 sive‚
599 3035 765 3114 quod
809 3035 1173 3117 optabiliuS‚
1219 3055 1295 3095 ex
1339 3044 1646 3097 vetustate
1688 3033 1988 3093 librorum

207 3131 676 3195 sacerdotalium
721 3135 1137 3218 depromtam‚
1183 3145 1343 3196 certe
1387 3133 1636 3214 quidem
1682 3142 1988 3195 exemtam

208 3228 285 3288 ab
339 3230 901 3316 Hierophantarum
957 3237 1229 3312 arbitrio,
1304 3235 1669 3317 publicaque
1727 3235 1988 3295 auctori-

209 3340 336 3391 tate
379 3337 690 3399 sancitam.
779 3337 905 3401 Sed
947 3340 1089 3401 talis
1134 3337 1454 3411 formulae,
1498 3339 1551 3398 si
1596 3339 1807 3398 omnia
1849 3353 1985 3417 per-
