2158 3848
178 179 301 240 326
706 190 944 235 LIBER
987 191 1419 236 SECUNDUS.

178 323 511 382 formatum
555 330 650 382 est
692 341 923 385 nomen
965 322 1483 405 Philoterpes.
1574 324 1858 384 Eucles
1901 333 1995 382 et<

179 421 673 503 Epiphrades
717 443 794 483 ex
837 425 1056 485 eodem
1096 420 1239 486 sunt
1271 443 1488 503 genere
1521 423 1842 482 nominum
1875 421 1965 483 fa-

183 523 508 582 ctitiorum.
551 522 678 582 Sed
705 524 937 604 Orphei
961 526 1119 584 filius
1146 523 1457 604 quomodo
1482 533 1736 586 vocatus
1762 524 1966 598 fuerit,

182 621 456 683 nondum
503 622 855 702 expeditum
894 624 1093 682 habeo
1125 621 1217 704 [¹].
1260 623 1578 704 Melanopi
1623 631 1830 683 autem
1857 641 1970 686 vo-

186 724 472 783 cabulum
509 722 873 781 translatum
907 722 1157 785 videtur
1194 722 1271 782 ab
1309 725 1418 783 illo
1459 723 1729 783 Cumaeo
1753 724 1971 801 hymni

184 827 249 882 in
306 821 472 902 Opin
526 830 590 880 et
646 822 1002 901 Hecaergen
1062 831 1340 896 auctore,
1385 842 1566 903 quem
1597 809 1971 884 'Herodotus

186 924 251 981 in
316 920 388 981 V.
456 919 645 981 Hom.
710 933 774 982 et
826 921 1162 983 Pausanias
1228 922 1301 982 V.
1357 924 1416 982 7.
1474 934 1972 985 commemorant.

187 1023 506 1082 Postremo
568 1022 729 1082 Dius
783 1038 910 1082 non
964 1023 1213 1083 mortali
1272 1030 1451 1104 patre
1494 1033 1693 1083 cretus
1736 1023 1846 1083 sed
1891 1041 1975 1082 ex

188 1121 454 1182 Hesiodi
519 1139 738 1196 versu,
807 1141 929 1203 quo
986 1123 1239 1183 fratrem
1298 1124 1547 1183 Persam
1603 1123 1771 1188 δῖον
1801 1125 1979 1209 γένος

192 1220 482 1302 appellat,
526 1223 883 1303 progenitus
928 1222 1191 1282 eundem
1218 1224 1440 1283 ’locum
1482 1225 1644 1283 inter
1679 1231 1856 1285 vates
1878 1240 1980 1282 oc·-

193 1331 377 1401 cupat
418 1340 601 1401 quem
644 1323 859 1384 Perses
900 1323 1036 1403 ipse
1078 1332 1286 1404 poeta,
1330 1325 1384 1383 si
1421 1323 1653 1384 Suidae
1694 1322 1980 1398 creditur,

193 1423 402 1501 epicus
431 1421 530 1504 [*].

362 1522 498 1580 Iam
552 1508 706 1582 vero
761 1519 1011 1598 longam
1071 1522 1415 1604 orationem
1472 1535 1599 1581 non
1654 1521 1983 1596 desiderat,

193 1617 594 1700 quamobrem
618 1628 837 1681 totam
879 1621 1037 1680 hanc
1079 1621 1498 1699 genealogiam
1532 1622 1852 1680 confictam
1872 1639 1986 1702 pu-

195 1730 396 1781 temus
425 1720 503 1783 ab
551 1721 877 1781 historicis.
959 1718 1321 1794 Quomodo,
1368 1722 1474 1800 qui
1523 1721 1984 1803 philosophiam

194 1821 577 1895 inchoarunt,
620 1821 815 1880 nimia
859 1819 1128 1900 quadam
1172 1821 1408 1898 ingenii
1451 1819 1676 1893 fiducia
1719 1837 1758 1883 a
1800 1814 1986 1883 rebus

197 1921 495 1980 maximis
566 1918 1060 1999 difficillimisque
1123 1920 1423 1999 auspicati
1491 1929 1664 1994 sunt,
1727 1921 1985 1981 deorum

197 2028 470 2092 naturas,
512 2019 1001 2098 magnitudinem
1043 2019 1226 2096 hujus
1270 2021 1549 2081 universi
1591 2020 1988 2101 siderumque

163 2149 169 2153 ·
199 2118 608 2178 substantiam
674 2129 1048 2192 scrutantes²
1131 2121 1223 2178 ita
1284 2119 1580 2181 historiae
1651 2123 1760 2182 vix
1822 2121 1986 2181 nidis
2068 2145 2078 2159 ¹

203 2236 479 2295 egressae
523 2220 697 2299 quasi
738 2219 1091 2277 tirocinium
1133 2218 1270 2292 fuit,
1314 2222 1552 2297 generis
1582 2221 1839 2280 humani
1861 2224 1979 2301 pri·

202 2316 445 2376 mordia
511 2317 757 2379 tradere
820 2327 884 2377 et
950 2317 1198 2378 urbium
1269 2321 1533 2397 origines
1601 2329 1663 2379 et
1716 2320 1990 2398 gentium

207 2415 585 2490 conditores,
627 2437 754 2477 non
797 2416 878 2477 ad
921 2418 1217 2478 historiae
1259 2417 1474 2489 fidem,
1519 2421 1692 2498 cuius
1735 2436 1847 2479 nec
1891 2435 1990 2479 co-

206 2516 314 2597 pia
370 2526 501 2575 erat
555 2518 678 2576 ista
733 2526 938 2576 aetate
990 2537 1103 2583 nec
1146 2518 1552 2591 desiderium,
1597 2518 1708 2578 sed
1751 2519 1831 2579 ad
1876 2539 1989 2599 po-

329 2640 390 2697 [l]
449 2641 622 2684 Musaei
671 2656 822 2684 nomen
875 2642 1058 2684 alienum
1071 2658 1084 2695 3
1145 2657 1225 2686 nec
1276 2644 1476 2685 convenit
1524 2643 1639 2685 Leos
1688 2645 1762 2701 qui
1811 2645 1990 2702 Orpheo

208 2700 461 2755 progenitus
490 2700 648 2742 dicitur
676 2701 822 2756 Etym.
853 2699 917 2743 Μ.
947 2700 1045 2743 560.
1077 2702 1203 2743 Phot.
1233 2716 1275 2758 p.
1308 2701 1404 2743 157.
1454 2701 1616 2743 Anecd.
1645 2702 1783 2744 Bekk.
1813 2717 1855 2759 p.
1886 2702 1986 2745 277.

209 2758 334 2800 homo
375 2758 690 2801 commenticias
728 2759 784 2801 ad
821 2759 1120 2815 explicandum
1158 2760 1298 2803 tribus
1327 2759 1553 2801 Leontidis
1593 2764 1639 2802 et
1666 2759 1868 2803 Leocorii
1911 2775 1989 2803 no-

211 2830 306 2858 men
354 2816 624 2861 introductus
637 2832 651 2869 3
703 2810 758 2859 de
801 2830 884 2874 quo
926 2819 1066 2861 omnia
1079 2850 1091 2871 ‚
1144 2832 1256 2874 quae
1297 2817 1381 2860 dici
1422 2824 1600 2874 possunt
1613 2850 1626 2869 ,
1684 2825 1991 2874 congesserunt

212 2874 466 2931 heopurdus
477 2905 491 2929 ‚
531 2875 748 2919 Meursius
762 2907 776 2929 ‚
816 2877 1009 2934 Interpp.
1050 2876 1105 2920 ad
1146 2876 1347 2931 Thucyd.
1378 2877 1412 2919 1.
1457 2877 1527 2919 20.
1567 2876 1693 2919 Diod.
1735 2878 1877 2919 XVII.
1922 2880 1987 2919 15.

212 2933 368 2989 Neque
419 2934 650 2991 quidquam
694 2947 770 2976 nos
825 2935 953 2991 Juvat
1000 2936 1343 2978 mendosissimus
1398 2934 1555 2977 incerti
1597 2936 1821 2992 scriptoris
1868 2936 1990 2978 locus

215 2990 315 3034 olim
355 2992 590 3035 Censorino
631 2992 873 3050 adscriptus
914 3008 950 3036 c.
995 2994 1049 3036 X.
1092 2994 1404 3049 Rhythmus
1435 3009 1458 3036 c
1472 2994 1667 3036 reditu
1682 3008 1703 3034 r
1733 2995 1932 3037 dictus
1964 3010 1991 3037 a

216 3049 604 3104 Rhythmonio
642 3051 862 3108 Orphei
897 3051 1025 3095 filio
1065 3058 1120 3095 et
1148 3053 1450 3095 Idomenae
1493 3052 1767 3108 nymphae
1812 3052 1989 3096 Mari—

219 3121 316 3149 cae
357 3109 561 3162 (fortasse
590 3110 844 3166 Ismaricae)
887 3116 945 3153 ut
985 3111 1180 3154 tradit
1217 3111 1325 3153 Nic
1341 3115 1604 3152 ostratus
1644 3110 1800 3154 libro
1832 3125 1988 3168 quem
2037 3137 2039 3140 v

219 3167 535 3222 composuit
563 3168 629 3211 dc
661 3169 879 3213 Musico
910 3170 1096 3213 fratre
1122 3169 1498 3226 Rhythmonii
1528 3174 1612 3211 etc.

336 3265 389 3321 [⁹]
423 3266 632 3323 Stephani
661 3268 821 3321 locum,
864 3269 938 3311 ubi
979 3268 1086 3312 Dius
1131 3269 1286 3313 Anthis
1328 3268 1440 3312 filius
1469 3269 1748 3326 perhibetur,
1803 3267 1989 3312 correxit

220 3322 404 3396 Siebelis
434 3325 487 3368 ad
518 3325 647 3369 Paus.
677 3325 750 3371 lx.
782 3327 852 3370 22.
883 3325 923 3370 5.
