2158 3848
814 239 1270 284 onPHICA.
1782 226 1904 288 351

130 375 241 439 ὃὲν
282 369 706 458 πρεσβύτερον
745 365 890 450 ἧκεν
946 373 1032 439 εἷς
1089 368 1253 450 ἡμᾶς
1305 375 1413 448 τῆς
1457 369 1691 435 ἐκείνου
1732 371 1908 454 ποιή-

132 496 300 544 σεως.
357 473 456 532 cui
511 470 831 537 cavillator
881 468 990 528 ille
1043 467 1302 541 Linum,
1365 468 1711 549 Orpheum,
1770 471 1910 533 Mu-

128 591 341 635 saeum
379 572 661 652 aliosque
701 571 996 650 opponit,
1050 567 1333 630 Homero
1379 571 1755 650 antiquiores
1796 574 1911 631 sci-

128 676 302 747 licet,
358 672 443 743 ὥς
487 674 638 736 ἔνιοι
676 671 956 756 λέγουσι,
999 670 1171 749 ‘quos
1208 668 1485 730 eruditus
1531 670 1913 731 Grammati-

130 794 267 848 cus,
323 772 651 846 Pindario‚
710 789 903 851 aeque
945 768 1103 852 bene
1144 772 1326 832 novit
1379 778 1563 852 atque
1603 771 1742 845 ille,
1802 769 1914 831 sed

129 876 457 935 contemsit
526 881 598 932 ut
666 873 929 952 spurios,
989 854 1010 877 ³
1058 870 1430 931 Scholiastes
1501 870 1584 931 ad
1648 872 1912 949 Di‘onyS.

129 975 403 1035 Gramm.
463 993 524 1053 p.
581 970 728 1033 785.
796 979 850 1035 εἰ
901 970 1008 1034 καὶ
1063 972 1384 1054 ἱστοροῦσί
1434 996 1596 1041 τινες
1658 973 1916 1052 ποιητὰς

129 1079 628 1162 προγεγενῆσθαι
675 1070 963 1156 (Ομήρου
988 1070 1352 1135 ’Μουσαῖόν
1407 1096 1473 1134 τε
1516 1071 1623 1135 καὶ
1671 1074 1917 1156 Ὀρφέα

128 1178 234 1239 καὶ
253 1177 479 1248 Λίνον,
524 1175 651 1237 ἀλλ’
697 1174 865 1255 ὅμως
908 1170 1097 1234 οὐδὲν
1138 1170 1564 1256 πρεσβύτερον
1591 1179 1701 1252 τῆς
1730 1170 1916 1235 ἸἸλιοί--

128 1277 238 1346 ὃος
293 1276 400 1338 καὶ
448 1273 822 1342 Ὀδυσσείας
877 1270 1194 1348 σώζεσθαι
1246 1273 1499 1355 ποίημα.
1591 1273 1738 1336 Ἀλλ’
1796 1276 1922 1355 ἐρεῖ

126 1400 253 1449 τις,
310 1383 442 1445 πῶς
453 1401 475 1449 ,·
546 1374 674 1437 ἐπεὶ
728 1370 1071 1459 γράμματα
1129 1371 1436 1458 σώζονται
1490 1371 1917 1457 πρεσβύτερα,-

130 1476 256 1539 Καί
291 1482 500 1558 φαμεν
543 1475 640 1538 ὅτι
680 1474 762 1536 τὰ
803 1473 922 1556 μὲν
959 1471 1205 1538 τούτων
1247 1475 1666 1558 ἐψευσμένους
1710 1476 1929 1556 ἔχουσι

128 1577 275 1646 τοὺς
336 1574 644 1658 χρόνους,
728 1575 810 1637 τὰ
865 1574 935 1637 δὲ
1003 1576 1325 1658 νεωτέρων
1389 1583 1586 1639 τινῶν
1645 1573 1916 1656 ἐχόντων

132 1676 500 1760 ὁμωνυμίας
561 1683 694 1738 τῶν
748 1682 1033 1739 παλαιῶν
1106 1676 1211 1746 τὰς
1277 1676 1626 1761 ἐπιγραφὰς
1690 1678 1915 1756 ἔχουσι.

28 1767 32 1770 ’
131 1777 271 1838 Νοιι
310 1776 468 1836 duco
504 1777 573 1835 in
610 1776 726 1835 hac
750 1778 994 1835 ratione
1032 1794 1170 1848 eos,
1215 1778 1319 1856 qui
1354 1778 1421 1836 in
1456 1778 1918 1836 enumeratione

131 1886 455 1960 poetarum
513 1876 829 1955 Orpheum
883 1884 1280 1957 praetereunt
1304 1919 1324 1950 ,
1410 1878 1569 1936 sicut
1622 1876 1918 1940 Proculus

132 1977 472 2038 Chrestom.
516 1997 577 2057 p.
623 1973 766 2035 521.
821 1985 885 2036 et
925 1975 1412 2063 Agatharchides
1467 1996 1528 2058 p.
1571 1978 1717 2039 719.
1769 1997 1917 2039 nam

130 2080 249 2139 hoc
288 2078 614 2138 fortuitum
649 2095 790 2138 <esse
833 2063 1072 2158 potest,
1114 2096 1228 2138 nec
1253 2079 1359 2158 qui
1379 2077 1729 2138 Homerum
1767 2079 1918 2137 sim-

131 2181 374 2261 pliciter
419 2177 836 2261 ἅρχαιότατον
877 2187 1136 2251 vocant,
1192 2186 1265 2238 ut
1306 2177 1612 2238 Aristides
1665 2177 1749 2258 p.
1772 2178 1917 2239 273.

132 2279 243 2339 ubi
297 2279 589 2338 Scholion
647 2277 1027 2358 adscriptum
1084 2287 1178 2337 est
1234 2279 1481 2356 cognitu
1535 2278 1788 2356 dignum
1855 2298 1918 2359 p.

136 2379 281 2441 206.
326 2376 743 2462 ἄρχαιότατοίς
795 2383 964 2443 ἐστιν
1008 2378 1040 2442 ὅ
1086 2379 1407 2462 ”Ὀμηρος,
1474 2379 1558 2450 ὥς
1600 2384 1799 2461 ἴσμεν.
1865 2384 1920 2442 εἲ

137 2481 213 2544 δέ
250 2505 342 2550 τις
385 2483 557 2560 εἴπῃ,
613 2479 718 2541 καὶ
758 2479 885 2562 μὴν
928 2479 1047 2563 πρὸ
1094 2481 1290 2543 αὐτοῦ
1333 2480 1588 2565 γέγονεν
1622 2479 1918 2564 Ὀρφεὺς,

135 2581 256 2665 πρὸ
302 2581 498 2644 αὐτοῦ
541 2577 730 2662 (adde
750 2581 892 2664 μέν)
935 2581 1172 2666 γέγονε,
1227 2579 1308 2643 τοὶ
1351 2579 1421 2643 δὲ
1465 2577 1756 2666 δόγματα
1774 2583 1921 2665 Ὄρ-

136 2683 299 2766 φέως
333 2678 777 2764 Ὀνομάκριτος
817 2681 1113 2765 μετέβαλε
1127 2680 1204 2762 [⁰]
1261 2679 1341 2743 δι’
1387 2682 1585 2745 ἐπῶν·
1652 2681 1758 2745 καὶ
1798 2686 1920 2746 Αἲ-

139 2782 381 2863 σχίνης,
439 2781 620 2852 λεξω
662 2806 838 2866 περι
885 2778 1228 2904 εΟμήρου
1274 2781 1363 2845 ὃν
1406 2784 1488 2844 εν
1529 2787 1695 2852 τοῖς
1737 2805 1919 2865 πρε·-

142 2879 565 2966 σβυτατοις
619 2882 752 2944 καὶ
805 2879 1300 2966 σοφωτάτοις
1365 2903 1522 2945 των
1574 2888 1920 2961 ποιητῶν

106 2975 556 3066 τάττομεν·
624 2981 666 3062 ἢ
719 2981 816 3046 ὅτι
869 2983 1099 3068 κυρίως
1153 2981 1394 3063 ποίησίς
1449 2985 1617 3045 ἐστιν
1668 2981 1708 3062 ἡ
1760 3006 1920 3065 μετα

141 3079 452 3165 μιμήσεώς
502 3106 672 3154 τινος
724 3081 766 3163 ἢ
819 3084 974 3192 μετὰ
1033 3082 1387 3166 οἰκονομίας
1438 3081 1544 3144 καὶ
1593 3082 1920 3164 διασκευῆς

263 3286 325 3343 [0]
355 3285 1222 3343 mog.1.a.1x.16.556.22133wov
1262 3285 1586 3343 ἐπιβάλλεσθαι
1623 3285 1704 3332 τὸν
1744 3287 1918 3333 ἐκείνου

144 3345 405 3403 (Heracliti)
422 3340 585 3420 λογον
625 3347 702 3393 διὰ
737 3351 907 3407 μέτρου
947 3346 1191 3405 ἐκβάλλειν.
1238 3348 1435 3393 Marinus
1473 3347 1526 3390 V.
1567 3346 1704 3391 Procl.
1774 3346 1917 3392 .123.

145 3406 252 3465 περὶ
278 3407 355 3460 τῆς
382 3402 520 3450 αὐτοῦ
547 3407 704 3458 λέξεως
732 3410 911 3465 στίχους
937 3408 1157 3464 ἐξέβαλεν.
1188 3423 1250 3451 v.
1240 3405 1435 3451 Fabric.
1465 3406 1522 3450 ad
1551 3406 1593 3450 h.
1623 3406 1650 3448 1.
