2158 3848
208 201 335 261 470
738 211 977 255 LIBER
1020 210 1447 254 SECUNDUS.

210 340 542 402 meridum:
603 338 805 404 Πάντ’
866 337 1048 431 ἐδάης
1091 346 1418 414 Μουσαῗε,
1474 341 1727 398 tertium
1781 338 1993 398 carmi-

209 442 305 501 nis
350 440 428 500 de
470 439 745 500 Motibus
788 449 1014 498 terrae:
1062 437 1311 520 Φράζεο
1356 441 1435 520 δὴ
1478 437 1584 502 καὶ
1615 435 1827 511 τόνδε,
1866 437 2023 519 qui-:s

210 541 326 601 bus
371 540 657 601 omnibus
703 555 903 598 sermo
946 539 1263 598 institutus
1305 540 1409 602 vel
1464 539 1853 600 continuatur
1877 536 1998 597 -vel
2052 540 2055 542 “
2148 553 2158 582 .·

213 640 572 701 absolvitur.
1011 690 1013 692 ,

379 738 544 798 Hinc
598 738 786 814 igitur
843 753 1052 809 crsuS,
1108 745 1178 795 ut
1220 735 1498 811 videtur,
1557 735 2001 815 Cosmogeniae

213 841 476 919 scriptor
519 836 754 917 aliquid
795 835 873 895 de
916 842 1198 914 tempore
1232 836 1341 894 illo
1380 837 1618 896 infinito
1656 837 1832 909 dixit,
1878 852 1999 915 quo

211 939 450 998 nullum
495 938 617 1010 fuit
660 947 924 1017 tempuS‚
968 933 1245 997 nondum
1291 935 1589 996 ordinatis
1631 925 1837 995 rei-um
1867 953 2002 994 coe-

214 1040 462 1098 lcstium
507 1024 1056 1099 vicissitudinibus,
1143 1036 1436 1102 Proculus
1480 1038 1545 1095 in
1592 1032 1756 1095 Crat.
1799 1053 1860 1115 p.
1898 1033 2000 1093 71.

217 1138 416 1200 BoiSS.
461 1140 494 1203 ὃ
546 1137 831 1207 Ἡσίοδος
873 1138 945 1199 τὸ
991 1144 1243 1218 πρῶτον
1300 1139 1414 1200 οὐκ
1458 1134 1786 1219 ὠνόμασεν
1793 1181 1815 1209 ,
1875 1135 2000 1197 ἀλλ’

222 1239 255 1261 (Ι

218 1265 314 1301 οτι
365 1239 437 1302 τὸ
494 1239 622 1322 μετ’
669 1241 861 1301 ἐκεῖνο
908 1237 1008 1299 ἀπ’
1057 1238 1247 1299 ἄλλου
1302 1240 1610 1319 προῆλθε,
1677 1235 1859 1315 δηλοῖ
1895 1233 2005 1298 διὰ

214 1346 327 1401 τοῦ
387 1339 604 1402 ’Ήτοι
659 1336 801 1419 μὲν
854 1335 1266 1418 πριότιστα.
1348 1337 1613 1420 Ὀρφεὺς
1669 1333 1739 1398 δὲ
1795 1330 2002 1398 πάντα
2100 1384 2104 1389 .
2150 1327 2156 1412 3⁵

213 1438 292 1502 ’τὰ
338 1437 457 1516 πρὸ
502 1445 615 1500 τοῦ
668 1438 961 1519 Οὐρανοῦ
1005 1435 1110 1498 καὶ
1152 1437 1331 1517 μέχρι
1373 1443 1482 1515 τῆς
1524 1434 1872 1518 πρωτίστης
1904 1439 2004 1496 αἲ-

213 1538 349 1608 τίας
394 1535 701 1620 ὀνόμασιν
758 1533 1023 1616 ἐδήλωσε
1076 1536 1182 1598 καὶ
1236 1535 1389 1598 αὐτὸ
1446 1535 1517 1597 τὸ
1577 1536 1842 1615 ἄῤῥητον
1898 1533 2004 1595 καὶ

217 1646 348 1702 τῶν
402 1645 650 1717 νοητῶν
704 1634 952 1700 ἑνάὸων
1012 1635 1345 1719 ἐκβεβηκὸς
1387 1632 1647 1718 Χρόνον
1688 1631 2008 1718 προςείρη-

217 1762 341 1801 κεν.
430 1738 515 1796 Et
566 1757 627 1817 p.
673 1736 774 1796 64.
833 1737 1098 1819 Ὀρφεὺς
1152 1736 1268 1816 τὴν
1310 1733 1565 1819 πρώτην
1608 1731 1866 1799 πάντων
1910 1739 2008 1798 αἲ-

217 1836 361 1900 τίαν
406 1835 646 1920 χρόνον
700 1842 875 1899 καλεῖ
926 1835 1278 1920 ὁμωνύμως
1335 1835 1560 1916 σχεδὸν
1613 1843 1704 1917 τῷ
1746 1832 2004 1918 Κρόνῳ’

220 1938 287 1998 αἱ·
340 1937 410 1999 δὲ
467 1933 933 2018 θεοπαράὸοτοι
991 1936 1195 2019 φῆμαι
1253 1934 1370 2015 τὴν
1426 1933 1702 2014 θεότητα
1769 1931 2008 2014 ταύτην

217 2044 309 2118 τῷ
367 2037 598 2107 ‘Anat
651 2036 1003 2100 ἐπέκεινα
1051 2035 1635 2119 χαρακτηρίζουσιν.
1721 2032 1896 2094 Idem
1940 2035 2008 2093 in

224 2134 382 2194 Tim.
427 2136 473 2194 Ι.
529 2135 631 2195 86.
690 2137 749 2198 οἱ
801 2134 1092 2223 θεολόγοι
1134 2134 1386 2219 Κρόνον
1446 2138 1582 2213 (scr.
1628 2131 1893 2217 χρόνον)
1936 2134 2007 2197 τὸ

222 2240 474 2316 πρῶτον
528 2233 981 2318 ἐπωνόμασαν,
1049 2237 1132 2308 ὥς
1186 2237 1465 2308 δέοντος,
1532 2230 1721 2318 οὗπερ
1776 2233 2010 2321 γένεσίς

224 2337 393 2397 ἐστιν
405 2380 426 2407 ,
498 2337 622 2396 ἐκεῖ
658 2340 1074 2421 προηγεῖσθαι
1115 2337 1229 2400 τὸν
1264 2334 1519 2418 χρόνον.
1583 2343 1646 2394 et
1686 2336 1754 2394 in
1797 2333 2009 2394 Theol.

223 2434 272 2492 I.
319 2434 422 2506 28,
468 2433 569 2495 68.
612 2441 741 2504 τοῖς
777 2438 1094 2519 Ὀρφικοῖς
1119 2437 1189 2498 τὸ
1236 2433 1588 2519 πρώτιστον
1632 2439 1834 2500 αἴτιον
1854 2432 2010 2517 χρό-

224 2557 333 2604 νος
393 2532 812 2616 προςείρηται,
901 2534 1303 2614 similitcrque
1362 2538 1429 2594 in
1488 2537 1687 2595 Parm.
1746 2534 1816 2595 L.
1876 2533 2009 2593 VII.

227 2633 371 2694 230.
431 2633 503 2697 τὸ
551 2638 752 2699 αἴτιον
795 2643 903 2715 τῆς
947 2633 1300 2716 ἐκφάνσεως
1341 2643 1471 2698 τῶν
1511 2634 1710 2698 θείων
1745 2633 2009 2716 Ὀρφεὺς

216 2731 455 2815 χρόνον
500 2731 853 2815 ὠνόμασεν·
923 2733 1145 2814 quibus
1202 2734 1479 2810 congruit
1519 2730 1904 2793 Damascius'
1931 2731 2009 2792 de

227 2833 423 2893 Princ.
468 2834 515 2893 Ι.
566 2833 706 2895 198.
750 2835 813 2897 τί
855 2834 923 2898 δὲ
969 2819 1018 2896 ὃ.
1046 2838 1220 2904 θεῖος
1256 2831 1563 2916 Ὂρφεύς,·
1630 2836 1704 2896 οὗ
1747 2834 2009 2921 πολλοὺς

226 2933 420 3003 θεοὺς
462 2934 799 3017 ὑφίστησιν
843 2934 963 2998 ἀπὸ
1009 2942 1122 2997 τοῦ
1164 2931 1419 3016 Χρόνου
1462 2934 1641 3016 μέχρι
1682 2941 1795 2996 τοῦ
1838 2933 2009 3016 πρω-

227 3031 493 3118 τογόνου
541 3033 854 3116 Φάνητος,
900 3034 1004 3095 ubi
1047 3034 1333 3115 Koppius
1376 3053 1437 3116 p.
1485 3030 1626 3092 345.
1671 3034 1834 3093 male
1879 3053 2032 3110 cor-¹

224 3133 367 3210 rigit
408 3133 677 3216 Κρόνου.
767 3136 1084 3197 Sententia
1129 3125 1370 3216 Orphei*
1416 3134 1777 3195 brevissime
1830 3132 2007 3218 gaddi

223 3242 432 3312 potest
491 3234 763 3297 Philonis
823 3236 1030 3299 verbis
1102 3236 1314 3310 Quod
1371 3233 1629 3295 Mund.
1696 3234 1744 3294 Ι
1747 3234 2004 3297 nourr.

225 3352 285 3413 P·
330 3330 472 3394 952·
517 3334 583 3396 B·
639 3336 718 3418 ἧν
760 3362 904 3402 ποτε
944 3335 1171 3421 χρόνος
1226 3336 1407 3417 ἡνίκα
1467 3337 1579 3399 οὐκ
1631 3332 1711 3414 ἦν
1753 3334 2003 3416 κόσμος,
2077 3411 2081 3413 4
