2158 3848
820 194 1309 238 onrnch..
1812 179 1937 241 685

159 330 303 390 437.
360 327 620 389 Siebelis
675 324 756 387 ad
810 319 1082 382 Phanod.
1138 340 1198 401 p.
1261 319 1357 382 10.
1421 320 1598 383 Adeo
1654 342 1941 404 magnum

159 430 284 488 illis
343 428 641 506 flagitium
681 425 888 485 visum
934 419 1150 483 videre
1192 419 1359 502 quod
1401 429 1546 480 ante
1599 421 1789 502 pedes
1834 436 1942 486 est.

160 527 311 600 Quis
369 529 532 587 enim
591 541 807 584 eorum
851 521 1163 583 nesciebat
1206 519 1427 581 eodem
1470 519 1661 580 modo
1705 524 1942 602 priscos

159 627 426 687 Graecos
465 626 833 686 convivatos
879 641 1030 683 esse.
1075 640 1139 683 v.
1177 621 1249 686 1¹.
1292 619 1395 683 IV.
1441 620 1584 682 261.
1628 620 1851 704 Athen.
1894 625 1940 684 I.

162 727 258 787 13.
316 728 396 786 D.
470 725 613 785 Pari
680 724 919 804 antiqui
976 723 1171 782 moris
1227 740 1336 782 seu
1392 723 1778 800 ignoratione
1831 741 1941 783 seu

157 826 654 888 dissimulatione
722 822 1104 886 Dieuchidas
1173 821 1376 883 Schol.
1435 821 1640 903 Apoll.
1699 824 1744 883 I.
1801 821 1944 884 515.

156 928 394 1006 linguas
438 928 778 987 hostiarum
823 923 966 984 ideo
1009 923 1240 1004 porrici
1279 920 1473 982 tradit
1485 965 1503 995 ‚
1558 942 1636 1003 qu
1643 922 1726 983 od
1767 923 1945 986 Alca-

155 1027 299 1087 thus
343 1025 675 1108 aliquando
718 1023 1090 1106 porrigenda
1129 1022 1336 1099 lingua
1367 1021 1584 1095 leonis,
1629 1042 1810 1102 quem
1835 1025 1944 1084 alii

157 1147 196 1187 a
250 1147 318 1188 se
373 1129 642 1187 occisum
688 1126 1091 1187 mentirentur
1105 1165 1122 1193 ‚
1178 1123 1479 1182 victorem
1526 1139 1594 1180 se
1637 1122 1938 1202 probave-

153 1229 237 1287 rit
250 1271 268 1300 ‚
325 1229 500 1307 quasi
555 1243 683 1284 non
716 1284 720 1286 Δ
737 1223 904 1282 idem
960 1239 1098 1281 mos
1155 1219 1324 1300 apud
1381 1221 1538 1281 alios
1584 1219 1942 1296 obtinuerit,

155 1326 236 1386 ad
283 1345 436 1407 quos
479 1324 651 1384 nulla
691 1322 860 1384 illius
903 1322 1280 1400 Megarensis
1324 1321 1492 1381 fama
1534 1325 1835 1402 pervenit.
1881 1343 1941 1383 v.

157 1425 719 1503 Schweighaeuser.
779 1424 862 1484 ad
912 1422 1136 1483 Athen.
1194 1421 1360 1481 XIV.
1416 1422 1519 1482 78.
1577 1442 1636 1502 p.
1681 1423 1826 1484 661.
1872 1423 1941 1484 Τ.

156 1526 289 1585 vn.
335 1525 536 1586 Schol.
581 1524 870 1586 Ambros.
914 1522 997 1584 ad
1042 1522 1158 1582 Od.
1203 1523 1310 1581 ΠΙ.
1356 1522 1499 1582 332.
1537 1533 1600 1582 et
1629 1523 1772 1584 341.
1817 1525 1944 1586 De·-

155 1627 328 1687 licias
382 1645 624 1707 quoque
676 1626 827 1685 facit
882 1623 1214 1685 Suetonius
1256 1625 1324 1683 in
1368 1622 1582 1686 Octav.
1628 1644 1675 1684 c.
1722 1625 1769 1684 Ι.
1818 1625 1871 1684 V
1882 1646 1944 1685 e-

157 1726 372 1786 litris
418 1726 797 1788 Octavius
842 1744 1066 1806 quum
1109 1724 1343 1784 Marti
1391 1743 1547 1784 rem
1595 1723 1942 1787 divinam

156 1827 458 1887 faceret
475 1870 494 1899 ‚
547 1827 915 1886 nuntiata
967 1827 1047 1885 in
1064 1826 1458 1897 cursione‚
1505 1825 1944 1886 semicruda

158 1937 335 1988 exta
399 1937 630 2007 rapta
697 1926 877 1986 >foco
944 1926 1355 2006 prosecuit
1409 1963 1494 1970 -
1551 1934 1625 1984 et
1683 1927 1943 1987 victor

156 2026 428 2102 rediit3
496 2026 893 2087 decretum
969 2026 1202 2086 etiam
1270 2025 1670 2106 publicum
1727 2035 1944 2087 exta-

158 2127 318 2202 bat,
373 2138 456 2188 ut
507 2130 586 2187 in
643 2136 1045 2208 posterum
1101 2144 1399 2206 quoque
1458 2135 1636 2185 exta
1690 2126 1942 2186 simili

159 2248 223 2289 m
240 2228 383 2289 odo
448 2228 678 2288 Marti
744 2226 1279 2287 redderentur.
1396 2223 1578 2298 Quod
1641 2226 1943 2286 refellitur

159 2327 421 2389 Arnobii
485 2330 841 2389 testimonio
895 2327 971 2387 II.
1030 2325 1131 2386 68.
1190 2347 1251 2407 p.
1310 2325 1413 2395 99.
1499 2322 1552 2398 Q
1567 2344 1608 2384 u
1621 2345 1662 2385 u
1679 2345 1740 2385 m
1796 2326 1850 2384 R
1863 2344 1900 2384 o
1916 2361 1941 2372 -

159 2429 364 2489 mulo
411 2428 956 2508 pompilioque
1010 2425 1526 2504 regnantibus
1569 2435 1942 2505 percocta

158 2529 387 2610 plane
476 2538 550 2588 et
637 2527 956 2590 madida
1031 2535 1710 2586 concremarentur
1783 2525 1939 2587 diis

160 2640 368 2704 exta,
411 2649 588 2708 rege
629 2629 765 2689 sub
801 2628 1026 2689 Tullo
1071 2625 1512 2687 semicruda
1556 2627 1939 2707 coepistis

109 2739 112 2742 ’
162 2741 234 2790 et
285 2729 581 2794 leviter
638 2731 975 2791 animata
1029 2729 1437 2810 porricere
1495 2728 1759 2807 prisca
1809 2725 1940 2787 ob-

163 2832 617 2892 servatione
682 2838 1090 2891 contemta.
1222 2827 1350 2889 Nec
1407 2827 1612 2886 minus
1680 2825 1940 2887 delicate

163 2929 569 2991 Philostratus
612 2927 685 2989 V.
731 2930 922 3011 Soph.
965 2932 1040 2990 II.
1091 2930 1143 2991 1.
1189 2926 1331 2989 550.
1387 2926 1656 3008 ephebos
1698 2927 1939 2989 Atticos

163 3040 492 3111 propterea
560 3030 914 3107 chlamydes
966 3031 1167 3111 pullas
1224 3032 1288 3089 in
1344 3029 1592 3109 pompis
1649 3038 1938 3108 gestasse,

164 3138 236 3189 ut
275 3130 394 3190 hoc
433 3130 664 3211 publici
704 3131 905 3191 luctus
939 3131 1292 3192 testimonio
1329 3126 1570 3210 Copreo
1604 3129 1939 3208 Eurysthei

163 3232 451 3311 praeconi
494 3231 571 3292 ab
601 3230 1077 3292 Atheniensibus
1121 3239 1264 3290 ante
1307 3229 1476 3290 mille
1518 3248 1712 3289 annos
1755 3230 1939 3288 inter-

165 3332 323 3391 fecto
391 3332 542 3391 satis
596 3331 840 3404 darent;
897 3334 993 3392 cui
1050 3332 1315 3391 similem
1371 3331 1672 3391 rationem
1729 3328 1935 3408 pullae
