2158 3848
213 198 338 259 346
741 211 978 256 LIBER
1020 211 1453 256 SECUNDUS.

209 340 361 422 pido
406 340 819 422 quarumlibet
859 341 1132 420 gentium
1187 343 1654 422 superstitiones
1710 347 1872 406 inter
1925 364 1991 406 se

210 453 274 502 et
329 459 466 502 cum
521 442 1034 523 philosophorum
1092 444 1408 503 sententiis
1465 446 1531 503 in
1586 462 1779 506 unum
1832 443 1992 505 redi-

208 541 392 621 gendi
436 539 815 602 Christianos
860 559 1105 619 quoque
1146 543 1411 618 invasit,
1477 554 1852 625 patrumque
1896 564 1992 604 or-

208 642 632 702 thodoxorum
688 641 1094 700 anathematis
1152 642 1263 702 vix
1322 645 1474 704 satis
1537 647 1818 705 restricta
1881 656 1992 718 est,

208 741 374 823 quod
421 739 693 800 ostendit
746 748 1034 820 excerpta
1085 758 1172 799 ex
1213 741 1751 805 Anathematismo
1795 745 1994 805 Mani-

206 843 537 902 chaeorum
601 841 935 921 particula,
1023 859 1207 921 quam
1268 840 1611 906 Cotelerius
1667 845 1748 905 ad
1803 843 1992 907 Clem.

204 943 465 1020 Recogn.
508 941 578 1002 L.
601 940 706 1000 IV.
751 938 894 1000 544.
916 1015 918 1022 Ι
940 961 975 1000 e
1019 940 1152 1013 cod.
1196 944 1365 1020 regio
1408 943 1777 1023 publicavit:
1815 947 1993 1010 Ἀνα-

203 1042 525 1126 θεματίζω
585 1042 690 1104 καὶ
747 1042 864 1122 τὴν
900 1041 1354 1126 Ἀριστοκρίτου
1401 1044 1667 1127 βίβλον,
1731 1045 1812 1124 ἣν
1858 1047 1991 1109 ἐπέ-

203 1163 410 1230 γραψε
471 1142 850 1226 Θεοσοφίαν,
939 1146 1011 1206 ἐν
1064 1138 1105 1223 ᾗ
1161 1152 1450 1226 πειρᾶται
1502 1141 1824 1209 δεικνύναι
1881 1146 1995 1210 τὸν

197 1244 597 1327 Ἶουδαϊσμὸν
639 1245 744 1306 καὶ
779 1243 1182 1326 Ἑλληνισμὸν
1223 1245 1329 1306 καὶ
1356 1245 1471 1308 τὸν
1491 1248 1995 1328 Χριστιανισμόν

201 1347 309 1409 καὶ
332 1346 789 1427 Μανιχαϊσμὸν
829 1347 897 1407 ἓν
932 1345 1091 1407 εἶναι
1126 1344 1232 1406 καὶ
1264 1345 1335 1407 τὸ
1365 1344 1517 1408 αὐτὸ
1545 1343 1773 1431 δόγμα.
1829 1346 1996 1406 Huic

201 1446 469 1507 similem
511 1446 738 1506 librum
765 1444 1086 1520 Anonymi
1129 1444 1448 1522 cujusdam
1475 1443 1995 1527 Constantinopo-

199 1547 409 1620 litani‚
452 1546 558 1625 qui
600 1555 745 1625 post
769 1544 1128 1605 Heraclium
1173 1546 1366 1618 vixit,
1413 1547 1718 1625 excerpsit
1738 1546 1994 1606 Photius
2119 1607 2121 1610 .

203 1645 448 1707 CLXX.
482 1645 619 1706 197.
643 1648 708 1705 in
735 1664 856 1726 quo
884 1645 1227 1729 μαρτυρίαι
1251 1645 1357 1707 καὶ
1373 1643 1625 1728 χρήσεις
1647 1644 1853 1732 λόγων
1879 1648 1995 1727 οὐχ
2074 1663 2080 1669 ’

193 1747 534 1828 Ἑλληνικαὶ
557 1745 759 1830 μόνον
785 1747 940 1809 ἀλλὰ
973 1748 1079 1810 καὶ
1103 1747 1414 1831 Περσικαὶ
1453 1747 1561 1809 καὶ
1594 1745 1847 1830 Θρᾴκιοι
1889 1748 1995 1810 καὶ

202 1847 534 1933 Αἰγύπτιοι
576 1848 682 1910 καὶ
710 1849 1204 1929 Βαβυλωνιακαὶ
1246 1847 1353 1910 καὶ
1379 1847 1740 1910 Χαλδαϊκαὶ
1773 1849 1880 1910 καὶ
1914 1847 1994 1928 δὴ

201 1950 307 2011 καὶ
343 1948 562 2010 Ἰταλοὶ
594 1946 1145 2030 κατεστρώθησαν,
1191 1949 1266 2018 ἃς
1308 1949 1341 2010 ὃ
1389 1948 1789 2033 συγγραφεὺς
1833 1973 1995 2031 συμ-

201 2051 548 2133 φερομὲνας
591 2056 877 2133 πειρᾶται
929 2047 1235 2113 δεικνύειν
1285 2056 1362 2129 τῇ
1415 2056 1547 2112 τῶν
1587 2055 1995 2132 Χριστιανῶν

199 2150 505 2234 θρησκείᾳ
558 2148 700 2233 περί
752 2175 817 2212 τε
871 2157 980 2229 τῆς
1046 2148 1424 2233 ὑπερουσίου
1492 2149 1600 2211 καὶ
1654 2150 1993 2231 ὅμοουσίου

199 2250 486 2335 τριάδος,
531 2258 639 2330 τῆς
679 2276 745 2313 τε
788 2253 857 2314 ἐν
902 2251 1087 2335 σαρκὶ
1127 2258 1242 2314 τοῦ
1282 2247 1471 2335 λόγου
1515 2251 1866 2333 παρουσίας
1906 2287 1993 2298 --

201 2352 307 2414 καὶ
347 2359 462 2414 τοῦ
515 2349 770 2421 πάθους
824 2351 932 2414 καὶ
985 2359 1094 2432 τῆς
1151 2358 1356 2434 ταφῆς
1412 2351 1519 2413 καὶ
1560 2357 1669 2431 τῆς
1712 2352 1993 2419 ἀναστά-

204 2473 355 2521 σεως
407 2459 516 2530 τῆς
567 2476 633 2514 τε
695 2451 1065 2536 ἀναλήψεως
1119 2489 1204 2498 —-
1260 2488 1346 2497 —
1401 2487 1488 2496 —-
1551 2452 1693 2535 περὶ
1749 2448 1994 2515 τούτων

204 2549 504 2616 ἁπάντων
548 2552 794 2630 Ἕλλησί
833 2578 899 2614 τε
942 2553 1048 2615 καὶ
1089 2550 1458 2638 Αἰγυπτίοις
1500 2553 1607 2615 καὶ
1647 2551 1993 2621 Χαλδαίοις
2074 2599 2077 2617 »

200 2651 308 2715 καὶ
346 2657 475 2722 τοῖς
508 2652 969 2735 προειρημένοις
1011 2652 1560 2734 πεφιλοσοφῆσθαί
1599 2678 1665 2715 τε
1709 2652 1816 2714 καὶ
1848 2653 1990 2714 δια-

205 2756 589 2836 κεκηρῢχθαι
653 2756 721 2816 ἐν
789 2752 971 2823 ἰδίοις
1040 2753 1254 2815 αὐτῶν
1317 2759 1603 2834 πειρᾶται
1670 2750 1992 2816 δεικνύναι

204 2851 722 2939 συγγράμμασιν·
772 2871 929 2932 quae
973 2854 1106 2912 sine
1134 2850 1324 2911 dubio
1372 2854 1580 2912 omnia
1621 2854 1833 2930 ignota
1862 2851 1994 2912 fue-

204 2964 349 3013 runt
389 2955 543 3016 viris
582 2954 836 3034 optimis
879 2953 1460 3032 indoctissimisque‚
1505 2954 1610 3032 qui
1633 2952 1791 3012 hanc
1812 2952 1992 3012 Pam-

203 3053 712 3134 mythosophiam
755 3073 953 3134 nuper
996 3052 1335 3112 admodum
1377 3055 1445 3112 in
1487 3052 1696 3113 media
1739 3053 1992 3113 Germa-

204 3146 313 3213 nia
354 3154 790 3234 plaudentibus
833 3154 1030 3214 Musis
1088 3162 1151 3212 et
1192 3153 1530 3232 Musigenis
1586 3162 1802 3213 natam
1836 3172 1992 3226 „esse
2026 3150 2029 3153 ’

205 3272 570 3336 persuasum
598 3254 842 3315 habent.
928 3253 1160 3314 Verum
1194 3254 1352 3314 hanc
1380 3253 1819 3334 disputationis
1849 3271 1985 3332 par-

208 3365 333 3416 tem
375 3356 582 3426 finiam
601 3399 619 3430 ‚
679 3358 732 3416 si
777 3353 1110 3429 addidero,
1172 3355 1552 3430 Platonicos,
1615 3357 1721 3436 qui
1779 3371 1988 3435 super-
