2158 3848
271 185 400 249 254
809 196 1046 240 LIBER
1089 196 1519 241 sncuNnus.

269 338 474 391 terunt
542 325 778 388 Cereris
851 326 1205 385 Eleusiniae
1292 327 1597 387 antistites
1682 328 2063 403 Pheneatae.

269 430 572 510 deamque
609 436 933 488 narrarunt
976 444 1166 506 quum
1211 436 1448 486 caetera
1489 427 1799 504 legumina
1839 429 2045 509 hospi-

272 533 437 593 tibus
482 531 610 589 suis
655 529 1006 605 largiretur,
1063 524 1238 585 fabas
1296 528 1611 607 excepisse
1665 529 1842 589 Paus.
1886 512 2048 588 VIII.

267 632 368 693 75.
426 627 671 712 κύαμον
725 625 844 707 μὲν
901 622 1018 688 οὗν
1075 626 1166 707 ἐφ’
1225 626 1349 708 ὅτῳ
1403 628 1489 709 μὴ
1545 630 1839 712 καθαρὸν
1891 631 2049 693 εἶναι

267 731 633 813 νομίζουσιν
678 727 970 807 ὄσπριον,
1029 726 1196 787 ἔστιν
1251 726 1411 808 ἱερὸς
1467 730 1554 790 ἐπ’
1612 730 1784 813 αὐτῷ
1840 728 2045 816 λόγος·

264 832 477 909 Neque
523 825 705 887 Ceres
751 824 951 882 solum
985 823 1372 901 Pythagorae
1414 830 1778 888 sententiam
1824 849 2049 910 appro-

265 931 469 1003 bavit,
533 925 644 988 sed
696 923 865 984 idem
909 925 975 983 in
1019 924 1282 983 aliorum
1329 943 1569 1006 quoque
1612 927 1868 988 deorum
1912 949 2050 1006 my-

264 1031 467 1090 steriis
511 1045 628 1109 pro
672 1026 804 1103 lege
847 1024 1077 1086 valuit:
1132 1023 1370 1108 κύαμος
1414 1025 1614 1106 πάσης
1666 1037 1904 1108 τελετῆς
1946 1030 2050 1091 καὶ

264 1130 497 1199 παντὸς
541 1131 709 1211 ἱεροῦ
756 1121 1127 1205 ἀπελήλαται
1168 1123 1473 1185 Artemid.
1517 1128 1563 1186 I.
1609 1125 1710 1188 65.
1754 1148 1815 1210 p.
1844 1126 1944 1188 58.
1990 1139 2050 1187 et

263 1250 302 1290 a
334 1228 497 1290 fabis
542 1227 623 1287 ad
659 1235 916 1304 cognata
944 1219 1164 1302 genera
1198 1227 1569 1286 translatum
1613 1238 1721 1287 est.
1809 1230 2051 1290 Plutar-
2087 1299 2090 1300 ⁷
2117 1234 2119 1239 '

263 1331 411 1391 chus
471 1329 561 1388 ait
615 1324 864 1399 Quaest.
908 1325 1084 1387 Rom.
1143 1347 1190 1385 c.
1243 1324 1431 1386 XCV.
1489 1325 1849 1410 νενόμισται
1902 1331 2049 1400 τοὺς

264 1428 645 1517 ἁγνεύοντας
681 1426 962 1509 ὀσπρίων
995 1428 1366 1505 ἀπέχεσθαι·
1413 1429 1548 1488 sive
1576 1428 1655 1487 ob
1686 1448 1788 1489 eas
1815 1449 2049 1503 causaS,

260 1539 518 1611 propter
562 1546 712 1607 quas
756 1527 1127 1603 Pythagorei
1170 1526 1365 1599 fabis,
1426 1529 1578 1606 pisis
1635 1539 1698 1587 et
1741 1531 2048 1590 cicerculis

262 1630 643 1700 abstineant,
708 1645 818 1686 seu
863 1628 1006 1706 quia
1063 1624 1145 1684 ad
1201 1629 1596 1687 evocationes
1652 1632 1931 1690 manium
1987 1641 2050 1690 et

260 1730 339 1791 ad
398 1746 617 1789 coenas
672 1725 958 1786 funebres
1015 1725 1422 1786 adhibeantur
1439 1724 1512 1808 [k]
1575 1747 1834 1808 quarum
1887 1732 2051 1797 inter

259 1829 492 1889 fercula
533 1828 738 1907 lupini,
778 1845 1020 1906 quoque
1065 1837 1267 1900 erant,
1326 1827 1404 1886 ob
1449 1827 1516 1886 id
1558 1828 1854 1890 ferales
1901 1831 2048 1891 dicti

262 1927 551 2009 Calpurn.
596 1927 723 1985 Ecl.
752 1928 857 1986 III.
901 1928 1003 1986 82.
1049 1937 1111 1986 et
1145 1927 1547 2005 Pythagoreis
1590 1931 1901 1991 interdicti
1924 1932 2047 1991 Lu-

261 2033 413 2090 cian.
457 2034 599 2093 Ver.
644 2027 808 2087 Hist.
852 2027 929 2086 II.
974 2027 1074 2086 28.
1158 2025 1370 2107 Neque
1414 2037 1620 2087 tamen
1674 2030 1741 2090 id
1786 2031 2046 2106 obstitit,
2094 2094 2107 2102 .

261 2149 383 2210 quo
428 2130 634 2188 minus
679 2137 741 2186 et
783 2126 963 2186 fabae
1010 2135 1072 2186 et
1117 2137 1353 2188 ceterae
1404 2132 1639 2210 species
1692 2129 2044 2197 Cerealibus

259 2230 810 2291 adnumerarentur
851 2226 1126 2306 frugibus
1143 2224 1243 2309 [¹¹].
1334 2228 1461 2289 Sed
1505 2222 1795 2310 quoniam
1853 2233 2046 2311 conji-

1674 2301 1775 2378 Q

379 2397 446 2455 [k]
480 2398 630 2454 Lydus
673 2397 727 2440 ‹le
771 2398 910 2440 Mens.
952 2412 995 2455 p.
1027 2398 1097 2440 77.
1140 2394 1308 2457 κύαμοι
1349 2401 1411 2449 εἷς
1450 2398 1554 2450 τοὺς
1593 2398 1770 2459 τάφους
1810 2403 2043 2463 ῥίπτονται

259 2456 373 2517 ὑπὲρ
404 2462 622 2513 σωτηρίας
651 2453 925 2514 ἀνθρώπων·
957 2457 1138 2500 Festus:
1171 2457 1380 2500 Fabam
1412 2473 1514 2501 nec
1543 2465 1792 2516 tangere
1823 2476 1923 2503 nec
1954 2476 2042 2504 no—

257 2519 467 2561 minare
511 2515 739 2557 fla-mini
778 2514 933 2556 Diali
973 2514 1137 2566 licet,
1183 2516 1318 2570 quia
1363 2518 1624 2560 creditur
1680 2519 1747 2562 ad
1789 2525 2040 2563 mortuos
2099 2555 2102 2558 .
2140 2529 2158 2566 ρ

256 2575 589 2634 pertinere3
621 2587 738 2614 nam
768 2578 827 2614 et
855 2572 1255 2615 Lemuralibus
1291 2575 1517 2628 jacitur
1546 2576 1728 2619 larvis
1759 2584 1815 2621 et
1845 2592 2042 2634 paren-

257 2634 485 2679 talibus
517 2631 831 2673 adhibetur
860 2630 1205 2672 sacrificiis.
1263 2631 1330 2673 De
1360 2646 1463 2675 ervo
1493 2634 1776 2679 Plutarchus:
1808 2640 1853 2680 οἱ
1888 2633 2039 2690 Tecta..
2085 2649 2088 2650 ⁷

258 2696 350 2743 λεις
377 2690 457 2735 τὸν
487 2685 651 2750 ὄροβον
680 2692 944 2747 καθαρτῆρα
974 2690 1161 2732 καλοῦσι
1191 2692 1268 2732 καὶ
1290 2693 1492 2749 χρῶνται
1521 2691 1635 2752 πρὸς
1662 2692 1740 2742 τὰς
1769 2693 2043 2752 ἀφοσιώσεις

258 2755 336 2796 καὶ
365 2745 642 2809 καθαρμούς·
672 2749 870 2803 idemque
899 2748 944 2789 in
974 2748 1028 2790 V.
1061 2747 1206 2791 Crass.
1231 2749 1349 2791 XIX.
1382 2748 1558 2807 φακοὺς
1587 2753 1663 2793 καὶ
1695 2750 1805 2801 ἅλας
1828 2750 2042 2813 Ῥωμαῖοι

258 2814 551 2871 προτίθενται
579 2811 673 2857 τοῖς
706 2812 873 2851 νέκυσι·
906 2821 1017 2862 quae
1047 2807 1188 2849 omnia
1218 2808 1497 2862 confirmant,
1541 2811 1668 2852 fabae
1714 2816 1758 2852 et
1788 2819 1933 2856 cet-era
1962 2826 2040 2869 ge-
2092 2862 2094 2866 .

258 2885 363 2913 nera
394 2870 597 2925 quantum
626 2866 848 2922 religionis
879 2864 1120 2908 habuerint.
1150 2866 1305 2922 quue
1334 2868 1463 2910 etiam
1494 2875 1691 2924 spectare
1710 2870 1897 2924 videtur,
1926 2871 2039 2929 quod

257 2928 551 2985 Diogenianus
590 2925 727 2968 tradit
769 2926 891 2967 Ceut.
931 2925 968 2967 I.
1008 2923 1078 2966 50.
1122 2927 1167 2968 οἱ
1206 2922 1390 2983 μάντεις
1419 2923 1610 2971 εἰώθασι
1638 2933 1814 2972 τιθέναι
1843 2927 1924 2974 τὸν
1952 2929 2038 2974 ἅλα

259 2991 336 3031 καὶ
376 2984 569 3045 κύαμον·
612 2983 725 3029 ὅθεν
765 2986 841 3026 καὶ
878 2980 980 3032 τοὺς
1020 2980 1288 3044 ἆποῤῥήτων
1330 2989 1656 3036 κοινωνοῦντας
1684 2986 1787 3036 τοὺς
1814 2992 1921 3047 περὶ
1951 2987 2038 3033 ἅλα

257 3049 334 3092 καὶ
364 3042 540 3103 κύαμον
569 3045 741 3102 ἔλεγον.
773 3056 1014 3099 quanquam
1042 3043 1263 3098 proverbii
1293 3044 1418 3100 hujus
1449 3044 1576 3088 aliam
1605 3047 1740 3088 fuisse
1770 3061 1943 3090 causam
1966 3061 2037 3091 ar-

255 3107 417 3156 bitror3
451 3107 493 3147 οἱ
522 3105 628 3161 περὶ
658 3099 743 3145 ἅλα
774 3103 850 3145 καὶ
880 3097 1070 3159 κύμινον
1097 3101 1319 3144 Plutarch.
1350 3103 1498 3160 Symp.
1529 3105 1582 3145 V.
1616 3106 1683 3146 10.
1705 3104 1804 3148 287.
1836 3107 2036 3149 dicuntur

257 3165 487 3210 amicorum
514 3162 665 3204 intimi.
760 3183 762 3185 ·

374 3241 441 3298 [ll]
475 3242 670 3284 Galenus
699 3241 744 3282 in
774 3240 906 3296 Hipp.
938 3239 992 3281 de
1022 3239 1164 3281 Morb.
1196 3240 1323 3285 Acut.
1353 3241 1407 3283 L.
1437 3242 1474 3287 I.
1506 3240 1575 3284 14.
1605 3241 1661 3287 D.
1696 3243 1753 3286 T.
1786 3243 1863 3286 XI.
1893 3243 2034 3284 Char-

257 3308 339 3344 ter.
381 3307 507 3345 σῖτον
546 3301 633 3357 μὲν
674 3294 974 3357 ὀνομάζουσιν
1013 3300 1058 3342 οἱ
1097 3294 1337 3357 ἅνθρωποι
1377 3296 1572 3358 μάλιστα
1601 3302 1689 3359 μὲν
1718 3300 1820 3350 τοὺς
1845 3298 2030 3360 πυρούς·

258 3358 342 3414 ἤδη
383 3361 433 3405 δὲ
478 3362 553 3403 καὶ
582 3356 659 3407 τὰς
689 3353 861 3416 κριθάς·
892 3353 1062 3406 τούτοις
1091 3362 1392 3415 προςνέμουσι
1422 3361 1499 3401 καὶ
1526 3357 1605 3409 τὰς
1635 3358 1758 3410 ζειύς·
1789 3361 1865 3403 ἐπὶ
1894 3361 2033 3404 πλέον
