2158 3848
218 224 344 285 724
726 232 963 276 mann
1007 231 1437 278 SECUNDUS

220 369 517 449 ὑμνεῖται.
605 363 814 443 Neque
870 364 1059 423 alium
1087 360 1338 440 1Crojus
1399 361 1660 443 Specim.
1722 359 1895 446 Conj.
1938 381 2000 441 p.

226 465 323 525 19.
366 484 406 525 a
447 462 819 525 Nicomacho
873 463 987 523 sub
1034 463 1227 523 altero
1270 462 1450 522 titulo
1498 462 1672 522 citari
1713 470 1895 541 putat
1937 448 2003 520 in

225 566 436 625 Theol.
481 585 529 623 c.
572 562 674 621 IV.
712 563 807 622 19.
833 582 894 641 p.
931 562 1024 620 17.
1071 566 1138 627 ἐν
1165 569 1251 644 τῷ
1276 562 1637 644 δηλουμένῳ
1666 561 1806 644 περὶ
1831 564 2004 624 θεῶν

227 662 669 750 συγγράμματι
714 662 746 723 ὃ
787 658 1184 746 Πυθαγόρας
1231 662 1426 730 οὕτως
1468 662 1820 746 διορίζεται,
1865 661 2001 722 τέσ·

227 787 406 846 σαρες
447 761 566 844 μὲν
609 761 833 843 σοφίας
878 759 1255 843 ἐπιβάθραι,
1313 762 1691 842 ἀριθμητικὴ
1703 808 1724 834 ,
1780 780 2003 842 μουσι-

224 865 330 942 κὴ,
386 861 796 947 γεωμετρικὴ,
854 860 1180 943 σφαιρικὴ,
1240 859 1614 931 obliteratis,
1675 869 1745 918 ut
1799 878 2004 938 saepe,
2046 874 2071 889 ⁴

226 963 468 1021 doricae
512 960 760 1019 dialecti
802 961 983 1018 notis.
1026 958 1128 1018 Ad
1172 959 1322 1017 haec
1366 957 1599 1018 accedit
1629 958 1870 1017 Proculi
1914 967 2002 1017 te-

224 1061 580 1122 stimonium
635 1060 701 1117 in
755 1060 800 1117 Ι.
856 1057 1094 1117 Euclid.
1148 1058 1343 1117 Elem.
1402 1078 1462 1138 p.
1517 1059 1577 1119 7.
1636 1058 1669 1120 ὅ
1728 1055 2004 1120 Πλάτων

226 1161 417 1224 πολλὰ
463 1160 569 1222 καὶ
614 1159 956 1243 θαυμαστὰ
1000 1156 1289 1242 δόγματα
1333 1158 1472 1240 περὶ
1513 1166 1645 1222 τῶν
1688 1162 1864 1221 θεῶν
1897 1157 2006 1219 διὰ

225 1269 355 1323 τῶν
410 1263 882 1340 μαθηματικῶν
912 1245 914 1248 ’
939 1258 1124 1321 εἰδῶν
1166 1257 1330 1339 ἡμᾶς
1373 1256 1780 1320 ἀναδιδάσκει
1821 1256 1926 1319 καὶ
1968 1257 2006 1335 ἡ

225 1367 356 1421 τῶν
417 1357 886 1441 Πυθαγορείων
944 1357 1284 1438 φιλοσοφία
1338 1394 1424 1402 —
1477 1365 1757 1426 τοιοῦτος
1799 1357 1923 1441 γὰρ
1969 1357 2002 1418 ὃ

227 1459 387 1541 ἱερὸς
423 1456 669 1538 σύμπας
703 1454 908 1540 λόγος·
959 1474 1310 1535 quanquam
1346 1457 1399 1514 is
1435 1456 1847 1534 Pythagoram
1882 1474 2008 1514 non

225 1558 531 1630 nominat,
588 1575 696 1616 seu
755 1558 900 1634 quia
943 1555 1032 1613 nil
1076 1555 1415 1628 referebat,
1460 1574 1568 1614 seu
1613 1555 1759 1635 quia
1801 1565 2008 1614 aucto-

225 1677 359 1716 rem
425 1657 654 1733 ambigi
721 1664 999 1717 noverat.
1124 1652 1317 1737 Quae*
1365 1654 1671 1714 dubitatio
1741 1656 2009 1734 pertinet

229 1761 414 1818 etiam
483 1757 564 1816 ad
630 1753 981 1834 Diodorum
1039 1755 1084 1813 I.
1143 1755 1243 1813 98.
1311 1758 1418 1834 qui
1472 1757 1823 1816 universam
1878 1755 2009 1813 fer'e

229 1857 569 1916 doctrinam
603 1855 1069 1932 Pythagoricam
1113 1854 1191 1914 ab
1228 1854 1552 1934 Aegyptiis
1595 1865 1909 1934 acceptam
1942 1855 2018 1939 in.

228 1974 450 2016 sacro
487 1974 846 2014 sermone
881 1956 1125 2034 exponi,
1167 1975 1235 2013 re
1278 1973 1500 2034 parum
1536 1955 1874 2033 explorata,
1918 1954 2007 2013 af-

228 2057 430 2115 firmat
446 2052 537 2134 [⁶J.
609 2054 732 2113 Sed
777 2054 1077 2131 Syrianus
1121 2056 1367 2134 saepius
1413 2063 1474 2113 et
1517 2055 1649 2113 sine
1693 2055 1821 2113 ulla
1863 2054 2008 2113 ha'e-

221 2156 517 2214 sitatione
572 2154 954 2231 Pythagorae
1011 2154 1262 2213 dubiam
1315 2156 1773 2233 possessionem
1834 2136 2008 2232 adju*-

231 2255 395 2314 dicat
447 2256 512 2313 in
565 2253 713 2312 Met.
772 2253 939 2313 XIII.
996 2273 1056 2333 p.
1119 2254 1256 2313 108.
1316 2253 1371 2312 b.
1414 2256 2007 2314 interminatam

232 2354 732 2426 dualitatem,
805 2373 1022 2435 quam
1080 2351 1330 2413 Chaos
1393 2341 1875 2431 Pythagoras
1929 2357 2008 2414 in

231 2471 451 2512 sacro
498 2471 848 2512 sermone
892 2455 1215 2515 vocavit
1258 2455 1663 2513 associans
1708 2473 1868 2514 eam
1903 2456 2007 2514 in-

234 2553 612 2611 tellectui.
655 2551 828 2611 Idem
872 2573 932 2630 p.
974 2553 1110 2612 121.
1146 2572 1199 2611 a.
1245 2553 1722 2630 Pythagoras
1766 2554 2007 2613 multa

235 2652 510 2713 divina
587 2649 677 2709 de
751 2653 1208 2729 septenario
1281 2637 1552 2734 ‘dicens
1621 2651 2005 2725 ostendit,

233 2770 375 2831 quo
432 2762 657 2831 pacto
714 2759 991 2808 natura
1035 2769 1168 2828 per
1221 2760 1516 2829 septem
1573 2769 1815 2810 annos
1872 2760 2006 2811 aut

232 2869 531 2910 menses
575 2859 707 2908 aut
751 2848 915 2908 dies
959 2848 1339 2928 plurimas
1397 2850 1846 2928 hujusmodi
1900 2872 2004 2911 re-

233 2970 394 3010 rum
447 2949 770 3030 perficit
811 2986 896 2994 —-
938 2985 1022 2994 --—
1078 2947 1168 3007 de
1224 2951 1582 3010 omnibus
1636 2954 2009 3024 numeriS,

237 3051 364 3129 qui
421 3058 599 3109 sunt
651 3049 740 3109 ab
795 3050 1107 3108 unitate
1161 3067 1400 3128 usque
1458 3050 1548 3110 ad
1606 3050 2002 3111 denarium
2132 3081 2133 3085 ,

289 3311 301 3323 ⁸
354 3252 414 3311 [d]
446 3254 574 3297 Hunc
611 3253 767 3297 librum
797 3252 1055 3322 Meinersius
1083 3252 1128 3295 in
1152 3253 1269 3322 ῌίεῐ.
1301 3253 1451 3297 Doctr.
1483 3254 1541 3296 T.
1572 3254 1607 3298 Ι.
1638 3269 1679 3311 p.
1710 3255 1810 3301 575.
1842 3255 1898 3297 ab
1933 3269 1999 3306 eo,

236 3325 362 3414 augg}
391 3313 623 3415 :dari-{22:1¹⁸
643 3312 1082 3423 ξείιὲῗοξῧὲεεξῗξΐξξ,
1122 3312 1225 3354 mhil
1256 3313 1469 3355 diversum
1497 3318 1648 3369 putat3
1688 3314 1759 3356 hic
1787 3327 1891 3356 vero
1921 3327 2000 3354 nu-
