2176 3886
219 257 305 318 44
808 267 1042 314 LlnER
1085 269 1390 314 PR1MUS.

219 396 604 461 traducendis
653 400 935 460 instituta
989 420 1150 475 esse,
1209 413 1314 462 aut
1367 421 1445 461 ne
1499 402 1813 463 Eleusinia
1854 407 1984 484 qui-

220 499 380 559 dem.
474 497 636 559 Illud
701 499 856 559 adeo
924 501 1069 561 fidei
1139 503 1467 575 absonum,
1536 509 1632 574 ut,
1702 507 1981 582 quamvis

217 599 415 660 multa
467 619 506 659 a
545 602 1063 680 >mysteriosophis
1118 604 1342 661 nostris
1401 601 1566 660 dicta
1621 603 1774 675 sint,
1827 624 1983 685 quae

212 699 492 759 homines
546 699 892 760 festiviores
944 699 1144 758 ridere
1186 718 1498 780 nunquam
1542 700 1850 776 desinent,
1893 714 1984 763 ta-

212 817 355 859 men
397 817 580 858 nemo
625 798 823 863 adhuc
865 798 1165 859 affirmare
1208 802 1579 873 sustinuerit,
1621 802 1688 860 in
1731 803 1983 880 singulis

211 899 342 958 fere
398 900 689 958 Graeciae
742 898 993 958 urbibus
1046 907 1347 978 quotquot
1399 903 1574 960 annis
1628 918 1839 962 veram
1883 902 1984 962 dei

213 996 454 1058 colendi
517 1000 820 1058 rationem
889 1017 927 1058 a
989 997 1406 1058 sacerdotibus
1473 998 1766 1059 traditam
1833 1020 1981 1060 esse.

104 1161 106 1163 ,
212 1097 338 1158 Sed
382 1100 526 1179 quia
568 1115 742 1157 casus
785 1098 945 1171 tulit,
987 1108 1056 1158 ut
1097 1099 1414 1157 Eleusinia
1458 1107 1519 1157 et
1563 1098 1984 1160 Samothracia

207 1218 492 1277 magnam
534 1217 684 1279 prae
727 1199 940 1257 ceteris
982 1198 1212 1257 famam
1258 1207 1628 1277 consequuta
1651 1200 1792 1272 sint,
1835 1200 1984 1260 haec

208 1298 383 1359 velut
424 1298 752 1357 seminaria
786 1296 1086 1377 quaedam
1121 1297 1369 1359 divinae
1402 1300 1742 1378 sapientiae
1777 1300 1843 1359 in
1876 1318 1982 1358 ore

207 1398 414 1457 ferunt
453 1398 704 1457 fanatici
747 1399 1130 1477 antiquitatis
1176 1399 1455 1458 cultores,
1502 1399 1648 1458 Sine
1690 1398 1820 1458 ulla
1849 1401 1980 1478 qui-

209 1497 351 1558 dem
405 1497 631 1557 idonea
670 1499 928 1556 ratione.
979 1497 1136 1557 Nam
1180 1517 1374 1577 neque
1418 1498 1743 1557 discrimen
1786 1498 1979 1557 ullum

205 1599 644 1674 mysteriorum
688 1615 726 1655 a
768 1596 1079 1658 veteribus
1122 1597 1404 1670 traditur,
1446 1617 1642 1677 neque
1676 1597 1840 1656 credi
1868 1616 1980 1677 po-

207 1704 360 1770 test,
402 1697 562 1755 inter
605 1713 681 1754 ea
723 1713 927 1768 sacra,
981 1714 1136 1774 quae
1193 1695 1410 1755 eodem
1466 1699 1716 1755 nomine
1769 1697 1980 1776 appel-

206 1797 335 1856 lata
402 1805 465 1855 et
527 1794 746 1854 iisdem
813 1794 1167 1854 numinibus
1220 1796 1515 1875 inscripta
1567 1796 1770 1868 fuere,
1847 1805 1979 1854 tan-

206 1906 341 1956 tum
384 1895 764 1967 interfuisse,
807 1903 879 1952 ut
919 1894 1042 1953 alia
1087 1903 1404 1954 consuetas
1447 1905 1842 1975 receptasque
1897 1894 1976 1954 de

207 1995 463 2056 deorum
519 2003 738 2054 natura
794 1994 1115 2074 opiniones
1172 1995 1632 2067 confirmarent,
1693 1994 1817 2053 alia
1860 1995 1976 2054 tol-

200 2097 413 2158 lerent.

375 2194 501 2255 Sed
553 2215 630 2254 ne
686 2198 821 2275 quis
875 2196 1029 2255 hanc
1084 2198 1283 2277 ipsam
1327 2196 1779 2255 Eleusiniorum
1823 2195 1975 2255 cele-

201 2296 492 2357 britatem
534 2295 856 2373 singularis
901 2295 1215 2373 cujusdam
1258 2297 1661 2355 institutionis
1706 2305 1766 2354 et
1808 2313 1846 2354 a
1881 2314 1974 2353 ce-

200 2397 350 2456 teris
416 2394 696 2456 diversae
767 2405 1192 2473 argumentum
1260 2414 1391 2455 esse
1449 2394 1660 2470 ducat,
1722 2393 1974 2454 demon-

201 2494 409 2556 strabo
454 2513 643 2573 quam
685 2495 916 2553 multae
957 2495 1136 2572 hujus
1178 2497 1299 2568 rei,
1344 2514 1646 2574 quamque
1687 2495 1974 2576 probabi-

199 2596 291 2656 les
336 2613 554 2655 causae
594 2596 820 2674 partim
864 2595 1036 2671 fingi,
1080 2596 1309 2674 partim
1353 2595 1678 2670 excogitari
1719 2597 1972 2675 poss-int.

198 2696 409 2756 Prima
451 2713 634 2756 causa
675 2693 794 2753 fuit
836 2695 1101 2755 civitatis
1133 2695 1348 2774 ipsiuS,
1393 2696 1564 2771 cujus
1587 2694 1703 2752 hoc
1731 2711 1972 2752 sacrum

203 2807 363 2871 erat,
422 2793 715 2877 splendor
767 2807 829 2854 et
871 2793 1214 2875 amplitudo
1259 2794 1426 2853 domi
1472 2793 1733 2873 bellique
1774 2803 1971 2872 parta,

202 2916 358 2977 quae
402 2895 687 2956 omnibus
729 2894 910 2973 hujus
953 2896 1147 2973 gentis
1200 2895 1376 2954 factis
1417 2894 1800 2972 inventisque
1840 2912 1971 2970 gra-

200 2997 355 3055 tiam
410 3005 473 3055 et
525 2996 946 3056 auctoritatem
1003 2992 1431 3054 circumdabat.
1529 2991 1810 3052 Secunda
1862 2991 1972 3051 do-

201 3097 595 3156 mesticorum
650 3097 1012 3176 scriptorum
1066 3093 1398 3153 multitudo
1455 3102 1517 3152 et
1559 3093 1798 3153 claritas
1811 3135 1828 3165 ,
1871 3111 1968 3152 res

202 3197 436 3277 patrias
501 3197 829 3276 praeconio
897 3213 1010 3256 suo
1062 3193 1535 3254 nobilitantium.
1603 3212 1662 3254 v.
1718 3192 1966 3254 Sallust.

205 3294 335 3356 Cat.
378 3296 539 3357 VIII.
584 3297 642 3355 2.
685 3296 894 3356 Tertia
934 3295 1084 3368 loci,
1126 3294 1233 3354 ubi
1277 3293 1393 3353 dea
1425 3294 1968 3353 beneficentissima

207 3396 353 3457 olim
415 3416 452 3456 a
495 3398 688 3475 longis
743 3395 1047 3458 erroribus
1103 3396 1403 3475 requiesse
1447 3392 1830 3466 credebatur,
1872 3411 1964 3452 re-
