2158 3848
715 207 1288 252 ELEUSINIA.
1773 198 1887 261 151

111 346 542 420 mysticorum,
590 337 824 399 Cereris
869 348 930 397 et
972 339 1214 417 Zagrei,
1261 344 1585 399 consortio.
1630 343 1731 404 Ad
1773 345 1889 405 hoc

110 443 447 519 mythicum
505 457 693 517 genus
734 439 1043 517 pertinere
1085 438 1334 500 videtur
1377 441 1562 499 etiam
1604 443 1710 501 ille
1752 445 1887 522 Dy-

7 618 10 626 Ἂ
108 558 423 603 maeorum
484 536 820 619 ἆπόῤῥητος
877 538 1057 625 λόγος
1114 538 1192 598 de
1237 536 1507 616 Cybelae
1551 549 1613 600 et
1646 540 1885 605 -Attinis

0 622 10 717 ἓ
107 641 482 718 commerciis
527 648 588 697 et
627 637 909 698 luctuoso
953 641 1131 719 pueri
1175 659 1213 700 a
1256 658 1366 699 sue
1400 641 1712 704 interemti
1742 661 1887 702 casu

104 741 358 800 Pausan.
415 739 546 797 VH.
610 736 705 797 17.
766 737 824 798 5.
882 754 1064 819 quem
1121 741 1254 801 sine
1315 739 1505 800 dubio
1573 745 1885 804 enarravit

0 822 8 859 ‘³
102 841 406 902 Neanthes
461 841 528 898 in
584 838 740 900 libro
798 838 876 898 de
921 839 1148 899 Teletis
1204 859 1279 901 eo
1322 842 1492 915 loco,
1538 854 1885 922 quosssuum

99 941 374 999 facinora
429 939 860 999 memorabilia
919 939 1161 1017 collegit
1202 940 1424 1002 Athen.
1468 941 1577 1002 IX.
1622 941 1764 1002 376.
1807 941 1882 1002 A.

6 1064 9 1067 ⁴
96 1059 240 1100 nam
294 1039 738 1121 Harpocratio‚
797 1039 875 1101 de
917 1038 1131 1099 Attine
1184 1040 1292 1100 ubi
1335 1043 1633 1120 loquitur,
1679 1040 1882 1101 addit:

95 1142 394 1222 μυστικὸς
462 1142 494 1202 ὃ
564 1139 763 1225 λόγος·
814 1140 915 1220 κτὰ
982 1139 1052 1203 δὲ
1115 1141 1256 1224 περὶ
1322 1141 1518 1204 αὐτὸν
1578 1139 1880 1221 δεδήλωκε

67 1239 404 1319 ..Νεάνθης
493 1237 616 1298 Cur
657 1239 964 1306 Mercurio
1011 1242 1169 1301 aries
1214 1251 1593 1323 apponatur,
1652 1241 1881 1302 Pausa-

94 1341 229 1398 nias
282 1340 455 1400 varie
510 1340 817 1420 explicari
872 1339 1084 1403 scribit
1137 1349 1270 1403 tum
1336 1343 1413 1402 ab
1459 1343 1597 1403 aliis
1639 1351 1770 1401 tum
1813 1343 1881 1400 in

92 1439 300 1499 Rheae
343 1441 688 1516 mysteriis:
731 1441 846 1504 τὸν
889 1445 956 1504 ἐν
998 1450 1205 1524 τελετῇ
1249 1443 1514 1526 Μητρὸς
1557 1443 1656 1505 ἐπὶ
1690 1443 1878 1524 Ἑρμῇ

93 1538 424 1626 λεγόμενον
480 1539 667 1626 λόγον
723 1539 1125 1623 ἐπιστάμενος
1170 1546 1244 1607 οὔ
1290 1545 1446 1629 λέγω
1487 1543 1564 1603 II.
1608 1542 1668 1602 4.
1712 1541 1881 1622 quod

90 1642 297 1700 nescio
351 1659 432 1699 an
487 1640 728 1720 pudore
783 1642 993 1719 magis,
1033 1661 1217 1721 quam
1267 1643 1563 1720 religione
1605 1641 1879 1722 prohibi-

88 1751 191 1800 tus
234 1742 315 1799 sit
356 1740 573 1802 facere.
645 1740 806 1802 Nam
851 1741 930 1801 de
973 1745 1166 1803 ariete
1207 1744 1518 1822 pel-turpis
1561 1742 1774 1803 fabula
1814 1743 1881 1800 in

89 1843 277 1901 sacris
333 1859 592 1918 magnae
644 1841 865 1901 Matris
921 1843 1209 1920 evulgata
1253 1852 1373 1914 est,
1429 1842 1512 1910 ὥς
1556 1844 1681 1923 ἄρα
1724 1842 1881 1903 ἄπο-

90 1940 332 2010 σπάσας
374 1942 406 2003 ὃ
453 1941 621 2009 Ζεὺς.
652 1948 767 2004 τοῦ
807 1950 988 2023 κριοῦ
1031 1942 1177 2010 τοὺς
1220 1939 1528 2023 διδύμους
1574 1945 1640 2005 ἐν
1672 1943 1880 2023 μέσοις

91 2046 292 2124 ἕῤῥιψε
330 2047 460 2111 τοῖς
482 2038 731 2110 κόλποις
752 2048 860 2119 τῆς
881 2045 1086 2119 Δηοῦς
1111 2052 1220 2100 etc.
1263 2038 1454 2101 Clem.
1479 2039 1663 2102 Adm.
1694 2060 1754 2122 p.
1784 2040 1878 2101 ll.

87 2143 163 2204 A.
196 2142 305 2203 ubi
346 2141 609 2201 fortasse
630 2139 923 2203 Mercurii
965 2142 1382 2202 ministerium
1429 2144 1723 2201 omissum
1768 2151 1877 2201 est.

86 2244 272 2303 Falsa
313 2236 478 2301 certe
517 2239 768 2303 videtur
793 2239 1178 2317 Hieronymi
1213 2241 1513 2302 Alcandri
1555 2243 1767 2322 opinio
1810 2242 1877 2300 in

89 2342 239 2403 Tab.
301 2340 441 2401 Hel.
484 2347 563 2420 p.'
590 2339 735 2400 744.
781 2339 850 2400 T.
895 2340 967 2399 V.
1015 2341 1239 2404 Graev.
1283 2343 1530 2403 fabulae
1572 2361 1620 2402 a·
1650 2342 1877 2401 Pausa-

86 2445 193 2503 nia
243 2441 468 2502 allatae
523 2442 867 2501 naturalem
924 2441 1176 2501 subesse
1227 2445 1534 2502 rationem
1590 2443 1878 2502 arietem-

88 2563 207 2624 que
264 2550 508 2621 tempus
553 2540 848 2600 denotare
889 2559 1148 2602 vernum
1163 2585 1180 2616 ,
1241 2561 1363 2621 quo
1407 2551 1690 2623 tempore
1733 2542 1878 2620 quia

87 2662 238 2703 oves
305 2640 674 2701 tondeantur
683 2667 709 2714 ‚>
771 2641 1143 2702 Mercurium
1211 2645 1421 2704 arietis
1486 2652 1756 2704 tutorem
1814 2650 1876 2699 et

88 2745 289 2803 omnis
307 2776 316 2795 a
341 2743 592 2802 lanificii
645 2751 959 2803 auctorem
1017 2741 1219 2825 prodi.
1316 2744 1526 2825 Atque·
1574 2743 1725 2803 haec
1778 2743 1869 2800 in-

89 2846 477 2924 terpretatio,
517 2861 688 2923 quae
734 2846 869 2922 jam
925 2844 1205 2905 obsoleta
1257 2845 1615 2916 videbatur,
1673 2859 1872 2920 nuper

91 2944 358 3004 recaluit.
437 2942 532 3003 sssi
585 2961 737 3004 vero
796 2946 1128 3005 Pausanias
1183 2947 1273 3005 ita
1317 2946 1638 3014 sensisset,
1683 2959 1872 3021 quum

91 3041 315 3103 librum
353 3042 693 3104 secundum
730 3046 1073 3120 inchoaret,
1117 3045 1429 3126 quomodo
1473 3042 1724 3104 tandem
1762 3040 1873 3099 illa

93 3130 353 3203 scribere
390 3145 598 3226 potuit
640 3144 802 3206 vm.
845 3147 905 3208 8.
963 3147 1182 3227 quibus
1226 3134 1502 3206 fabulam
1547 3143 1627 3204 de
1662 3142 1872 3203 Satur-

0 3275 1 3278 =
92 3240 161 3300 ni
228 3260 431 3306 errore
491 3247 734 3327 pullum
803 3267 918 3327 pro
973 3246 1133 3311 Jove
1187 3246 1540 3309 devorantis
1597 3250 1869 3303 excusat:

96 3340 337 3413 τούτοις
391 3346 509 3427 ἐγώ
550 3353 678 3417 τοῖς
725 3345 924 3431 λόγοις
968 3348 1310 3433 ἀρχόμενος
1351 3356 1457 3426 τῆς
1503 3349 1867 3430 συγγραφῆς
