2158 3848
179 209 305 270 422
690 223 930 267 1211313211
973 222 1404 268 SECUNDUS.

178 351 590 430 intelligimus,
633 353 877 413 Deinde
913 355 966 413 si
996 353 1227 433 Orphei
1258 352 1540 439 Γεωργία
1584 355 1719 414 sive
1749 355 1958 438 Ἔργα,

179 454 244 511 in
270 451 638 513 Tzetzarum
669 453 877 513 codice
901 455 1148 534 scripta,
1191 454 1344 512 nihil
1389 452 1559 514 aliud
1604 461 1747 514 sunt
1775 469 1961 532 quam

178 551 294 611 hoc
314 553 571 613 Maximi
600 572 863 627 carmen,
898 554 1190 631 sequitur,
1230 553 1342 613 hos
1365 571 1601 628 versuS,
1627 572 1779 634 quos
1807 553 1962 613 Τπε-

178 661 315 711 tzae
343 672 418 712 ex
445 652 692 732 Orpheo
731 651 901 711 nulla
925 670 1062 710 cum
1089 652 1294 732 operis
1329 656 1647 713 notatione
1671 655 1961 714 afferunt:

317 779 432 828 Νῦν
466 775 511 828 δ’
551 775 637 846 ἄγε
672 796 760 843 μοι
798 773 957 846 κούρη
994 773 1313 844 Πιμπληιάς,
1351 775 1515 830 ἔννεπε
1553 782 1752 832 Μοῦσα

177 889 258 950 ad
300 891 447 978 Lyc.
493 890 635 952 275.
682 901 742 978 et
784 890 929 967 410.
974 891 1038 949 in
1083 890 1269 968 Exeg.
1315 912 1374 972 p.
1415 892 1515 952 31.
1561 903 1622 953 et
1646 891 1801 954 Chil.
1829 893 1961 954 VH.

178 990 278 1050 91.
312 989 467 1051 949.
498 988 573 1073 [k]
621 1001 683 1051 et
1755 993 1758 999 ”

325 1117 448 1171 0ὐὸο
488 1116 551 1185 ἢν
581 1117 823 1188 Ἰφίκλοιο
861 1115 1124 1188 θοώτερος
1162 1116 1419 1183 abbacum,

318 1202 428 1265 ὅςτε
466 1205 550 1254 καὶ
588 1203 942 1275 ἇνθῖρίκεσσιν
980 1203 1262 1272 ἐπέτρεχεν,
1302 1200 1423 1254 οὐδέ
1454 1222 1503 1253 τι
1539 1199 1737 1273 καρπόν

320 1286 467 1340 σίνετ’
509 1285 712 1359 ἀήσυροι
746 1297 865 1359 γυῖα
902 1288 1074 1358 φέρων
1111 1288 1190 1340 ἐπὶ
1228 1286 1371 1355 λήιον
1404 1280 1528 1340 αἶόν
1543 1286 1595 1357 [¹]

176 1405 240 1462 in
287 1400 441 1475 Chil.
485 1403 561 1462 Π.
606 1403 706 1462 92.
753 1401 895 1463 605.
941 1403 1127 1480 Exeg.
1172 1423 1233 1483 p.
1279 1403 1379 1462 26.
1425 1413 1486 1462 et
1528 1402 1689 1463 hunc

315 1529 382 1579 Εἰ
412 1528 507 1595 μὲν
542 1528 638 1599 γὰρ
677 1530 933 1600 στείχῃσιν
971 1529 1043 1581 ἐπ’
1085 1529 1300 1600 ἀρνειοῖο
1336 1535 1490 1582 θοοΐο

176 1644 242 1700 in
286 1641 472 1720 Exeg.
514 1661 576 1722 p.
602 1643 704 1703 33.
748 1645 851 1723 qui
898 1662 1111 1703 omnes
1157 1641 1326 1723 apud
1368 1643 1715 1703 Maximum
1757 1642 1964 1720 legun-

178 1750 309 1815 tur,
368 1743 435 1801 in
490 1743 600 1801 illo
659 1763 904 1824 quoque
961 1745 1264 1816 carmine,
1327 1743 1493 1822 quod
1538 1742 1807 1802 Tzetzae
1851 1742 1967 1802 Or-

176 1843 321 1920 phei
367 1845 556 1928 Ἔργα
599 1851 856 1916 vocant,
900 1845 1188 1904 inventos
1235 1861 1384 1903 esse.
1469 1841 1612 1904 Jam
1662 1860 1809 1904 vero
1854 1843 1963 1903 hu-

164 1942 275 2019 jus
338 1944 655 2016 carminis,
719 1953 786 2002 ut
837 1943 1028 2002 iidem
1086 1953 1368 2015 narrant,
1430 1944 1547 2002 hoc
1589 1944 1966 2023 principium

179 2041 326 2100 fuit:
384 2047 462 2104 Εἰ
505 2043 573 2105 δὲ
617 2043 957 2129 γεωπονίης
1015 2043 1079 2106 σὲ
1126 2042 1556 2126 φιλομβρότου
1612 2047 1822 2126 ἵμερος
1867 2045 1965 2105 ai-

178 2148 285 2224 ρεῖ.
346 2160 536 2222 eaque
602 2145 667 2201 in
730 2163 799 2202 re
860 2162 1064 2201 errare
1124 2144 1375 2202 omnino
1431 2162 1557 2202 non
1613 2152 1965 2222 potuerunt.

177 2240 456 2321 Apparet
510 2244 696 2320 igitur
750 2262 966 2304 versus
1023 2243 1237 2322 paullo
1296 2252 1440 2301 ante
1499 2260 1537 2301 a
1591 2242 1772 2302 nobis
1817 2242 1966 2302 alla-

176 2352 303 2414 t08‚
349 2350 491 2406 Νῦν
535 2343 603 2406 δ’
662 2345 774 2428 ἄγε
819 2353 880 2402 et
929 2344 1087 2408 Οὐίῗ3
1123 2342 1225 2423 ἢν
1260 2351 1324 2401 et
1366 2348 1445 2404 ΕΞ
1485 2341 1635 2426 μὲν,
1693 2344 1759 2401 in
1804 2342 1966 2402 Tze-

176 2451 415 2501 tzarum
453 2444 791 2522 exemplari
817 2444 959 2502 huic
985 2445 1309 2522 prooemio
1334 2445 1720 2522 postpositos
1757 2443 1964 2504 fuisse.

166 2541 263 2600 -At
304 2543 371 2600 in
414 2542 673 2601 Maximi
717 2545 987 2601 carmine
1032 2561 1247 2604 versus
1291 2535 1562 2622 primuS,
1618 2562 1740 2621 quo
1783 2541 1965 2603 Musa

176 2643 531 2721 invocatur,
587 2652 681 2702 est
738 2645 1102 2701 centesimus
1161 2641 1663 2721 quadragesimus
1706 2644 1964 2722 primuS,

296 2811 358 2869 [k]
390 2812 552 2855 Tribus
580 2813 805 2868 postremis
835 2812 940 2854 locis
970 2811 1130 2868 legitur
1158 2809 1438 2870 Λειβηθριὰς
1468 2812 1627 2855 ἔννεπε
1658 2813 1856 2867 Νῑοῦσα,
1889 2824 1964 2853 ac—

179 2871 442 2913 commodate
479 2871 536 2913 ad
579 2871 742 2927 Orphei
784 2884 1035 2927 personam,
1077 2870 1275 2926 idemque
1314 2870 1602 2926 reponendum
1634 2869 1787 2926 :Exeg.
1817 2884 1860 2926 p.
1892 2867 1963 2911 50.

177 2943 256 2986 pro
298 2926 640 2985 Κωνσταντιάς,
690 2930 805 2987 quod
834 2944 858 2971 e
891 2929 1071 2972 Maximi
1104 2929 1289 2972 carmine
1320 2929 1403 2970 huc
1432 2928 1709 2980 transfluxit3
1739 2942 1836 2971 nam
1865 2933 1964 2970 tan-

177 2994 248 3030 tus
289 2995 407 3031 certe
448 2988 642 3031 Tzetzae
685 2995 834 3047 stupor
864 3002 946 3030 non
977 2987 1084 3038 fuit,
1126 2994 1175 3030 ut
1206 2987 1425 3045 Orpheum
1455 3002 1534 3044 pro
1568 2985 1964 3044 Constantinopoli-

178 3052 280 3090 tano
311 3047 504 3089 haberet.

296 3132 357 3189 [l]
390 3130 539 3188 Λήιον
567 3129 709 3193 ἄκρον
748 3134 946 3176 emendat
985 3132 1244 3175 Wakefield.
1282 3133 1327 3175 in
1373 3133 1482 3176 Silv.
1526 3132 1636 3187 cnfit.
1667 3132 1717 3176 P.
1748 3131 1830 3174 III.
1862 3128 1960 3174 141.
2030 3140 2033 3143 ’

179 3198 226 3234 ut
264 3193 308 3234 in
345 3192 560 3235 homerico
598 3193 693 3236 loco
738 3192 899 3249 legitur
938 3199 982 3235 et
1021 3191 1136 3248 apud
1164 3191 1407 3247 Hesiodum·
1429 3192 1603 3247 Fragm.
1633 3190 1690 3234 ΙΙ.
1721 3185 1864 3249 ἄκρον
1892 3190 1950 3234 ἐπ

180 3250 436 3310 ἀνθερίκων
476 3249 653 3309 καρπὸν
692 3255 802 3296 θέεν
842 3250 949 3295 οὐδὲ
980 3252 1183 3296 κατέκλα.
1215 3265 1256 3293 v.
1288 3251 1471 3307 Interpr.
1503 3250 1560 3292 ad
1589 3249 1768 3293 Lucian.
1801 3249 1960 3300 Quom.

178 3309 293 3351 Hist.
334 3309 463 3351 scrib.
504 3314 544 3364 ς.
577 3310 617 3351 8.
654 3325 698 3367 p.
728 3309 827 3352 478.
869 3310 928 3355 T.
958 3310 1034 3351 IV.
1078 3309 1151 3365 qui
1180 3310 1224 3351 in
1255 3309 1307 3351 L.
1338 3323 1415 3366 pro
1446 3309 1611 3364 Imagg.
1645 3312 1683 3362 g.
1716 3308 1787 3351 20.
1819 3321 1858 3364 p.
1889 3305 1959 3348 47.
2043 3358 2045 3361 ι

182 3368 239 3410 Τ.
271 3367 347 3410 IV.
383 3369 492 3410 hunc
522 3382 690 3411 versum
724 3374 929 3425 usurpat,
960 3382 1041 3410 non
1074 3367 1192 3410 illum
1225 3368 1493 3411 homericum.

2138 2921 2140 2935 ²
2153 2905 2158 2969 i
