2158 3848
305 192 426 254 124
554 192 560 197 ’
881 205 1116 251 LIBER
1157 207 1461 252 PRIMUS.

299 354 488 398 naeus
529 337 605 397 II.
646 337 747 398 40.
789 337 867 397 D.
911 340 1148 409 τελετὰς
1190 348 1495 420 καλοῦμεν
1535 339 1646 407 τὰς
1689 340 1775 400 ἔτι
1807 337 2048 419 μείζους

299 438 405 501 καὶ
443 435 599 522 μετά
640 460 806 506 τινος
838 446 1131 518 μυστικῆς
1161 437 1556 522 παραδόσεως
1579 437 1791 519 ἑορτὰς
1814 445 1942 500 τῶν
1967 442 2048 504 εἰς

300 537 493 607 αὐτὰς
537 534 999 615 δαπανημάτων
1034 539 1223 599 ἕνεκα.
1300 537 1642 614 Etymolog.
1681 535 1764 594 M.
1802 555 1862 614 p.
1907 532 2047 593 751.

298 637 519 716 τελετὴ,
544 633 744 697 θυσία
764 632 1208 715 μυστηριώδης·
1237 637 1268 696 ὃ
1295 636 1363 698 δὲ
1384 635 1574 718 Ὦρος
1600 635 1632 697 ὃ
1669 635 2050 716 Θηβαῖος,,λε’-

296 761 391 822 γει
414 735 509 798 ὅτι
531 732 770 800 τελετὰς
792 741 1045 795 καλοῦσι
1065 733 1175 802 τὰς
1199 734 1296 795 ἐπὶ
1317 735 1559 815 μείζους
1582 758 1635 797 κ.
1664 760 1729 815 μ.
1753 757 1806 795 τ.
1831 754 2050 815 μυστι-

297 843 406 913 κῆς
419 834 491 912 [⁴²]
528 828 926 914 παραδόσεως
962 831 1175 914 ἑορτὰς
1198 869 1297 890 -.
1340 831 1703 916 Χρύσιππός
1732 840 1884 914 φησι
1908 833 2050 902 τοὺς

296 931 458 1015 περὶ,
485 938 615 994 τῶν
669 934 841 995 θεῶν
883 929 1101 1016 λόγους
1143 930 1387 1001 εἰκότως
1429 936 1752 993 καλεῖσθαι
1790 932 2050 1003 τελετὰς,

289 1035 519 1114 χρῆναι
569 1031 691 1115 γὰρ
737 1029 995 1100 τούτους
1040 1030 1419 1101 τελευταίους
1464 1031 1570 1093 καὶ
1620 1030 1716 1092 ἐπὶ
1759 1038 1910 1092 πᾶσι
1955 1031 2050 1093 δι-

295 1128 644 1196 δάσκεσθαι
693 1139 801 1211 τῆς
842 1138 1045 1214 ψυχῆς
1087 1128 1337 1210 ἐχούσης
1380 1134 1536 1211 ἕρμα
1577 1129 1682 1191 καὶ
1717 1129 1870 1211 πρὸς
1909 1130 2053 1198 τοὺς

298 1227 610 1312 ἀμυήτους
661 1238 901 1312 σιωπᾷν
943 1231 1309 1312 δυναμένης.
1394 1229 1566 1289 Haec
1609 1248 1686 1287 ex
1724 1225 2052 1308 Chrysippi

296 1338 514 1409 quarto
560 1330 698 1411 περὶ
737 1331 900 1413 βίων
942 1339 1144 1390 sumta
1187 1349 1319 1390 esse
1362 1329 1715 1390 Plutarchus
1758 1326 1936 1387 docet
1976 1326 2053 1385 de

291 1428 562 1509 Repugn.
621 1428 838 1489 Stoice.
880 1449 941 1510 p.
991 1430 1132 1490 343.
1177 1430 1245 1489 T.
1293 1429 1460 1489 XIII.
1505 1429 1742 1488 Stoicos
1783 1427 2053 1509 philost»

291 1528 480 1608 phiae
520 1537 644 1588 tres
686 1538 892 1607 partes
934 1529 1132 1589 facere
1173 1528 1446 1589 tradens:
1512 1536 1728 1612 πρῶτα
1767 1528 1848 1590 τὰ
1890 1534 2054 1612 λογι-

293 1625 405 1700 κοί,
458 1626 714 1710 δεύτερα
767 1629 847 1690 τὰ
888 1627 1114 1707 ἠθικά,
1170 1629 1349 1711 τρίτα
1382 1629 1463 1690 τὰ
1506 1625 1773 1709 φυσικά,
1814 1633 1944 1688 τῶν
1986 1625 2054 1688 δὲ

294 1734 581 1808 φυσικῶν
623 1725 882 1807 ἔσχατόν
925 1732 1091 1790 ἐστιν
1133 1729 1166 1790 ὃ
1203 1727 1342 1809 περὶ
1373 1731 1548 1790 θεῶν
1581 1724 1775 1810 λόγος·
1820 1726 1918 1787 διὸ
1953 1726 2056 1787 καὶ

294 1825 534 1895 τελετὰς
587 1824 1086 1911 προςηγόρευσαν
1126 1826 1239 1895 τὰς
1279 1823 1521 1888 τούτων
1562 1825 1949 1908 παραδόσεις.
1993 1845 2052 1887 v.

291 1923 528 2002 Baguet
569 1922 646 1983 de
687 1924 810 1984 vit.
854 1933 916 1984 et
959 1925 1176 2006 Script.
1222 1923 1552 2004 Chrysippi
1593 1945 1666 2004 p..
1698 1923 1797 1985 55.
1842 1926 1911 1986 T.
1953 1925 2054 1984 IV.

292 2024 511 2083 Annal.
564 2022 755 2085 Acad.
798 2024 1031 2085 Lovan.
1087 2043 1268 2103 quem
1309 2022 1626 2104 praeteriit
1674 2025 1927 2102 insignis
1968 2024 2056 2084 lo-

294 2142 399 2182 cus
442 2126 509 2183 in
551 2107 764 2183 Trium
806 2123 1058 2182 Patrum
1102 2120 1444 2183 Comment.
1478 2144 1538 2204 p.
1572 2125 1714 2184 702.
1735 2124 1814 2183 D.
1859 2124 1928 2183 T.
1956 2123 2055 2182 VI.

292 2222 447 2282 Bibl.
477 2221 633 2282 Gall.
672 2222 1016 2282 Stoicorum
1052 2220 1391 2283 doctrinam
1413 2224 1736 2303 resipiens:
1778 2220 2056 2306 προς-ἄξω

296 2344 394 2384 σοι
444 2323 559 2402 τὴν
598 2322 828 2402 ἠθικὴν
869 2323 975 2385 καὶ
1016 2322 1284 2405 φυσικὴν
1325 2323 1734 2387 διδασκαλίαν
1773 2348 1930 2406 μου,
1975 2321 2056 2390 ὥς

293 2422 401 2483 διὰ
452 2420 694 2485 τούτων
747 2423 902 2504 πρὸς
954 2423 1069 2501 τὴν
1120 2423 1566 2509 μυσταγωγίαν
1620 2420 1934 2494 ἄνοίξουσα
1990 2425 2055 2484 ἐν

294 2528 384 2603 τῷ
428 2521 743 2591 ἀποδεῖξαι
783 2521 897 2599 τὴν
936 2528 1066 2584 τῶν
1108 2521 1270 2584 ὅλων
1314 2520 1506 2605 φύσιν
1547 2523 1645 2597 σὲ,
1687 2523 1800 2587 τὸν
1831 2519 2055 2600 ταύτης

295 2625 514 2693 αίτιον,
560 2618 984 2703 αινιττόμενον
1020 2623 1406 2702 συμβολικως
1431 2647 1514 2691 ως
1537 2620 1850 2702 ἀλήθειαν.
1894 2620 2055 2680 Hinc

295 2719 376 2780 ad
419 2717 749 2800 Chrysippi
791 2720 1156 2779 sententiam
1198 2730 1488 2782 revertor.
1908 2749 1959 2799 C

463 2819 614 2881 Silv.
658 2818 735 2878 de
779 2819 954 2896 Sacy,
996 2819 1112 2879 hoc
1145 2822 1522 2895 acerrimum,
1553 2829 1623 2880 ut
1646 2819 1922 2903 putabat,
1967 2827 2053 2877 te-

295 2920 425 2978 lum
469 2938 655 2999 quum
678 2917 1090 2979 Warburtono
1135 2929 1491 3001 extorquere
1520 2939 1644 2980 non
1666 2928 1893 3000 posset,
1935 2918 2053 2977 sal-

297 3025 423 3077 tem
475 3017 798 3078 retundere
851 3027 1098 3078 conatus
1154 3028 1272 3079 est:
1324 3021 1468 3094 „On
1520 3019 1656 3079 n’en
1708 3021 1859 3099 peut
1913 3036 2053 3079 con-

298 3118 500 3190 „clure
554 3119 770 3198 qu’une
823 3119 990 3178 seule
1044 3117 1253 3192 chose,
1307 3122 1448 3180 c’est
1490 3139 1604 3199 que
1648 3118 1732 3178 du
1773 3128 1930 3177 tems
1974 3115 2050 3176 de

298 3214 679 3298 „Chrysippe
747 3227 809 3278 et
874 3218 1046 3278 selon
1110 3236 1224 3278 son
1279 3222 1530 3300 opinion
1564 3237 1664 3278 *on
1719 3215 2049 3282 communi-

418 3344 479 3401 [ἃ]
511 3347 742 3399 Μυστικῆς
771 3345 928 3389 omittit
955 3344 1159 3388 Zonaras.
