2158 3848
257 241 383 302 284
784 252 1020 296 LIBER
1062 251 1492 297 SECUNDUS.

395 396 494 435 tam
529 385 730 450 patriam
764 385 1051 434 incolumem
1084 381 1194 433 Nisi
1228 399 1521 449 regnumque
1555 383 1794 446 futurum,

394 473 650 527 concordes
686 471 848 518 stabili
881 471 1136 517 firmarunt
1167 471 1361 516 numine
1397 469 1576 516 Parcae
1599 468 1681 535 [0]‚

254 586 350 644 cui
395 600 759 662 comparem·
788 578 1001 638 habuit
1026 578 1365 651 PterelauS,
1409 581 1612 639 nescio
1657 599 1739 639 an
1778 579 2026 642 nullum,

253 684 561 760 antiquius
620 679 882 758 proferri
933 679 1132 758 possit
1185 679 1620 739 testimonium,
1663 697 1845 759 quam
1900 677 2023 742 Ae«

252 781 448 856 schyli
498 776 767 858 Choeph.
817 777 958 837 610.
1044 777 1393 850 Postremo,
1439 777 1603 856 quod
1644 778 1726 838 ad
1766 779 2026 852 heroum

248 879 588 957 indigetum
633 879 864 938 cultum
910 870 1173 950 adtinet,
1229 878 1317 937 sic
1372 884 1607 938 statuo:
1665 897 1850 958 quum
1891 877 2025 937 Ho-

250 981 408 1040 meri
452 987 653 1038 aetate
705 998 784 1038 ne
839 978 962 1037 illis
1007 975 1290 1055 quidem,
1350 994 1502 1055 quos
1551 977 1687 1054 jam
1734 977 2024 1039 fama22in

251 1081 506 1141 deorum
542 1079 810 1140 ,concilio
856 1077 1297 1150 collocaverat,
1340 1093 1550 1154 preces
1595 1084 1659 1135 et
1701 1085 1851 1137 vota
1874 1077 2024 1158 fieri

248 1182 603 1254 videamus„
658 1176 825 1238 haud
866 1178 1002 1238 veri
1043 1178 1243 1236 simile
1288 1194 1450 1249 esse,
1505 1185 1575 1236 ut
1615 1175 1717 1248 hi,
1767 1160 2031 1256 quoru-m

247 1283 528 1364 sepulcra
570 1285 1089 1349 monstrarentur,
1157 1275 1385 1337 divinis
1414 1276 1627 1352 ,gavisi
1669 1277 1794 1341 sint
1835 1276 2024 1337 hono-

245 1385 451 1456 ribuS‚
511 1382 608 1440 his
665 1388 870 1439 autem
928 1376 1005 1435 de
1055 1375 1263 1434 medio
1322 1375 1581 1446 sublatis
1637 1376 1774 1439 tolli
1828 1377 2025 1438 etiam

246 1482 640 1561 reliquiarum
696 1478 1084 1555 religionem,
1146 1475 1316 1552 cujus
1369 1477 1643 1554 primum
1696 1477 2025 1554 vestigium

246 1585 311 1641 in
367 1580 615 1640 Eumeli
643 1576 937 1658 vquodam
995 1576 1347 1634 testimonio
1377 1570 1449 1654 [Ἷ
1492 1577 1814 1656 reperisse
1837 1575 2027 1642 {mihi

245 1680 482 1743 videor.
590 1679 688 1738 De
752 1676 1167 1756 posteriorum
1233 1675 1599 1752 scriptorum
1665 1676 2027 1739 auctoritate

249 1779 398 1861 quid
441 1776 920 1838 existimandum
963 1777 1073 1848 sit,
1119 1795 1195 1834 ex
1235 1774 1548 1848 Hellenis,
1605 1773 1833 1855 Oedipi
1874 1775 2027 1835 alio.-

245 1898 504 1959 rumque
546 1875 1086 1937 innumerabilium
1133 1874 1426 1953 sepulcris
1457 1875 1896 1936 commenticiis
1924 1893 2056 1935 ae-⁸

248 1981 486 2041 stimari
528 1986 747 2059 potest.
833 1976 996 2052 Ergo
1053 1974 1130 2033 de
1183 1974 1279 2032 his
1338 1991 1579 2054 quoque
1633 1974 1818 2034 rebus
1871 1975 2024 2038 nihil

248 2080 328 2140 ad
370 2080 715 2141 Homerum
760 2077 909 2136 satis
954 2083 1086 2135 tuto
1131 2073 1458 2134 transferre
1501 2074 1658 2133 licet.

1040 2286 1093 2367 ξ.
1180 2283 1236 2352 5.

420 2448 537 2534 His
581 2476 671 2533 ita
712 2474 999 2553 perfectis
1043 2482 1351 2532 transeam
1395 2470 1476 2531 ad
1517 2470 1672 2532 illud
1697 2489 1886 2551 genus
1930 2479 2040 2531 sa·'

252 2594 491 2636 crorum
535 2574 968 2650 mysticorum,
1014 2571 1179 2651 quod
1207 2591 1281 2630 ex
1306 2570 1645 2649 divisione,
1692 2591 1878 2652 quam
1920 2572 2026 2630 tri-

368 2745 431 2801 [θ]
463 2743 530 2788 De
560 2743 735 2799 Scyllae
779 2742 850 2786 vel
882 2741 1141 2784 Comaethus
1179 2741 1371 2783 facinore
1412 2755 1612 2784 narrasse
1647 2740 1822 2784 videtur
1850 2741 2026 2796 ignotus

249 2807 403 2862 poeta,
434 2803 556 2858 cujus
586 2802 720 2844 verba
748 2804 1017 2860 πορφυρέην
1048 2795 1193 2858 ἤμησε
1224 2803 1360 2860 κρέκα
1391 2800 1521 2842 affert
1550 2799 1709 2843 Suidas
1736 2814 1771 2842 s.
1799 2802 1967 2858 Κρέκα.

300 2914 306 2917 ἡ
369 2887 432 2947 [f]
465 2890 596 2932 Paus.
639 2889 694 2931 II.
733 2887 775 2931 2.
813 2884 987 2946 τάφους
1023 2884 1232 2944 Σισύφου
1274 2889 1350 2930 καὶ
1390 2890 1574 2942 Νηλέως
1612 2885 1694 2932 οὐκ
1722 2883 1781 2930 ἂν
1810 2889 1850 2929 εἰ
1880 2888 2024 2940 ζητοίη

250 2966 314 2999 τις
343 2944 660 3007 ἐπιλεξάμενος
701 2944 823 3006 εὕροι
861 2945 916 2990 τὰ
954 2942 1182 3004 Εὐμήλου·
1227 2947 1409 3000 Νηλέως
1447 2947 1534 3005 μὲν
1573 2944 1662 3004 γὰρ
1694 2944 1800 2990 οὐδὲ
1830 2946 2025 3003 Νέστορι

251 3008 566 3078 ἐπιδειχθῆναι
594 3004 643 3049 τὸ
666 3009 832 3081 μνῆμα
861 3003 948 3049 ὑπὸ
979 3007 1059 3048 τοῦ
1087 3000 1299 3061 Σισύφου
1331 3016 1460 3062 φασι·
1485 3008 1655 3065 χρῆναι
1682 3002 1772 3063 γὰρ
1805 3008 1898 3053 τοῖς
1929 3005 2023 3046 πᾶ-

251 3078 325 3109 σιν
366 3063 601 3123 ἄγνωστον
641 3079 769 3108 ειναι.
842 3067 1052 3121 Σίσυφον
1092 3062 1142 3106 δὲ
1182 3066 1383 3121 ταφῆναι
1419 3064 1507 3121 μὲν
1546 3065 1596 3107 ἐν
1624 3066 1685 3119 τῷ
1709 3062 1902 3120 Ἰσθμῷ,
1943 3059 2023 3105 τὸν

253 3124 309 3170 δέ
343 3126 388 3168 οἱ
424 3119 574 3181 τάφον
604 3126 680 3166 καὶ
709 3125 799 3165 τῶν
828 3121 899 3180 ἐφ’
933 3123 1094 3165 ἑαυτοῦ
1122 3125 1385 3181 Κορινθίων
1415 3123 1594 3180 ὀλίγους
1623 3119 1738 3166 εἶναι
1767 3119 1870 3169 τοὺς
1899 3116 2022 3164 sidd-

251 3199 340 3232 τας.
372 3182 624 3225 Siebelisius
655 3181 814 3224 edidit:
845 3178 1178 3239 τάφους-οὐκ
1208 3177 1264 3224 ἂν
1295 3181 1433 3238 εὕροι,
1466 3180 1569 3226 οὐδ’
1606 3178 1663 3223 ἂν
1693 3182 1837 3235 ζητοίη
1869 3179 2020 3223 ἐπιλε-

251 3238 443 3300 ξάμενος
471 3238 524 3283 τὰ
556 3237 793 3298 Εὐμήλου,
836 3245 880 3283 et
919 3239 1054 3282 verba
1083 3241 1159 3281 καὶ
1186 3242 1278 3282 τῶν
1306 3239 1375 3298 ἐφ’
1411 3241 1571 3284 ἑαυτοῦ
1599 3239 1790 3282 reddidit
1817 3248 2018 3286 eorum,

252 3300 348 3356 qui
378 3299 653 3355 aequales
683 3301 811 3355 ejus
840 3299 1019 3350 fuere,
1061 3298 1167 3340 haec
1198 3304 1247 3340 ut
1277 3299 1333 3341 sit
1363 3298 1681 3341 Corinthiorum
1711 3295 1882 3347 orat-io,
1906 3295 2021 3336 Pau-

253 3359 414 3402 saniam
445 3357 698 3400 docentium.
730 3358 915 3409 Verum,
945 3362 995 3398 ut
1024 3371 1104 3412 ego
1134 3356 1296 3408 sentio,
1327 3371 1558 3413 pronomen
1587 3357 1850 3413 reciprocum
1879 3355 2022 3394 osten-

252 3418 317 3461 dit
354 3416 522 3460 Eumeli
562 3416 696 3474 ipsius
734 3417 869 3460 verba
907 3415 1078 3467 afferri3
1130 3420 1355 3472 praeterea
1394 3416 1489 3460 cod.
1521 3417 1663 3461 Vatic.
1696 3413 1870 3458 verbum
1899 3407 2022 3466 εὕροι

2155 1630 2158 1763 l

2144 2509 2158 2567 (1

2142 2715 2158 2740 μ.
