2176 3886
246 214 289 273 4
833 218 1069 263 LIBER
1111 218 1422 263 PRIMUS.

249 353 566 430 naufragia
617 352 900 410 maxima
956 361 1017 410 et
1070 354 1413 412 miserrima
1467 360 2019 431 praetermeantem

247 450 605 513 idemtidem
650 450 1043 525 admonuere,
1088 471 1269 531 quam
1313 451 1512 511 facilis
1557 452 1638 509 sit
1681 450 1762 510 ad
1793 452 2019 511 falsum

249 553 582 624 aberratio,
635 570 816 630 quam
871 569 995 609 non
1048 550 1245 609 facilis
1303 550 1380 609 ab
1439 569 1642 609 errore
1695 570 2018 627 regressus,

196 723 208 734 ·
249 653 475 713 Verum
519 649 681 710 unde
722 650 875 709 mihi
910 648 1242 728 quaerendi
1278 652 1515 710 occasio
1546 658 1695 709 nata
1723 660 1833 723 est,
1876 650 2021 710 inde

248 750 553 812 scribendi
597 750 848 810 ducetur
893 749 1233 807 exordium.

412 851 637 927 Magna
691 857 784 909 est
840 848 1007 928 apud
1062 866 1274 907 omnes
1314 844 1772 908 Eleusiniorum
1817 858 2023 908 aucto-

246 954 428 1023 ritaS,
483 949 760 1009 inclitum
803 948 1370 1028 Hierophantarum
1412 951 1669 1021 nomen,
1712 949 2025 1029 praeclara

245 1051 557 1111 doctrinae
611 1051 906 1126 mysticae
962 1049 1366 1121 existimatio,
1418 1047 1693 1126 nihilque
1747 1057 1876 1106 tam
1930 1067 2026 1106 ar-

247 1151 439 1211 duum
499 1150 799 1227 cogitatu,
854 1156 985 1207 tam
1040 1150 1427 1225 magnificum
1484 1145 1650 1205 dictu
1703 1147 2026 1227 reperitur,

247 1250 413 1332 quod
475 1268 602 1308 non
658 1249 847 1328 aliqui
900 1249 968 1305 in
1024 1248 1132 1306 illo
1192 1248 1627 1326 augustissimo
1681 1255 2027 1335 mystarum

246 1367 535 1412 consessu
579 1357 904 1408 tractatum
947 1356 1181 1426 putent.
1271 1345 1473 1419 Quam
1520 1347 1875 1427 opinionem
1908 1352 2027 1427 pu-

242 1452 468 1510 blicam
516 1451 1064 1524 ‘inveteratamque
1130 1448 1210 1506 si'
1254 1447 1472 1506 tollere
1547 1447 1846 1521 conabor,
1901 1457 2029 1506 non

236 1553 369 1628 jam
425 1565 646 1610 vereor
699 1565 778 1603 ne
834 1547 1196 1604 temeritatis
1255 1547 1485 1604 crimen
1529 1532 1835 1622 subeam,
1869 1545 2026 1605 adeo

242 1659 459 1727 graves
501 1646 656 1704 mihi
698 1653 842 1701 sunt
885 1643 967 1701 ad
1011 1654 1222 1703 contra
1265 1643 1591 1704 dicendum
1637 1657 1699 1704 et
1741 1648 2030 1726 'copiosae

243 1748 541 1816 rationeS,
588 1742 744 1802 adeo
788 1760 1014 1819 magna
1059 1753 1152 1802 est
1196 1745 1473 1822 quaestio
1517 1746 1685 1824 ipsa.=
1772 1743 1936 1805 Nam
1972 1745 2030 1802 vsi

242 1847 352 1906 illa
401 1845 641 1914 valent,
708 1843 775 1899 in
829 1860 1061 1902 vanum
1115 1842 1389 1902 recident
1446 1846 1684 1918 omnia,
1725 1862 1896 1923 quae
1952 1843 2030 1901 de

241 1947 481 2028 priscae
523 1942 820 2000 Graeciae
875 1943 1045 2002 victu
1102 1951 1163 2000 et
1206 1943 1516 2016 moribUS,
1576 1942 1653 2002 de
1696 1945 1911 2003 initiis·
1935 1962 2031 2002 ar-

244 2046 432 2116 tium,
474 2041 898 2122 imprimisque
943 2040 1020 2099 de
1060 2041 1494 2122 philosophiae
1538 2063 1674 2103 sero
1719 2053 1861 2103 ortu
1901 2044 2030 2102 len-

244 2154 431 2222 toque
484 2155 828 2222 progressu·
866 2140 1244 2221 accepi'mUS,
1287 2133 1488 2222 neque
1529 2145 1641 2218 hi,
1678 2146 1786 2223 qui
1828 2144 2029 2203 hacte-

244 2261 360 2302 nus
406 2239 621 2300 crediti
666 2249 807 2299 sunt
826 2283 842 2312 ,
885 2241 1020 2301 veri
1062 2241 1474 2319 investigandi
1517 2252 1794 2303 auctores
1815 2244 2029 2316 fuere,

245 2341 375 2413 sed,
433 2359 588 2418 quos
631 2359 812 2399 nemo
857 2341 1199 2421 suspicatus
1246 2352 1393 2417 erat,
1435 2334 1758 2403 sacrificuli
1799 2352 2029 2426 popae-⁷

247 2451 399 2520 que.³
439 2438 556 2498 ³Hi
610 2458 760 2500 vero
816 2441 869 2498 si
924 2441 1136 2500 multis
1193 2453 1334 2501 ante
1391 2442 1648 2504 Thalem
1704 2434 1936 2504 seculis
1968 2453 2030 2504 et

249 2538 362 2598 sub
417 2539 570 2617 ipsis
614 2539 1006 2615 Pelasgorum
1062 2544 1289 2620 tesquis
1347 2545 1623 2602 omnium
1667 2556 2028 2622 magnarum

247 2657 454 2699 rerum
509 2640 826 2697 scientiam
881 2643 1238 2719 consequuti
1291 2651 1465 2715 sunt,
1529 2642 1696 2702 haud
1751 2642 2026 2716 deerunt,

251 2740 356 2819 qui
410 2739 564 2797 ritus
609 2756 849 2818 quoque
894 2739 970 2798 ab
1015 2741 1138 2798 illis
1181 2742 1498 2825 institutos
1544 2753 1606 2802 et
1647 2742 1887 2804 fabulas
1930 2745 2026 2803 his

251 2856 561 2899 connexas
616 2856 742 2896 non
798 2857 874 2896 ex
925 2842 1157 2919 specie,
1215 2860 1398 2920 quam
1456 2861 1638 2922 prae*
1678 2862 1746 2902 se
1803 2844 2024 2920 ferunt,

252 2936 363 2996 sed
439 2956 522 2996 ex
597 2948 912 2997 auctorum
984 2942 1287 3019 sapientia
1353 2941 1620 3019 judicari
1677 2942 2024 3023 postulent.

253 3035 429 3097 Unde
493 3039 765 3098 orientur
817 3041 1194 3117 suspiciones
1250 3042 1757 3116 innumerabiles,
1828 3061 2025 3122 neque

252 3135 415 3195 ullus
469 3137 769 3198 ariolandi
807 3140 978 3197 ‘finis'
1013 3148 1120 3198 aut
1173 3139 1394 3200 modus
1441 3145 1572 3201 erit.
1657 3141 1817 3201 Nam
1861 3144 2022 3223 quia,

253 3235 403 3315 quid
443 3236 788 3297 sacerdotes
816 3238 1108 3315 Pelasgici
1152 3237 1485 3314 docuerint,
1528 3243 1825 3319 ignotum,
1866 3240 2022 3319 illud

250 3344 456 3395 autem
509 3338 698 3397 fixum
752 3347 1073 3418 ratumque
1129 3349 1251 3412 est,
1309 3342 1515 3401 omnia
1558 3343 1870 3423 praeclara
1913 3338 2023 3398 do-
