2158 3848
250 187 379 251 654
787 200 1023 245 mann
1065 200 1497 247 sncuNnus.

245 331 520 414 νομίμου
565 329 779 415 χάριν.
879 329 1052 391 Haec
1111 333 1322 392 omnia
1379 350 1519 392 cum
1572 332 1649 391 iis
1707 349 1864 411 quae
1921 332 2032 392 Or-

244 431 445 513 pheus
512 429 593 491 de
657 440 858 492 morte
924 430 1195 508 Dionysi
1262 431 1551 506 tradidit,
1580 436 1700 492 -ita
1750 442 2033 492 accurate

245 539 617 610 congruunt,
674 540 745 590 ut
803 529 1075 590 dubitari
1131 533 1385 592 omnino
1439 551 1567 592 non
1608 532 1841 613 possit,
1886 533 2032 612 quin

247 633 405 691 ritus
450 631 717 707 mystici,
761 629 984 709 quibus
1028 629 1406 698 Glaucothea
1439 633 1762 713 perfuncta
1787 641 1899 705 est,
1942 631 2033 691 fa-

245 732 406 792 bulis
437 729 723 809 Orphicis
767 728 845 788 de
887 728 1198 790 industria
1237 733 1688 793 accommodati
1731 742 1794 792 et
1839 751 1915 791 ex
1957 733 2034 790 iis

245 841 538 910 tanquam
583 849 618 888 e
659 829 832 889 fonte
873 831 1124 910 repetiti
1166 831 1410 892 fuerint.
1453 834 1613 894 Nam
1658 832 1826 913 quod
1868 831 2036 894 Non-

242 949 361 991 nus
417 938 630 990 narrat
685 933 771 1007 (v.
818 927 884 990 C.
929 929 1001 989 V.
1048 928 1102 1011 ξ.
1147 932 1274 1013 29.)
1337 931 1620 1004 Titanes,
1677 952 1864 1012 quum
1921 933 2034 992 Za-

241 1048 454 1109 greum
509 1032 849 1109 aggressuri
904 1042 1138 1107 essent,
1220 1032 1442 1092 faciem
1498 1021 1695 1112 gypso
1739 1032 2033 1104 illevisse,

241 1130 313 1191 id
356 1129 576 1191 eodem
620 1129 809 1191 modo
855 1131 932 1191 ab
980 1131 1230 1212 Orpheo
1275 1133 1626 1214 expositum
1671 1151 1825 1206 esse,
1869 1150 2035 1192 sum-

240 1249 381 1292 mus
447 1229 765 1312 utriusque
831 1241 1055 1311 poetae
1123 1234 1190 1292 in
1259 1243 1392 1293 tota
1452 1252 1635 1293 causa
1703 1251 2032 1293 consensus

240 1331 699 1412 propemodum
756 1332 1160 1392 manifestum
1218 1334 1393 1408 facit3
1452 1342 1665 1414 estque
1719 1333 1839 1393 hoc
1883 1340 2033 1412 qub-

241 1450 359 1511 que
404 1431 708 1512 exemplu,
753 1450 938 1512 quam
981 1432 1163 1491 facile
1206 1453 1286 1492 ex
1326 1453 1394 1492 re
1437 1433 1696 1493 fortuita
1737 1442 1802 1492 et
1833 1433 2032 1492 obiter

241 1540 497 1591 ornatus
552 1550 740 1591 causa
796 1542 1073 1592 assumta
1129 1533 1496 1593 artificiosae
1553 1533 1884 1619 ἱερολογίαι
1924 1552 2032 1592 na-

240 1641 343 1691 tae
398 1640 460 1691 et
512 1632 990 1713 interpretandis
1032 1633 1254 1693 ritibus
1298 1635 1489 1694 sacris
1533 1633 1851 1694 adhibitae
1893 1634 2032 1693 sint.

238 1731 440 1810 Vulgo
494 1731 861 1793 bacchantes
916 1734 1076 1793 illita
1131 1753 1328 1815 gypso
1384 1734 1608 1794 faciem
1653 1734 2032 1794 deformasse

239 1831 296 1892 N
298 1851 497 1893 onnus
543 1832 723 1893 docet
764 1834 918 1894 locis
959 1834 1241 1914 pluribus
1284 1835 1355 1894 L.
1397 1833 1594 1895 XVII.
1639 1835 1785 1895 204.
1838 1833 2030 1898 κύκλα

239 1931 570 2017 προςώπου
640 1934 985 1998 λευκαίνετε
1051 1933 1309 2018 μύστιὸι
1363 1933 1553 2020 γύψῳ
1565 1981 1587 2009 ,
1656 1945 1717 1995 et
1770 1954 1830 1996 v.
1886 1935 2031 1995 229.

239 2033 663 2097 ἐλευκαίνοντο
708 2033 777 2097 δὲ
820 2033 1011 2120 γύψῳ
1065 2033 1459 2117 μυστιπόλῳ,
1522 2036 1785 2114 aliisque
1825 2035 2028 2095 XXX.

243 2134 383 2194 122.
441 2134 689 2193 XLVII.
743 2134 889 2193 732.
990 2133 1193 2196 Causa
1247 2156 1400 2198 vero
1444 2137 1629 2214 hujus
1670 2138 1864 2195 moris
1904 2155 2030 2197 non

239 2252 327 2293 ex
380 2234 680 2295 historiae
734 2233 1033 2295 fabularis
1090 2237 1346 2316 caligine
1400 2235 1740 2318 repetenda
1797 2236 1905 2296 sed
1962 2239 2030 2296 in

235 2344 486 2415 promtu
541 2337 752 2416 posita
795 2346 919 2410 est,
974 2355 1165 2416 quum
1209 2354 1422 2395 omnes
1467 2339 1894 2397 comissatores
1938 2338 2030 2396 fa-

237 2435 396 2493 ciem
455 2445 563 2494 aut
615 2438 896 2514 personis
955 2445 1158 2515 tegere
1212 2445 1322 2495 aut
1373 2437 1628 2516 fuligine
1685 2449 1792 2498 aut
1834 2440 2028 2498 minio

237 2543 348 2593 aut
388 2533 662 2594 faecibus
707 2545 814 2593 aut
857 2536 978 2601 alio
1016 2537 1282 2616 quodam
1319 2538 1524 2597 colore
1556 2537 1846 2598 inducere
1882 2556 2027 2598 con-

236 2635 586 2709 sueverint,
652 2635 878 2713 partim
936 2646 1007 2694 ut
1061 2636 1307 2696 ridiculi
1366 2646 1597 2710 essent,
1665 2640 1894 2718 partim
1949 2657 2025 2698 ne

237 2743 710 2813 agnoscerentur
765 2734 843 2794 ab
902 2735 1186 2795 omnibus
1224 2737 1319 2816 [⁸],
1375 2735 1563 2816 idque
1606 2736 1795 2797 hodie
1838 2741 2023 2799 etiam

235 2836 302 2894 in
369 2835 852 2897 Bacchanalibus
911 2833 1528 2913 Quadragesimarum
1589 2846 1652 2896 et
1705 2839 2024 2900 Momeriis

234 2936 368 2995 fieri
410 2937 586 2997 solet.
668 2935 1087 2997 Saturnalium
1132 2946 1413 3017 tempore
1455 2936 1700 2999 videres
1742 2939 2023 3000 homines

236 3032 510 3097 ludicros
554 3037 756 3102 πίνειν
798 3037 903 3101 καὶ
942 3035 1205 3119 μεθύειν
1249 3038 1355 3100 καὶ
1396 3042 1563 3121 βοᾷν
1605 3039 1710 3102 καὶ
1742 3041 2050 3125 γυμνοὺςΥ

354 3236 421 3293 [⁸]
451 3237 671 3281 Lachares
711 3250 838 3293 quum
879 3236 1059 3280 Athenis
1100 3237 1209 3280 clam
1239 3252 1286 3280 se
1315 3236 1499 3280 educere
1528 3238 1682 3286 vellet,
1713 3237 1868 3281 faciem
1899 3244 2018 3282 atra-

238 3300 381 3337 mento
409 3296 646 3339 infuscavit
675 3296 884 3352 Polyaen.
916 3296 998 3339 111.
1010 3295 1054 3338 7.
1068 3294 1108 3338 5.
1139 3296 1304 3339 Damon
1334 3301 1379 3339 et
1408 3296 1623 3352 conjurati
1654 3296 1835 3341 caedem.
1857 3297 2015 3340 facturi

235 3356 441 3411 χρίονται,
472 3353 645 3411 αἰθάλῳ
676 3352 729 3398 τὰ
760 3351 976 3417 πρόςωπα
1007 3354 1120 3398 Plut.
1152 3355 1204 3398 V.
1240 3355 1347 3399 Cim.
1380 3370 1416 3398 c.
1447 3355 1480 3397 Ι.
