2158 3848
236 235 320 297 92
823 243 1058 290 LIBER
1102 246 1410 292 PRIMUS.

234 377 800 457 superstitiosorum
857 378 1220 458 cupiditates
1266 380 1520 459 explere
1562 391 1801 458 posset,
1856 393 1997 462 pro-

231 478 396 538 fessa
450 495 521 537 ac
571 477 861 557 pollicita.
958 478 1060 538 Ad
1117 497 1297 558 quam
1352 480 1406 537 si
1448 480 1715 558 populus
1760 491 1821 563 et
1863 484 1998 544 vul-

230 597 340 657 gus
393 579 821 658 imperitorum
876 596 1010 636 sese
1067 577 1364 650 dedisset,
1427 581 1482 638 si
1524 582 1735 658 pauci,
1794 583 1848 641 si
1889 583 2000 656 illi,

230 697 386 759 quos
429 678 666 737 Ennius
710 675 1047 736 detestatur

370 781 467 829 Aut
501 780 677 824 inertes
717 786 801 824 aut
836 779 995 824 insani
1032 787 1115 826 aut
1151 780 1319 842 quibus
1358 789 1548 846 egestas
1585 782 1804 844 imperat,

226 877 380 938 nihil
443 893 590 933 sane
643 876 764 933 nisi
817 893 1200 936 communem
1251 877 1536 938 indoctae
1592 878 1991 940 semidoctae-

227 995 342 1056 que
389 973 800 1035 multitudinis
836 986 1067 1035 sortem
1102 996 1620 1057 conquereremur.
1710 979 1852 1053 Sed,
1883 999 1996 1059 pu-

226 1074 494 1136 dendum
565 1074 762 1148 dictu,
834 1076 1237 1156 philosophos
1301 1078 1559 1155 legimus
1624 1097 1818 1158 neque
1891 1097 1997 1137 eos

223 1175 523 1254 ignobiles
593 1185 654 1234 et
722 1177 873 1235 satis
941 1186 1292 1254 arrogantes
1363 1178 1542 1255 hujus
1597 1177 1996 1258 turpitudinis

220 1294 347 1337 non
400 1276 733 1357 participes
789 1274 900 1336 sed
955 1276 1138 1336 duces
1194 1286 1256 1336 et
1297 1278 1618 1355 signiferos
1661 1278 1895 1352 fuisse,
1922 1278 1999 1337 il·

218 1377 315 1436 los
368 1379 540 1457 ipsos
594 1375 1050 1436 Platonicorum
1095 1378 1502 1457 coryphaeos,
1564 1378 1994 1458 Porphyrium,

219 1475 660 1549 Jamblichum,
717 1476 1072 1550 Proculum,
1130 1488 1400 1536 caeteros
1457 1478 1637 1555 hujus
1684 1480 1850 1560 ἱερᾶς
1887 1502 1996 1562 ιγε-ν·

217 1586 394 1650 νεᾶς,
440 1576 661 1656 quibus
705 1586 902 1636 terrae
945 1586 1149 1636 motus
1194 1596 1574 1656 compescere
1617 1577 1798 1637 ludus
1831 1585 1992 1649 (erat,

215 1675 443 1737 imbres
489 1676 706 1735 elicere
738 1678 937 1754 jocus,
982 1684 1275 1756 tantaque
1297 1664 1446 1736 ,cum
1482 1677 1711 1740 divinis
1740 1679 1993 1750 naturis,

215 1776 534 1850 heroibus,
590 1778 812 1854 geniis,
870 1777 1128 1854 angeliS,
1174 1776 1543 1855 archangelis
1586 1778 1992 1850 familiaritas,

214 1885 286 1936 ut
328 1895 509 1956 quem
553 1878 807 1956 quisque
851 1895 1065 1936 eorum
1108 1878 1174 1935 in
1192 1877 1550 1946 Hierarchia
1593 1878 1841 1938 coelesti
1885 1877 1992 1936 ob-

213 1978 436 2037 tineret
488 1977 724 2050 locum,
780 1978 982 2055 primo
1040 1976 1331 2057 adspectu
1374 1986 1785 2054 agnoscerent.
1869 1978 1990 2036 Ita-

214 2097 331 2158 que
375 2076 453 2136 de
495 2077 591 2137 his
637 2078 914 2137 omnium
957 2077 1423 2154 intelligentium
1467 2097 1590 2137 una
1623 2096 1866 2157 semper
1899 2087 1989 2136 at-

214 2196 331 2257 que
376 2176 594 2236 eadem
626 2177 745 2236 fuit
776 2179 1099 2251 sententia,
1141 2178 1459 2257 solumque
1488 2178 1606 2236 hoc
1639 2177 1988 2255 ambigitur,

211 2276 634 2358 improbiusne
686 2279 930 2336 mentiti
982 2297 1062 2337 an
1113 2276 1390 2362 putidius
1445 2277 1866 2357 philosophati
1909 2295 1989 2336 an

209 2379 481 2458 ineptius
512 2376 774 2437 Homeri
814 2377 1205 2456 Platonisque
1245 2377 1580 2436 sententias
1603 2379 1989 2458 interpretati

209 2477 439 2538 fuerint
489 2477 805 2536 Platonici.
908 2475 1031 2536 Sed
1074 2476 1151 2535 de
1192 2476 1525 2535 mendaciis
1571 2482 1783 2537 eoi-um
1825 2477 1988 2537 infra

213 2576 476 2652 dicetur3
522 2575 599 2635 de
643 2578 856 2636 ceteris
898 2575 1227 2638 virtutibus
1270 2575 1672 2636 Ruhnkenius
1715 2578 1986 2640 breviter

212 2676 640 2757 distincteque,
694 2675 857 2756 quod
907 2695 1005 2736 res
1047 2675 1260 2750 habet,
1302 2678 1750 2756 pronunciavit.
1809 2678 1986 2751 „Etsi

211 2778 593 2857 „LonginUS,
645 2778 871 2856 inquit,
924 2777 1355 2850 Ammonium,
1415 2767 1770 2855 Origenem,
1826 2778 1983 2838 Am-

211 2881 567 2959 „moniique
611 2876 976 2958 discipulum
1019 2878 1347 2952 Plotinum,
1390 2877 1526 2936 aliis
1572 2879 1789 2937 aetatis
1834 2897 1981 2937 suae

211 2976 636 3060 „philosophis
690 2978 1092 3052 anteferebat,
1145 2997 1271 3038 non
1326 2986 1533 3036 tamen
1586 2977 1810 3037 idcirco
1857 2979 1980 3037 exi-

210 3078 627 3152 „stimandum
682 3089 801 3153 est,
868 3078 1343 3160 philosophandi
1395 3080 1727 3151 rationem,
1796 3097 1979 3157 quam

212 3179 343 3256 „illi
385 3189 808 3258 sequerentur,
850 3199 961 3260 per
1003 3181 1213 3239 omnia
1255 3178 1550 3259 probasse
1585 3216 1666 3224 —
1698 3216 1782 3223 —
1813 3178 1976 3238 Lon-

210 3281 456 3356 „ginum
497 3281 734 3357 ignoret
777 3288 1048 3361 oportet,
1091 3281 1195 3359 qui
1237 3280 1347 3338 tali
1386 3279 1629 3357 ingenio
1671 3278 1976 3358 placuisse

210 3378 455 3453 „credat
503 3378 719 3440 duram
774 3390 834 3440 et
890 3388 1228 3441 contortam
1272 3379 1775 3460 philosophorum
1791 3422 1808 3452 ,
1870 3380 1975 3458 qui
