2158 3848
835 255 1288 298 ORPHICA.
1801 239 1924 300 405

147 395 257 452 ris
300 389 763 466 antiquiora.
795 381 945 443 ¹Sed
986 382 1252 441 referam
1287 390 1635 441 ⁴ceterorum
1671 383 1922 461 Judicia.

146 487 652 567 wyttenbachius
706 486 772 542 in
812 481 971 543 Bibl.
1030 480 1177 543 Crit.
1208 474 1287 540 P.
1333 481 1496 543 VIII.
1555 481 1666 539 27.
1713 485 1922 543 omnia

140 589 503 648 Ruhnkenio
558 593 873 645 assentans
916 583 1313 660 Hymnorum
1357 583 1790 662 antiquitatem
1834 583 1923 641 ita

139 687 622 747 demonstratam
663 701 799 744 esse
842 684 1010 757 dicit,
1054 694 1123 744 ut
1163 682 1369 743 nullus
1415 681 1787 743 dubitationi
1812 680 1922 750 stlo-

138 806 242 848 cus
295 786 542 845 relictus
599 786 697 845 sit.
783 783 1176 845 Hermannus
1230 801 1336 842 eos
1390 780 1818 860 Argonauticis
1863 790 1924 840 et

135 887 392 947 Lithicis
450 886 815 965 antiquitate
870 883 1238 965 praecellere
1291 890 1501 963 putat,
1571 899 1920 962 quanquam

134 986 467 1046 nonnullae
523 1003 739 1044 eorum
780 997 990 1065 partes
1047 982 1357 1043 inferioris
1416 984 1639 1041 aetatis
1682 980 1922 1049 ⁴indicia

136 1088 409 1146 afferant.
456 1084 712 1144 Vossius
758 1095 969 1154 autem,
1009 1085 1075 1144 in
1118 1083 1278 1162 Epp.
1321 1081 1519 1158 Myth.
1563 1080 1735 1142 XIX.
1781 1082 1917 1141 120.

134 1188 432 1263 hymnum
486 1183 744 1244 XXVII.
803 1202 939 1244 non,
974 1181 1253 1243 Homero
1311 1181 1518 1241 solum
1575 1180 1688 1240 sed
1728 1181 1921 1241 etiam

132 1286 385 1347 scenicis
442 1283 644 1364 poetis
696 1284 1098 1343 recentiorem
1143 1300 1402 1360 arguens
1447 1281 1524 1340 de
1569 1281 1787 1340 ceteris
1830 1283 1921 1340 ni-

130 1387 220 1447 hil
252 1383 478 1457 ’definit
521 1381 632 1443 sed
676 1383 835 1445 alios
881 1384 1071 1445 alium
1116 1391 1432 1443 auctorem
1475 1380 1737 1457 habere3
1797 1401 1918 1463 quo

132 1487 332 1546 omnis
387 1504 604 1544 eorum
661 1503 811 1546 usus
853 1485 1129 1556 tollitur,
1187 1483 1309 1541 nisi
1354 1483 1490 1562 quis
1534 1481 1752 1542 doceat
1795 1500 1918 1563 quo

130 1589 385 1668 quisque
440 1595 721 1665 tempore
771 1586 1036 1665 scriptus
1079 1586 1193 1658 sit3
1257 1601 1400 1642 nam
1444 1602 1560 1662 pro
1606 1572 1919 1644 veteribus

130 1689 256 1760 uti,
311 1705 469 1766 quae
525 1704 710 1746 nemo
763 1685 878 1745 scit
931 1704 1011 1744 an
1065 1685 1408 1744 novissima
1450 1686 1603 1758 sint,
1645 1683 1919 1743 sutilium

134 1796 227 1846 est
255 1786 376 1867 [⁰⁰].
461 1785 553 1844 Ac
608 1785 939 1845 nonnullos
983 1803 1200 1846 versus
1246 1783 1325 1843 ab
1370 1783 1918 1864 interpolatoribus

130 1885 474 1966 adscriptos
546 1903 679 1944 esse
744 1883 1024 1943 codicum
1088 1883 1332 1943 indiciis
1400 1892 1640 1942 constat
1669 1883 1742 1963 [Ρ]
1807 1882 1918 1942 sed

127 1986 464 2066 generatim
518 1982 986 2044 aestimantibus
1031 1980 1202 2044 tanta
1246 1995 1340 2043 est
1364 1982 1779 2061 IIyinnorum
1826 1983 1917 2042 in-

130 2096 225 2147 ter
279 2105 347 2146 se
401 2082 744 2145 similitudo
801 2094 863 2144 et
916 2086 982 2144 in
1026 2083 1234 2146 verbis
1281 2093 1343 2143 et
1384 2086 1452 2143 in
1497 2084 1817 2142 sententiis
1840 2084 1912 2163 [¹¹]

129 2198 200 2247 ut
258 2205 454 2245 unum
493 2186 707 2265 potius
750 2204 934 2265 quam
978 2186 1187 2266 plures
1232 2194 1513 2244 auctores
1557 2184 1748 2243 fuisse
1791 2203 1916 2241 cre-

132 2286 294 2347 dam.
336 2285 551 2364 Neque
592 2283 773 2354 aliter
807 2285 1165 2364 judicarunt
1187 2284 1555 2344 Meinersius
1580 2293 1642 2370 et
1667 2283 1915 2343 Schnei-

132 2386 333 2446 derus.
374 2385 488 2445 Ille
530 2386 597 2444 in
638 2384 801 2445 Hist.
847 2384 1037 2468 doctr.
1084 2385 1162 2445 de
1206 2384 1324 2444 deo
1368 2404 1519 2446 vero
1566 2385 1636 2444 T.
1670 2385 1725 2462 I.
1777 2383 1913 2442 197.

131 2484 617 2548 semibarbarum
674 2484 1014 2566 quendam,
1070 2487 1270 2564 graeci
1327 2486 1632 2545 sermonis
1678 2494 1739 2543 et
1781 2503 1914 2543 mo-

130 2590 216 2648 ris
271 2586 437 2647 haud
491 2588 968 2668 peritissimum,
1025 2587 1209 2664 longo
1269 2594 1415 2667 post
1469 2584 1789 2645 Platonem
1854 2595 1914 2643 et

135 2816 332 2860 simarum
362 2815 727 2872 cosmogoniarum
757 2815 995 2873 particulas
1025 2823 1072 2859 et
1101 2817 1420 2860 Platonicorum
1450 2815 1708 2858 novitiorum
1739 2820 1910 2856 senten--

136 2873 223 2916 tius
245 2878 306 2922 -et
341 2879 433 2918 tum
476 2874 774 2929 mysteriorum
817 2875 993 2920 decreta
1033 2882 1123 2919 tum
1165 2875 1293 2918 etiam
1325 2874 1554 2933 populares
1585 2873 1911 2930 superstitiones

138 2930 352 2975 conflare
391 2934 457 2990 (v.
489 2933 618 2975 Voss.
648 2932 734 2990 Ep.
765 2933 909 2990 Myth.
940 2935 974 2978 Ι.
1006 2949 1047 2991 p.
1080 2933 1175 2990 32.)
1215 2949 1269 2978 ea
1308 2935 1494 2976 fortasse
1534 2944 1637 2974 vera
1666 2937 1791 2986 sunt,
1835 2931 1911 2973 sed

138 2988 285 3033 eadem
313 2990 367 3033 de
394 2990 534 3034 Iliade
564 2990 806 3035 Tzetziana
835 2992 921 3035 dici
950 2999 1155 3050 possunt,
1187 2994 1223 3035 si
1253 3007 1332 3050 pro
1364 2990 1648 3047 cosmogoniis
1677 2997 1723 3033 et
1752 2994 1912 3046 myste-

138 3047 216 3090 riis
245 3048 476 3092 substituas
505 3050 738 3107 epopoeias
766 3058 811 3095 et
838 3051 1055 3095 historias.

257 3117 324 3174 [P]
355 3118 508 3162 Plures
544 3132 697 3162 versus
735 3120 895 3176 passim
923 3121 1160 3178 interponit
1189 3120 1325 3163 codex
1356 3118 1674 3175 Thryllitianus
1704 3117 1760 3159 H.
1792 3117 1909 3160 XIV.

138 3181 183 3217 et
212 3175 332 3217 xv1.
364 3176 632 3221 Matritensis
670 3178 787 3235 apud
816 3178 957 3222 stiam
986 3180 1102 3224 Bibl.
1135 3195 1176 3237 p.
1209 3179 1277 3222 87.
1309 3178 1618 3221 Ambrosianus
1647 3177 1692 3219 in
1722 3177 1908 3232 Peyron.

140 3235 242 3277 Not.
284 3233 396 3277 Bibl.
435 3234 573 3278 Taur.
615 3251 657 3293 p.
697 3236 767 3279 68.
809 3237 1004 3293 Hymnus
1042 3240 1098 3281 ΙΙ.
1142 3238 1314 3281 aliunde
1355 3237 1563 3294 repetitus
1592 3237 1787 3287 videtur,
1816 3249 1912 3277 nam

139 3292 359 3394 3⁰33?
382 3290 609 3351 ’Λείσομαι
638 3296 803 3338 cantori
834 3297 1054 3349 convenit,
1097 3311 1180 3340 non
1224 3296 1438 3353 precatori
1456 3329 1467 3346 ,
1510 3310 1649 3353 neque
1680 3298 1912 3352 usurpatur

260 3419 324 3475 [a]
360 3435 396 3460 v.
431 3418 635 3478 Epimetr.
668 3422 745 3465 Vl.
