2158 3848
179 204 302 264 348
708 215 948 258 LIBER
990 217 1420 261 SECUNDUS.

178 349 447 406 olescere
503 346 809 425 coepisse,
870 365 1055 425 quum
1114 345 1378 406 duorum
1431 346 1960 407 nobilissimorum

174 457 499 529 poetarum
555 446 751 505 veluti
805 446 1053 526 publico
1113 447 1467 507 testimonio
1525 457 1728 506 essent
1783 466 1961 506 orna-

175 558 292 607 tae.
378 545 513 605 Hos
558 547 774 621 igitur,
821 547 926 623 qui
970 546 1280 624 quandam
1323 549 1415 606 rei
1459 547 1756 606 fabularis
1782 549 1960 627 quasi

177 647 566 725 disciplinam
623 642 1059 716 condiderunt,
1126 645 1208 704 ad
1262 666 1414 726 quos
1473 648 1791 719 omnibus,
1856 650 1962 726 qui

176 747 252 806 de
308 745 563 803 deorum
630 745 922 823 progenie
993 754 1055 802 et
1111 748 1280 806 vitae
1335 748 1576 806 actione
1637 757 1960 828 quaerunt,

173 861 461 925 tanquam
509 841 590 901 ad
633 844 868 920 primos
913 843 1115 903 fontes
1158 846 1596 906 recurrendum
1651 858 1774 921 est,
1834 846 1962 907 He-

172 945 433 1008 rodotus
491 944 711 1002 merito
760 943 1150 1021 Theogoniae
1209 945 1616 1004 Graecanicae
1682 958 1961 1006 auctores

174 1044 534 1127 appellavit.
621 1043 840 1103 Fuisse
894 1056 1036 1104 ante
1091 1045 1457 1106 Homerum.
1493 1057 1710 1126 poetas
1764 1066 1963 1127 neque

172 1148 289 1213 hoc
333 1147 469 1204 loco
515 1153 698 1222 negat
752 1154 815 1204 et
871 1146 1081 1225 paullo
1139 1157 1280 1207 ante
1323 1148 1398 1207 II.
1445 1146 1545 1206 23.
1600 1146 1962 1228 planissime

174 1245 464 1318 affirmat,
509 1263 699 1326 quum
729 1244 954 1305 Oceani
1000 1266 1229 1306 nomen
1274 1247 1351 1306 ab
1376 1248 1654 1307 Homero
1700 1258 1808 1307 aut
1851 1249 1963 1307 ali-

174 1364 295 1427 quo
341 1348 687 1425 antiquiore
730 1356 918 1426 poeta
960 1347 1380 1407 introductum
1437 1366 1570 1407 esse
1628 1347 1960 1407 contendit.

175 1446 297 1506 Sed
342 1455 552 1505 extare
595 1445 929 1526 quidquam
965 1448 1041 1505 in
1085 1448 1279 1507 literis
1326 1449 1666 1526 antiquiUS,
1711 1447 1779 1508 id
1810 1465 1959 1507 vero

174 1550 359 1606 etiam
415 1557 598 1625 atque
655 1546 844 1603 etiam
895 1557 1111 1623 negat,
1180 1550 1376 1627 eoque
1431 1565 1554 1606 uno
1613 1548 1804 1608 verbo
1849 1548 1960 1606 Or-

171 1647 347 1728 phei,
391 1646 632 1705 Musaei
677 1655 738 1704 et
780 1646 1158 1726 reliquorum
1184 1659 1433 1721 vatum,
1478 1666 1635 1727 quae
1667 1658 1801 1707 tum
1849 1649 1962 1706 cir-

174 1746 666 1807 cumferebantur
739 1748 1042 1820 carmina,
1129 1752 1526 1828 praescriptis
1607 1747 1981 1815 auctoribus

177 1849 360 1928 eripit
403 1856 586 1926 atque
631 1846 858 1920 aufert3
903 1847 1068 1927 quod
1114 1850 1248 1926 ejus
1286 1849 1589 1927 judicium
1628 1867 1701 1907 eo
1728 1847 1963 1925 majore

174 1948 398 2029 plausu
456 1955 519 2005 et
572 1945 1030 2025 praedicatione
1089 1950 1585 2029 prosequendum
1652 1958 1774 2020 est,
1840 1965 1960 2025 quo

176 2048 407 2107 diutius
463 2047 662 2105 tenuit
717 2047 988 2124 vulgaris
1046 2067 1247 2122 error,
1310 2051 1415 2128 qui
1473 2069 1552 2108 ne
1607 2047 1962 2108 Aristotelis

176 2146 419 2228 quidem
482 2148 847 2206 auctoritate
907 2149 1177 2226 opprimi
1232 2151 1456 2228 potuit.
1542 2149 1751 2226 Hujus
1794 2149 1962 2206 enim

176 2248 253 2307 de
300 2247 550 2328 Orpheo
596 2265 722 2304 non
766 2246 936 2306 aliud
978 2247 1171 2307 fuisse
1215 2267 1400 2328 quam
1442 2248 1779 2309 Herodoti:
1787 2246 1963 2326 judi-

113 2361 116 2370 '
176 2350 336 2408 cium
380 2356 673 2406 testatum
719 2357 812 2406 est
853 2349 1180 2408 notissimo
1228 2347 1540 2423 Ciceronis
1582 2351 1720 2409 loco
1766 2348 1844 2408 de
1886 2346 1961 2408 N.

174 2449 252 2508 D.
290 2449 336 2507 I.
365 2448 464 2507 38.
513 2447 906 2528 Orpheum
950 2458 1262 2527 poetam
1308 2450 1534 2509 docet
1576 2450 1960 2529 Aristote—

176 2551 287 2608 les
332 2566 717 2626 nunquam
761 2549 1006 2607 fuisse
1052 2558 1126 2607 et
1167 2550 1305 2608 hoc
1351 2551 1766 2630 Orphicum
1811 2569 1964 2609 car-

176 2669 342 2710 men
395 2648 889 2729 Pythagorei
928 2647 1194 2707 ferunt
1248 2650 1652 2726 cujusdam
1706 2650 1963 2710 fuisse

181 2747 412 2809 Cerco
425 2750 579 2829 pis,
635 2742 745 2807 ubi
787 2739 943 2806 nulli
983 2747 1390 2829 interpretum
1433 2751 1501 2808 in
1542 2758 1811 2808 mentem
1846 2767 1961 2809 ⁴ve-

179 2846 271 2910 nit
324 2849 653 2929 Philoponi
711 2847 1031 2908 adnotatio
1089 2848 1171 2908 ad
1226 2849 1418 2911 verba
1473 2849 1825 2910 Aristotelis
1882 2847 1962 2907 de

179 2949 296 3010 An.
340 2951 385 3009 I.
431 2947 488 3008 5.
532 2955 715 3011 τοῦτο
760 2949 1075 3012 πέπονθεν
1120 2951 1152 3012 oc
1199 2954 1266 3014 ἐν
1308 2955 1438 3019 τοῖς
1475 2951 1803 3033 Ὀρφικοῖς
1846 2975 1960 3011 κα·-

185 3051 500 3132 λουμένοις
546 3051 710 3111 ἔπεσι
732 3045 944 3134 λόγος,
991 3050 1212 3130 quibus
1258 3051 1406 3110 haec
1450 3049 1803 3129 adscripsit:
1847 3074 1961 3112 κα-

184 3151 500 3231 λουμένοις
543 3150 739 3223 εἶπεν,
785 3149 988 3229 ἐπειδὴ
1031 3151 1116 3233 μὴ
1160 3152 1333 3214 δοκεῖ
1366 3152 1649 3235 Ὀρφέως
1692 3151 1850 3215 εἶναι
1879 3150 1961 3212 τοὶ
2038 3138 2040 3142 V

187 3251 329 3328 ἔπη,
392 3249 476 3318 ὥς
519 3251 625 3311 καὶ
667 3249 855 3320 αὐτὸς
897 3254 964 3314 ἐν
1006 3258 1134 3321 τοῖς
1184 3253 1322 3334 περὶ
1365 3250 1733 3334 φιλοσοφίας
1778 3252 1957 3335 λέγει·

188 3351 380 3414 αὐτοῦ
424 3348 541 3431 μὲν
583 3348 705 3435 γάρ
753 3355 869 3414 εἰσι
910 3352 1011 3417 τὰ.
1033 3350 1349 3438 δόγματα·
1412 3359 1612 3415 ταῦτα
1654 3352 1729 3415 δέ
1767 3370 1959 3432 φησιν
