2158 3848
747 250 1200 332 onpn'ch.
1708 272 1858 337 1281

100 428 290 485 ferme
318 423 585 501 heroum
627 425 905 480 veterum
969 432 1109 474 ossa
1152 413 1414 475 condere
1455 416 1521 473 in
1565 418 1690 476 suis
1732 413 1903 487 fini-3

97 526 214 585 bus
252 522 355 583 vel
387 523 521 599 jam
565 516 827 578 conditis
871 515 1111 575 debitos
1139 515 1403 576 honores
1446 513 1706 577 reddere
1735 518 1867 594 jus·

96 626 178 682 sit
191 623 303 702 [¹¹].-
360 621 439 679 In
481 620 609 678 hoc·
640 626 846 676 autem
892 635 1149 676 numero
1203 616 1378 676 fuere
1420 615 1660 696 plures,
1719 635 1869 695 quo-

93 741 228 780 rum
281 720 660 779 monimenta
723 734 804 775 ne
871 717 1110 776 incolae
1166 715 1414 796 quidem
1467 718 1868 792 nescitarum,

91 820 260 879 nulla
282 818 558 898 profecto
586 817 709 876 alia
745 815 823 875 de
858 835 956 890 re,
1002 836 1185 896 quam
1214 815 1380 896 quod
1412 817 1869 879 conservandae

90 917 463 997 reipublicae
506 925 726 976 essent.
812 917 910 976 Ita
950 916 1176 976 Dircae
1229 916 1579 996 sepulcrum
1635 919 1868 978 nemini

91 1017 520 1079 Thebanorum
564 1026 809 1097 praeter
832 1016 1207 1096 Hipparchis
1250 1025 1465 1075 notum
1511 1017 1702 1077 fuisse
1727 1018 1867 1078 Plu-

0 1168 1 1178 2
95 1118 338 1178 tarchus
382 1127 640 1177 testatur
683 1116 762 1175 de
806 1116 958 1174 Gen.
1004 1115 1170 1175 Socr.
1217 1137 1264 1175 c.
1308 1115 1380 1174 V.
1426 1116 1569 1176 306.
1615 1126 1677 1176 et
1712 1118 1870 1177 Pau-

0 1199 1 1217 *
90 1219 291 1278 sanias
344 1218 420 1277 Π.
478 1218 578 1277 29.
633 1215 928 1279 Aeacum.
959 1215 1232 1294 Aeginae
1283 1215 1398 1276 sub
1454 1235 1562 1276 ara
1604 1216 1871 1297 quadam

88 1321 361 1398 positum
414 1336 549 1377 esse
604 1335 859 1378 narrans
893 1335 1042 1376 non
1098 1318 1562 1396 praetermittit,
1630 1318 1749 1377 hoc
1803 1321 1871 1382 ἐν

88 1415 408 1501 ἄπορῥήτῳ
453 1417 575 1477 dici
590 1418 702 1498 [Ἴ.
767 1418 874 1477 Jnv
903 1419 1259 1479 universum
1278 1461 1296 1492 ‚
1352 1426 1423 1477 ut
1464 1418 1736 1480 breviter
1777 1439 1870 1478 re-

87 1526 327 1598 petam,
391 1519 562 1578 nulla
614 1517 744 1576 fere
801 1517 948 1577 urbs
1003 1518 1159 1591 fuit,
1227 1537 1385 1598 quae
1444 1537 1572 1578 non
1614 1517 1870 1578 haberet

87 1617 388 1697 quaedam
432 1617 771 1678 domestica
812 1636 986 1677 sacra
1027 1619 1095 1677 in
1125 1628 1343 1698 operto
1392 1619 1584 1691 culta,
1629 1637 1738 1677 seu
1762 1637 1870 1699 pa-

89 1719 348 1777 triorum
388 1717 646 1777 deorum
678 1719 970 1796 figmenta
1004 1720 1429 1797 antiquissima
1463 1737 1571 1777 seu
1609 1719 1872 1778 heroum

89 1817 428 1896 indigetum
471 1819 853 1878 monimenta
907 1826 972 1877 et
1026 1818 1406 1899 ἅποῤῥήτους
1446 1817 1679 1898 θήκας,
1735 1820 1871 1880 sive

205 1957 266 2016 [ιι]
298 1959 518 2002 Plutarch.
562 1959 615 2002 de
644 1959 776 2015 Pyth.
806 1944 938 2002 orac.
969 1959 1152 2002 xxvn.
1195 1959 1295 2004 292.
1338 1957 1486 2002 πολλὰ
1527 1954 1742 2017 ἐφράζετο
1793 1959 1871 2001 καὶ

85 2018 210 2060 θεῶν
251 2016 666 2075 ἱερὰδιαποντίων
706 2020 783 2061 καὶ
819 2014 981 2074 ἡρώων
1023 2014 1458 2076 ἀπόῤῥητοφ,έθῆκαι.
1501 2016 1714 2072 Exempla
1743 2017 1870 2072 hujus

89 2076 259 2130 generis
290 2076 538 2133 suppeditat
566 2075 806 2118 Pausanias
836 2077 886 2119 V.
923 2074 988 2118 13.
1021 2077 1094 2118 VI.
1126 2078 1197 2117 20.
1230 2074 1326 2117 VII.
1357 2073 1398 2116 9.
1431 2081 1476 2117 et
1499 2074 1569 2117 36.
1599 2075 1676 2117 IX.
1705 2074 1772 2116 18.
1803 2075 1871 2117 De

85 2134 289 2176 Hectoris
315 2135 483 2177 ossibus
511 2149 556 2177 v.
584 2134 759 2176 Jacobs.
790 2134 846 2176 ad
875 2135 1054 2176 Aristot.
1083 2134 1292 2190 Epitaph.
1326 2133 1446 2176 XLI.
1478 2149 1520 2190 p.
1541 2132 1641 2178 373.
1674 2133 1727 2175 de
1754 2134 1871 2176 Her—

88 2193 202 2247 culis,
226 2192 369 2235 Schol.
398 2193 505 2234 Ven.
534 2192 658 2234 XIII.
688 2193 802 2235 v..1.
833 2197 879 2235 et
908 2193 1053 2236 Schol.
1083 2192 1191 2248 Lyc.
1225 2188 1351 2234 1194.
1384 2192 1510 2234 1208.
1541 2191 1594 2233 de
1617 2192 1751 2234 Rhesi
1782 2191 1868 2234 Po-

90 2249 235 2304 lyaen.
280 2251 357 2292 VI.
397 2250 467 2294 43.
505 2250 559 2292 de
599 2250 780 2293 Hesiodi
818 2250 958 2292 Procl.
1001 2251 1056 2293 ad
1097 2251 1210 2308 Opp.
1241 2250 1340 2292 631.
1370 2250 1543 2293 Jacobs,
1575 2250 1630 2291 ad
1662 2249 1871 2292 Mnesalc.

85 2307 241 2364 Epigr.
272 2309 366 2350 XV.
395 2309 538 2364 Heyn.
568 2309 624 2353 ad
653 2310 718 2352 Π..
748 2309 872 2352 XIII.
905 2310 944 2350 1.
976 2309 1228 2365 Sepulcrum
1249 2308 1555 2351 Laomedontis
1586 2323 1669 2365 quo
1699 2309 1870 2364 integro

89 2373 185 2408 tuta
226 2373 350 2409 erant
388 2367 482 2409 fata
522 2367 744 2422 Troiana,
785 2381 955 2424 super
994 2367 1241 2410 Scaeam
1283 2372 1509 2423 portam
1539 2368 1729 2409 fuisse
1759 2367 1870 2408 Ser-

88 2425 184 2468 viu·
211 2425 347 2469 tradit
376 2424 432 2467 ad
461 2427 568 2468 Aen.
595 2425 656 2468 11.
685 2423 785 2469 241.
815 2426 1013 2469 Aetolum
1043 2426 1087 2468 in
1115 2427 1210 2483 ipsa
1238 2430 1368 2482 porta
1397 2426 1560 2468 oraculi
1586 2427 1708 2481 jussu
1727 2425 1870 2482 sepul—

88 2490 178 2526 tum
216 2498 312 2526 esse
342 2484 579 2526 Pausanias
620 2484 672 2525 V.
714 2481 785 2527 42.
826 2491 1079 2541 utrumque,
1127 2484 1303 2541 opinor,
1337 2483 1394 2526 ad
1424 2484 1654 2526 arcendum
1684 2485 1871 2527 hostium

88 2540 324 2598 introitum,
366 2542 481 2585 sicut
509 2541 836 2599 Neoptolemum
874 2543 955 2585 sub
984 2543 1127 2585 limine
1156 2542 1303 2599 templi
1333 2542 1533 2599 Delphici
1564 2543 1778 2586 defossum
1808 2542 1871 2585 le-

86 2600 225 2656 gimus
264 2601 409 2644 Schol.
448 2601 572 2645 Pind.
610 2601 733 2644 Nem.
766 2601 862 2644 VH.
894 2601 963 2647 62.
1007 2601 1157 2644 Simile
1188 2601 1387 2659 quiddam
1418 2602 1615 2658 suspicor
1642 2602 1872 2645 Libanium

87 2658 357 2714 significasse
395 2659 439 2702 in
481 2659 558 2703 Or.
588 2673 629 2715 p.
661 2659 784 2701 Sacr.
815 2659 872 2701 T.
903 2659 963 2702 II.
992 2660 1092 2703 241.
1133 2660 1207 2702 ubi
1235 2660 1383 2716 templi
1414 2661 1631 2716 cujusdam
1662 2658 1871 2703 memorat

86 2714 143 2769 τὴ
179 2720 257 2772 τῆς
297 2717 469 2776 ὀροφῆς
507 2717 738 2779 ἀπόῤῥητα
780 2720 857 2761 καὶ
901 2716 987 2762 ὅσα
1017 2715 1256 2778 ἀγάλματα
1286 2723 1508 2777 κέκρυπτο
1539 2722 1600 2776 τῷ
1631 2716 1791 2776 σκότῳ·
1824 2724 1870 2763 et

88 2773 343 2819 Pausaniam
374 2777 448 2832 qui
476 2776 529 2819 L.
559 2777 618 2819 11.
651 2775 719 2819 14.
750 2777 924 2834 Pelopis
955 2792 1123 2820 currum
1153 2776 1268 2836 πρὸς
1296 2780 1357 2834 τῷ
1387 2774 1544 2837 ὀρόφῳ
1569 2780 1649 2822 τοῦ
1672 2775 1868 2822 ἄνακτά-

93 2847 174 2891 ρου
203 2834 470 2879 ἀνακεῖσθαι
500 2849 705 2888 narrans,
736 2835 998 2879 reconditum
1029 2836 1238 2893 quendam
1268 2836 1405 2879 locum
1434 2837 1598 2879 indicat
1614 2869 1626 2889 ‚
1657 2837 1771 2892 quod
1793 2836 1869 2879 vix

93 2899 344 2948 aequatus
371 2900 438 2937 est
464 2893 679 2951 interpres
708 2908 876 2937 currum
906 2895 1035 2938 istum
1064 2895 1118 2938 de
1147 2895 1266 2937 tholo
1298 2896 1561 2951 suspendens
1591 2895 1703 2937 unde
1733 2895 1869 2937 omni-

93 2948 174 2991 bu·
210 2951 460 3008 conspicuus
501 2953 666 2995 fuisset.
724 2952 870 3009 Etym.
906 2953 966 2996 M.
997 2969 1038 3011 p.
1072 2954 1141 2996 19.
1184 2949 1328 2996 ἄδυτα
1357 2980 1414 2986 -
1446 2948 1545 2997 οἷον
1575 2952 1759 3012 ὀροφαί·
1793 2953 1869 3010 qui

96 3005 211 3050 locu·
311 3063 313 3069 Α
410 3015 538 3068 aptus
576 3010 710 3055 fuerit
737 3012 794 3056 ad
822 3013 932 3055 hanc
960 3026 1049 3056 rem
1080 3012 1342 3071 perspicitur
1371 3025 1426 3053 ex
1456 3011 1603 3054 Valer.
1636 3011 1758 3054 Max.
1788 3011 1868 3055 VI.

93 3063 141 3133 ⁸:
165 3062 208 3107 7.
327 3067 659 3116 Lucretium
697 3070 1080 3128 proscriptum
1121 3086 1148 3114 a
1187 3069 1512 3112 triumviris
1557 3084 1692 3113 uxor
1722 3070 1868 3114 Thu-

94 3136 180 3165 rna
221 3123 371 3169 inter
408 3141 687 3173 camaram
730 3132 784 3171 et
821 3133 1029 3173 tectum
1074 3128 1338 3173 cubiculi
1380 3128 1617 3172 abdidit
1647 3129 1688 3171 h.
1720 3144 1758 3174 e.
1788 3129 1868 3174 ἐπὶ

11 3234 15 3247 1
95 3179 258 3235 διπλῆς
285 3179 452 3243 ὀροφῆς
478 3182 647 3245 μεταξύ
675 3186 858 3246 Appian.
890 3187 985 3231 Civ.
1015 3189 1095 3231 IV.
1131 3184 1228 3230 144.

12 3288 15 3320 3
212 3253 281 3310 [W]
307 3251 517 3303 Ἡσιόδου
557 3257 637 3303 τὸν
674 3255 824 3316 τάφον
863 3260 908 3304 οἱ
942 3261 1106 3306 πολλοὶ
1142 3262 1232 3303 τῶν
1273 3262 1414 3309 ξένων
1454 3259 1536 3304 οὐκ
1581 3263 1737 3304 ἴσασιν
1767 3259 1860 3303 ἀλλ’

12 3326 15 3346 ³
95 3310 431 3368 ἀποκέκρυπται
471 3314 734 3375 ζητούμενος
777 3313 864 3360 ὑπὸ
904 3322 994 3363 τῶν
1028 3318 1334 3389 Ὀρχομενίων
1362 3322 1444 3361 etc.
1474 3318 1696 3362 Plutarch.
1728 3318 1864 3362 Conv.

98 3370 226 3472 {31:-
258 3370 534 3474 ΙῗερὶὲίῙΧ.
576 3376 646 3419 48.
686 3376 742 3419 Τ.
787 3375 909 3420 VIII.
950 3378 1199 3436 Amphionis
1239 3375 1434 3434 sepulcro
1477 3377 1673 3422 custodia
1715 3377 1865 3422 addita
