2158 3848
261 212 380 272 148
845 215 1081 259 LIBER
1124 211 1431 258 PRIMUS,

254 357 318 413 in
383 351 723 433 praeceptis
791 350 1063 429 positum
1118 357 1289 421 erat,
1334 345 1552 426 quibus
1592 339 1896 410 initiandi·
1947 339 2028 399 ad

254 471 425 513 sacra
463 448 1019 530 praeparabantur,
1106 447 1204 507 vel
1258 444 1333 504 in¹
1378 446 1501 505 illis
1555 446 1737 525 ἱεροῖς
1792 438 2027 526 λόγοις,

254 550 515 631 quorum
557 551 623 606 in
666 549 1061 627 perceptione
1106 544 1464 604 eruditionis
1509 543 2027 602 hieraticaesum-

253 670 357 711 ma
400 645 735 719 constabat.
822 645 921 702 De
966 644 1062 701 his
1105 645 1306 720 primo
1331 645 1486 702 ioco
1531 643 1847 702 disseram.

420 748 670 804 Veteres
694 743 1043 801 sacerdotes
1070 740 1327 801 advenis
1354 740 1686 813 sacrorum,
1720 757 1876 819 quae
1900 736 2029 794 obi-

251 856 403 917 rent,
448 861 711 914 caussaS‚
754 844 908 900 ritus
954 849 1016 899 et
1057 842 1296 919 primos
1340 850 1640 900 auctores.
1670 837 2030 899 sciscitanti*

252 947 384 1019 buS‚
426 942 592 1002 haud
635 951 886 1019 gravate
929 936 1351 1020 respondisse,
1396 939 1699 1010 ewmultis¹
1724 935 2032 998 Herodoti

249 1055 310 1103 et
342 1044 679 1103 Pausaniae
723 1041 873 1099 locis
918 1042 1299 1118 cognoscitur
1315 1039 1409 1120 [³]‚
1454 1041 1558 1118 qui
1602 1056 1756 1118 quae
1799 1035 1877 1094 de
1913 1036 2030 1093 hoc

248 1162 464 1222 genere
507 1142 611 1204 vel
648 1160 685 1200 a
727 1139 1146 1200 sacerdotibus
1190 1140 1294 1200 vel
1337 1139 1414 1198 ab
1460 1139 1597 1198 aliis
1642 1137 1924 1216 accepit,
1949 1133 2030 1196 τὰ

249 1241 546 1328 λεγόμενα
600 1242 696 1321 ἐπὶ
748 1248 877 1310 τοῖς
933 1241 1274 1322 δρωμένοις
1329 1241 1463 1300 sive
1508 1243 1566 1308 ἐς
1608 1237 1687 1299 τὰ
1733 1233 2027 1319 δρώμενα

248 1352 431 1403 Vocat
487 1342 562 1400 H.
622 1341 722 1399 37.
778 1341 835 1399 3.
889 1341 994 1399 111.
1053 1340 1152 1399 22.
1212 1340 1383 1417 2.[³³]
1434 1348 1494 1397 et
1535 1338 1649 1417 τὴν
1694 1336 2026 1420 λεγομένην

246 1444 331 1503 ἐπ’
379 1444 588 1510 αὐτοῖς
633 1440 840 1503 αἰτίαν
883 1441 928 1498 Ι.
968 1439 1069 1499 24.
1113 1437 1424 1498 interdum
1469 1440 1670 1497 etiam¹
1700 1436 1900 1518 ἱεροὺς
1925 1432 2026 1496 λό-

243 1567 428 1626 γους,
486 1549 556 1629 ut
610 1541 685 1598 II.
736 1539 830 1597 13.
888 1542 979 1621 ἐφ’
1028 1539 1152 1620 ὅτῳ
1196 1538 1264 1600 δὲ
1308 1539 1471 1600 οὕτω
1515 1538 1899 1620 νομίζουσιν,
1944 1537 2027 1596 ἱε-

243 1640 350 1724 ρός
405 1646 570 1704 ἐστιν
622 1640 832 1707 αὐτοῖς
887 1636 1097 1722 λόγος,
1157 1647 1218 1696 et
1271 1636 1444 1695 VIII.
1496 1634 1590 1695 15.
1646 1636 1891 1718 κύαμον
1934 1637 2024 1717 ἐφ’

242 1742 365 1822 ὅτῳ
420 1742 505 1823 μὴ
561 1738 851 1820 καθαρὸν
909 1739 1065 1801 εἶναι
1109 1736 1472 1819 νομίζουσιν
1516 1738 1804 1819 ὄσπριον,
1861 1739 2027 1798 ἔστιν

241 1840 399 1921 ἱερὸς
444 1841 530 1901 ἐπ’
578 1841 750 1918 αὐτῷ
795 1836 990 1922 λόγος.
1090 1838 1365 1916 Itemque
1409 1836 1544 1910 alii3
1597 1837 1904 1896 Lucianus
1950 1833 2027 1894 de
2120 1915 2121 1918 Ἴ

241 1939 378 1997 Dea
423 1937 560 2014 Syr.
620 1936 722 1996 IV.
767 1938 868 1995 88.
913 1935 1224 2020 Εὐρώπην
1270 1936 1557 2005 Φοίνικες
1597 1945 1880 2019 τῷ-νηῷ-
1907 1925 2027 1998 ἐτι-

239 2036 517 2120 μήσαντο
563 2038 667 2099 καὶ
711 2036 897 2121 λόγον
943 2038 1082 2119 ἱρὸν
1126 2036 1233 2099 ἐπ”
1262 2039 1418 2116 αὐτῇ
1467 2038 1708 2109 ἔλεξαν,
1754 2038 1850 2099 ὅτι
1884 2042 2022 2099 ἑοῦ-

241 2159 361 2200 σαν
416 2137 610 2215 καλὴν
664 2137 695 2197 ὅ
755 2137 911 2205 Ζεὺς
955 2136 1174 2199 ἐπόθεε
1219 2147 1328 2195 etc.
1375 2143 1438 2194 et
1481 2156 1528 2193 c.
1573 2134 1853 2197 XV..97.
1899 2139 2034 2199 ἔστι.

239 2238 343 2299 καὶ
400 2239 580 2305 ἄλλος
638 2233 815 2319 λόγος
872 2236 1002 2316 ἱρὸς
1058 2235 1407 2313 {italiam
1463 2236 1681 2305 Λυδὸς
1734 2236 1859 2319 μὲν.
1897 2239 2023 2316 ἔην,

239 2344 483 2418 πρῶτος
527 2334 596 2397 δὲ
640 2335 719 2396 τοὶ
764 2336 947 2419 ὄργια
988 2337 1070 2398 τοὶ
1114 2341 1172 2416 ἐς
1208 2337 1385 2399 Ῥέαν
1429 2334 1773 2406 ἐδιδάξατο.
1817 2336 2023 2396 Aelia-

238 2436 353 2494 nus
395 2434 477 2493 H.
521 2433 637 2492 An.
681 2433 818 2492 XII.
850 2451 912 2492 c.
956 2436 1056 2494 30.
1101 2435 1441 2516 ἐπᾴδουσιν
1486 2439 1545 2498 οἱ
1577 2433 1887 2518 ἐπιχώριοι
1920 2435 2023 2499 λό-

238 2556 355 2619 γον
410 2530 593 2614 ἱερόν·
635 2533 799 2613 (Ήρα
854 2534 1010 2613 μετὰ
1069 2533 1312 2619 γάμους
1365 2542 1479 2595 τοῦ
1537 2536 1685 2604 Διὸς
1740 2540 2023 2600 ἐνταῦθα

241 2630 640 2695 ἄπελούσατο.
686 2632 799 2689 Est
841 2641 1051 2691 tamen
1093 2634 1277 2692 latior
1318 2633 1502 2710 hujus
1544 2637 1812 2696 nominis
1856 2654 2022 2710 usUS‚

241 2733 558 2811 omnisque
603 2731 679 2790 de
722 2729 903 2791 rebus
949 2731 1192 2798 divinis
1221 2752 1422 2792 sermo
1465 2736 1773 2811 mythicus
1801 2745 1863 2795 et
1883 2736 2022 2816 phi-

237 2831 590 2912 losophicus
633 2832 721 2889 sic
764 2829 1002 2894 dicitur.
1050 2832 1345 2908 Synesius
1385 2833 1462 2894 de
1498 2832 1766 2895 Insonm.
1790 2854 1854 2915 p.
1882 2836 2018 2896 140.
2101 2823 2110 2834 ”

239 2931 314 2990 Α.
367 2940 552 2994 τοῦτο
603 2933 728 3013 ἄρα
783 2934 849 2993 αἱ
900 2931 1275 3015 καλούμεναι
1328 2942 1566 3019 πεῖραι,
1612 2937 1685 3004 ἃς
1720 2932 2020 3018 Ἡρακλέα

213 3032 597 3119 ῖᾶνατλῆναιῖ
637 3032 945 3113 ὑμνοῦσιν
996 3034 1148 3115 ἱεροὶ
1189 3031 1375 3119 λόγοι.
1463 3034 1841 3096 Heliodorus
1867 3035 2018 3095 vll.

359 3171 420 3228 [ἃ]
453 3172 642 3215 Herodo.
672 3173 732 3216 ΙΙ.
763 3172 833 3217 53.
865 3180 909 3217 et
938 3173 1007 3217 56.
1037 3175 1166 3217 Paus.
1198 3177 1316 3219 VIII.
1347 3176 1417 3220 37.
1448 3178 1488 3221 3.
1519 3179 1555 3220 I.
1585 3178 1656 3221 22.
1685 3178 1741 3221 Χ.
1770 3177 1812 3221 4.

358 3242 449 3313 [aff]
481 3244 619 3301 Aliter
649 3246 855 3300 Synesius
895 3247 949 3289 de
987 3248 1169 3291 Insomn.
1206 3263 1248 3305 p.
1282 3248 1381 3292 139.
1424 3251 1472 3293 Α.
1518 3252 1762 3309 καθαρμοῦ
1799 3252 2014 3308 μέγιστον

241 3301 375 3370 μέρρς
403 3317 431 3355 η
461 3302 708 3373 καθαρτικὴ
738 3302 956 3359 βούλησις·
988 3303 1120 3365 ταύτῃ
1151 3305 1239 3366 γὰρ
1271 3307 1420 3368 ὀρέγει
1442 3313 1578 3367 χεῖρα
1608 3308 1662 3353 τὰ
1693 3303 1907 3369 δρώμενα
1936 3308 2015 3350 καὶ

243 3359 480 3417 λεγομενα.
512 3364 588 3406 ubl
616 3376 752 3406 sermo
783 3367 848 3406 est
876 3364 931 3406 de
959 3366 1109 3425 τελετῇ
1139 3368 1403 3427 καθαρτικῇ.
