2158 3848
217 172 336 233 120
792 181 1026 225 LIBER
1068 159 1376 224 PRIMUS.

217 313 663 391 angelorum
729 311 1143 391 myriades,
1235 310 1406 370 illic
1470 306 1974 384 archangelo-

214 432 378 472 rum
422 410 833 487 chiliades,
889 411 1080 472 alibi
1123 410 1678 491 prophetarum
1723 406 1977 466 cohor-

217 521 328 571 tes
386 520 458 571 et
513 520 942 572 sanctorum
998 511 1341 587 legiones
1399 507 1502 569 Or.
1547 505 1625 565 de
1667 506 1734 566 Β.
1776 504 1980 582 Philo-

215 612 396 688 gonio
451 631 511 692 p.
560 609 702 670 494.
759 611 831 669 Ε.
886 609 953 668 Τ.
1008 610 1055 668 Ι.
1110 626 1359 687 prorsus
1415 615 1484 666 ut
1535 607 1609 689 iu>
1658 604 1982 664 Themistii

216 709 349 768 loco
405 711 642 768 animus
687 707 1007 790 ἐλεύθερος
1048 705 1316 791 γεγονώς
1358 743 1442 753 —-
1486 704 1984 788 ἐστεφανωμένος

217 807 483 893 ὀργιάζει
535 807 638 868 καὶ
695 804 941 869 σύνεσιν
995 804 1184 873 ὁσίοις
1237 805 1341 866 καὶ
1397 808 1703 888 καθαροῖς
1747 800 1984 884 οἷνὸρά-

219 928 350 979 σιν,
405 906 518 969 τὸν
575 904 855 988 ἀμύητον
910 907 1189 968 ἐνταῦθα
1230 910 1359 965 τῶν
1403 901 1656 977 ζώντων
1698 899 1985 983 ἀκάθαρ-

216 1029 327 1068 τον
371 1006 631 1087 ἀφορῶν
674 1007 858 1083 ὄχλον
902 1007 967 1067 ἐν
1009 999 1307 1086 βορβόρῳ
1350 1002 1454 1064 καὶ
1496 1000 1713 1083 ὁμίχλῃ
1755 997 1985 1061 πατού-

215 1127 422 1186 μενον.
510 1101 648 1167 Jam
703 1105 756 1162 si
801 1123 878 1162 ex
901 1100 1347 1178 ‘Chrysostomi
1388 1098 1594 1162 verbis
1638 1098 1838 1176 colligi
1877 1116 1990 1178 po-

217 1212 368 1275 test,
426 1203 492 1261 in
546 1204 855 1278 mysteriis
913 1199 1401 1261 Christianorum
1458 1208 1792 1275 martyraS‚
1846 1216 1990 1277 pro-

164 1344 167 1348 *
217 1302 465 1380 phetaS,
549 1302 825 1378 angeIOS‚
903 1301 1294 1378 archangelos
1363 1299 1721 1378 apparuisse
1790 1298 1990 1355 coetui

219 1410 593 1470 sanctorum,
665 1398 869 1456 licebit
937 1401 1123 1458 etiam
1191 1399 1511 1456 Themistii
1575 1396 1991 1455 testimonium

219 1499 304 1557 sic
346 1498 752 1577 interpretari,
798 1499 970 1575 quasi
1015 1497 1267 1574 singulis
1310 1495 1516 1557 verbis
1545 1494 1781 1573 singula
1809 1494 1992 1553 Eleu-

219 1598 361 1654 sinii
424 1595 753 1676 spectaculi
817 1604 1126 1655 momenta
1182 1594 1263 1654 ad
1317 1613 1619 1654 summam
1671 1594 1993 1655 veritatem

222 1703 430 1754 exacta
472 1696 609 1753 sint.
1064 1710 1066 1712 ·
1973 1770 1980 1773 K

388 1792 690 1872 Equidem
746 1813 871 1853 non
913 1794 1016 1853 ibo
1060 1795 1286 1854 infitias
1330 1812 1504 1853 sacra
1545 1793 1805 1869 mystica
1846 1809 1994 1870 prae

224 1892 436 1949 ceteris
494 1893 807 1969 magnifice
852 1893 1150 1952 adornata
1193 1910 1386 1972 eoque
1429 1901 1732 1973 apparatu
1772 1893 1995 1950 instru—

223 1999 318 2048 cta
375 1990 596 2063 fuisse,
653 1999 723 2049 ut
775 1993 1191 2070 praesentium
1249 1991 1484 2050 animos
1522 2000 1655 2049 tum
1696 1991 1998 2050 varietate

223 2097 354 2146 tum
397 2088 722 2168 splendore
763 2110 967 2149 rerum
1010 2099 1299 2148 tenerent.
1384 2087 1457 2146 Id
1512 2091 1675 2147 enim
1716 2085 1849 2148 tum
1892 2089 1999 2148 alii

221 2187 342 2244 loci
387 2185 836 2262 demonstrant,
882 2189 1100 2268 quibus
1137 2189 1270 2264 jam
1313 2187 1412 2245 usi
1454 2204 1684 2259 sumuS‚
1727 2196 1860 2246 tum
1901 2187 2000 2246 hic

225 2284 513 2345 Aristidis
557 2288 622 2344 in
668 2286 768 2368 Or.
817 2287 980 2346 Sacr.
1024 2287 1127 2347 IV.
1163 2285 1306 2345 232.
1350 2282 1430 2364 ἦν
1475 2285 1609 2370 οἷον
1640 2294 1843 2367 τελετῇ
1877 2309 2001 2349 τινι

227 2386 572 2464 προςεοικὸς
626 2387 695 2447 τὸ
755 2394 1050 2471 πρᾶγμα,
1096 2386 1258 2447 οὕτω
1300 2384 1500 2448 θείων
1543 2409 1609 2447 τε
1651 2385 2000 2467 καὶπαρα-

228 2480 430 2551 ὃόξων
470 2491 599 2549 τῶν
642 2485 982 2567 δρωμένων
1025 2486 1245 2547 ὄντων.
1306 2483 1469 2554 Quin
1525 2502 1638 2563 pro
1685 2493 1847 2543 certo
1892 2484 1999 2543 ha-

229 2581 343 2638 beo
361 2624 378 2653 ,
420 2583 787 2649 sacrificulos
831 2581 1139 2641 interdum
1180 2583 1357 2642 varia
1397 2584 1864 2660 praestigiarum
1902 2603 1999 2660 ge-

229 2699 394 2752 nera,
441 2680 656 2760 quibus
700 2682 976 2741 homines
1021 2682 1423 2761 simpliciores
1455 2680 2001 2758 obstupefacerent,

230 2781 294 2837 in
361 2789 610 2858 promtu
673 2780 974 2840 habuisse.
1070 2781 1169 2839 De
1222 2779 1487 2840 Hecates
1546 2781 1729 2838 sacris
1785 2789 2002 2839 testem

233 2876 495 2936 adhibeo
540 2879 808 2938 Dionem
843 2878 1055 2957 Chrys.
1092 2864 1334 2939 012'IV.
1377 2878 1513 2939 168.
1559 2881 1707 2942 ἔνιοι
1740 2878 2001 2941 amem

233 2984 362 3038 τῶν
426 2978 564 3060 περὶ
615 2979 728 3048 τὰς
782 2980 1021 3050 τελετὰς
1078 2980 1184 3041 καὶ
1243 2978 1324 3041 τὰ
1377 2975 1759 3060 καθάρματα
1812 2986 1999 3059 μῆνιν

229 3072 475 3152 Ἑκάτης
520 3077 907 3160 ἱλασκόμενοί
946 3104 1010 3141 τε
1052 3078 1156 3140 καὶ
1198 3075 1412 3157 ἐξάντη
1456 3075 1795 3159 φάσκοντες
1827 3075 1999 3155 ποιή-

239 3193 397 3245 σειν,
456 3177 687 3249 ἔπειτα,
743 3179 913 3259 οἶμαι
926 3225 945 3251 ,
999 3175 1299 3260 φάσματα
1354 3178 1545 3240 πολλὰ
1597 3176 1701 3238 καὶ
1758 3175 1999 3238 ποικίλα

238 3273 356 3353 πρὸ
401 3280 528 3337 τῶν
571 3280 922 3359 καθαρμῶν
966 3275 1354 3362 ἐξηγούμενοι
1395 3276 1498 3339 καὶ
1540 3273 1997 3347 ἐπιδεικνύντες,
2081 3273 2086 3276 ’
