2158 3848
860 208 1972 280 0R,1›n*1c‘A.773

191 351 385 408 minis
430 350 786 408 sanctitates
845 355 909 404 et
963 347 1305 423 religiones.
1395 346 1533 404 Sed
1571 348 1647 406 ab
1705 349 1818 408 hoc
1872 369 1966 409 ex-

192 467 369 508 cursu
412 467 623 508 rursus
666 446 747 507 ad
792 443 1217 569 Tritopatores
1263 464 1363 504 me
1406 445 1757 557 referam·

977 616 1065 696 ξ.,
1118 615 1219 675 4.

355 746 603 803 Etenim
628 752 632 756 “
658 763 782 804 una
824 763 968 824 pars
1002 744 1093 803 ad
1139 742 1569 823 explicandum
1612 752 1833 815 res-tat,
1896 743 1972 802 de

185 845 506 903 nominum
558 844 866 917 illorum,·
900 852 1073 924 quae*
1119 843 1401 923 Orpheus
1447 832 1776 914 ventorum
1813 844 1973 921 jani-

186 944 423 1003 toribus
476 945 809 1023 imposuit,
867 929 1325 1022 significatione.
1429 942 1704 1016 Quorum
1750 945 1804 1002 si
1851 945 1973 1022 pri-

185 1063 389 1116 mum,
446 1043 837 1115 Amalcidae‚
896 1063 934 1103 a
978 1045 1240 1104 malacia
1283 1043 1533 1104 ductum
1579 1044 1853 1103 arbitrer
1883 1046 1968 1124 (v.

184 1144 386 1203 ValeS.
442 1143 541 1203 ad
578 1143 879 1223 Harpocn
923 1164 983 1223 p.
1021 1145 1199 1221 1-22.)
1261 1145 1363 1204 vel
1399 1144 1667 1203 alteram
1711 1146 1971 1222 scriptu-

182 1262 316 1303 ram
351 1242 800 1326 (Ha'maclides)
835 1254 1094 1321 sequens
1127 1250 1259 1301 tum
1296 1244 1426 1301 hoc
1444 1254 1579 1302 tum
1615 1244 1831 1301 ceteris
1862 1261 1971 1301 no-

181 1343 450 1403 minibus
492 1343 872 1421 primivocos
920 1351 982 1400 et
1013 1343 1416 1452 primigenios
1451 1339 1752 1421 quosdam
1787 1342 1971 1419 signi-

180 1445 348 1503 ficari
406 1443 778 1519 conjectem‚
835 1443 1026 1501 nimis
1079 1462 1262 1522 quam
1317 1459 1566 1513 vereor,
1610 1460 1689 1499 ne
1731 1439 1799 1500 id
1842 1442 1969 1521 ple-

180 1545 383 1622 risque
435 1543 759 1601 hominum
816 1540 1163 1601 obsoletum
1221 1551 1553 1637 nostroque
1610 1541 1815 1600 seculo
1861 1560 1964 1620 pa-

178 1661 315 1703 rum
356 1642 626 1719 dignum
680 1639 982 1701 videatur.
1030 1641 1231 1702 Alia
1284 1660 1446 1700 nunc
1474 1650 1596 1701 est
1649 1641 1969 1701 literarum

178 1742 400 1815 facieS,
443 1742 568 1801 alia
611 1742 909 1801 lectorum
955 1742 1178 1821 palata.
1268 1741 1359 1801 Ac
1404 1751 1678 1801 caeterae
1721 1740 1971 1821 quidem

182 1852 380 1916 artes,
456 1843 759 1909 cultorum
819 1843 1051 1902 scilicet
1104 1843 1498 1921 negligentia,
1558 1842 1759 1903 adhuc
1814 1830 1969 1901 anti-

179 1945 315 2023 quis
382 1942 692 2002 radicibus
759 1942 1005 2001 modice
1070 1943 1351 2017 haerent3
1422 1942 1532 2002 sed
1588 1942 1971 2018 mythologia

181 2052 314 2102 tum
356 2061 613 2123 semper
669 2042 909 2119 Libyae
962 2043 1280 2103 simillima
1323 2043 1471 2115 fuit,
1518 2060 1673 2122 quae
1717 2042 1970 2119 singulis

181 2144 358 2203 annis
414 2143 649 2222 aliquid
700 2146 853 2205 novi
906 2145 1168 2202 monstri
1199 2157 1442 2223 'parere
1487 2135 1709 2202 dicitur
1753 2160 1968 2219 graeco

181 2242 519 2324 proverbio
558 2243 676 2306 Ἀεί
729 2269 788 2307 τι
843 2245 1065 2307 καινὸν
1108 2246 1238 2307 κατ’
1286 2244 1575 2308 ἐνιαυτὸν
1617 2232 1849 2324 θηρίον
1877 2240 1971 2303 ‘cl—²

180 2370 326 2418 κτει,
371 2354 503 2403 tum
546 2353 761 2403 nostra
806 2352 1011 2404 aetate
1053 2363 1159 2403 eos
1204 2362 1563 2424 progressus
1607 2344 1772 2416 fecit,
1816 2359 1968 2421 quos

179 2455 420 2507 veteres
476 2445 570 2503 illi
626 2446 808 2526 sophi
851 2465 930 2504 ne
975 2446 1325 2525 suspicione
1369 2444 1615 2525 quidem
1663 2453 1725 2502 et
1768 2443 1969 2519 conje-

181 2555 352 2606 ctura
394 2546 691 2623 attingere
734 2554 1085 2625 potuerunt.
1148 2546 1557 2625 Posteaquam
1586 2531 1768 2602 ⁴enim
1813 2541 1968 2601 Aca-

181 2645 425 2705 demiae
460 2642 866 2706 Calecutanae
897 2665 1159 2726 praeses
1205 2637 1618 2718 doctissimus,
1663 2642 1968 2715 Jonesius,

182 2765 318 2806 cum
364 2746 740 2806 Graecorum
783 2748 1184 2824 mythologia,
1231 2766 1414 2826 quam
1463 2744 1711 2825 quidem
1757 2763 1833 2803 ex
1864 2743 1968 2803 Li-

178 2847 249 2905 lii
295 2838 558 2923 Gyraldi
599 2856 986 2929 syntagmate
1030 2866 1097 2906 se
1142 2846 1428 2905 didicisse
1470 2848 1827 2927 profitetur,
1873 2862 1966 2903 sa-

181 2964 313 3005 cras
356 2944 655 3007 Indorum
698 2948 940 3008 fabulas
985 2950 1161 3007 miris
1205 2945 1412 3005 modis
1459 2964 1788 3025 congruere
1822 2963 1965 3025 pro-

180 3046 345 3107 fatus
390 3057 515 3122 est,
571 3048 722 3108 haec
779 3049 974 3110 veluti
1029 3048 1106 3107 de
1151 3047 1321 3106 coelo
1367 3040 1556 3107 missa
1600 3065 1725 3108 vox
1767 3046 1965 3105 homi-

182 3164 331 3205 num
384 3166 493 3208 ora
549 3168 619 3208 ac
674 3148 881 3210 studia
935 3150 1024 3207 ita
1076 3151 1140 3206 in
1197 3166 1263 3206 se
1322 3149 1654 3221 convertit,
1715 3155 1785 3205 ut
1832 3146 1963 3222 jam

143 3264 431 3320 omnes,
477 3252 598 3327 ⁴qui
666 3249 901 3331 aliquid
957 3250 1237 3329 sapiunt,
1301 3250 1530 3309 omissa
1590 3248 1963 3307 Graecorum

186 3347 724 3427 Romanorumque
798 3349 1096 3410 librorum
1167 3349 1426 3412 lectione
1484 3349 1560 3409 ab
1617 3351 1754 3409 unis
1812 3346 1965 3404 Pan-
