2158 3848
204 183 330 244 236
739 196 974 240 LIBER
1018 195 1449 240 SECUNDUS.

202 327 370 387 Artis
414 326 684 403 magicae
725 324 1103 396 luculentum
1149 327 1464 406 specimen
1508 338 1601 387 est
1632 329 1744 388 illa
1775 331 1981 411 ἐπῳδὴ

193 424 452 511 Ὀρφική
466 472 487 499 ,
531 444 654 506 qua
697 425 789 484 uti
833 427 1086 505 cupiunt
1111 426 1320 503 Satyri
1361 428 1427 486 in
1468 427 1615 488 Eur.
1643 427 1809 506 Cycl.
1838 429 1981 489 639.

202 528 284 597 ὥς
328 523 686 607 αὐτόματον
726 525 840 587 τὸν
883 526 1080 588 δαλὸν
1122 528 1356 607 τρέχειν
1376 546 1388 558 ·
1437 529 1533 587 cui
1577 530 1777 589 simile
1819 531 1983 607 magi

198 627 489 687 Lucianei
531 624 898 684 miraculum
942 623 1332 703 Philopseud.
1380 625 1432 706 ξ.
1468 625 1569 686 35.
1613 648 1674 707 p.
1720 629 1863 689 288.
1912 629 1981 687 Τ.

198 726 330 785 VII.
378 723 628 783 Goethii
670 723 1016 781 imitatione
1058 723 1450 785 nobilitatum
1467 724 1539 807 [¹²]
1603 737 1666 787 et
1710 729 1982 789 Simonis

197 824 384 901 Magi,
426 825 550 903 qui,
597 831 668 881 ut
694 820 976 882 Clemens
1013 832 1222 882 narrat
1248 825 1316 883 in
1338 824 1571 885 Homil.
1597 829 1674 895 ΙΙ.
1709 829 1811 888 32.
1839 828 1982 888 638.

198 921 579 1007 ἀνδριάντας
621 928 786 985 ποιεῖ
823 930 1182 1004 περιπατεῖν
1222 958 1308 969 ——-
1349 925 1432 987 τὰ
1476 929 1543 988 ἐν
1587 927 1750 1009 οἰκίᾳ
1796 927 1979 1008 σκεύη

198 1026 282 1095 ὥς
327 1010 655 1106 αὐτόματα
698 1021 1015 1105 φερόμενα
1055 1025 1210 1107 πρὸς
1254 1024 1596 1107 ὑπηρεσίαν
1639 1028 1984 1109 βλέπεσθαι

196 1131 374 1198 ποιεῖ,
397 1123 588 1204 ΡΙειῐιθ
618 1131 688 1182 ut
712 1122 1038 1183 Pancrates
1066 1123 1410 1184 Lucianeus
1440 1124 1984 1205 modo-pistillum,

194 1224 383 1286 modo
427 1241 645 1302 scopas
660 1266 678 1295 ,
722 1222 912 1281 modo
959 1223 1127 1283 aliud
1170 1226 1653 1284 instrumentum
1698 1227 1983 1291 humanis

194 1324 473 1386 vestibus
516 1321 804 1381 indutum
843 1323 966 1406 ⁴sibi
1002 1342 1116 1402 pro
1155 1325 1441 1383 ministro
1471 1324 1747 1403 baiulare
1782 1328 1981 1407 jubet.

197 1424 437 1505 Orphei·
484 1441 714 1483 numen
769 1424 837 1481 in
892 1426 1081 1482 sacris
1135 1424 1388 1501 magicis
1446 1426 1806 1487 invocatum
1835 1445 1985 1487 esse

194 1525 532 1603 significare
576 1522 825 1584 videtur
860 1521 1240 1599 Augustinus
1275 1522 1352 1581 de
1381 1521 1514 1585 Civ.
1540 1524 1766 1587 XVIII.
1810 1548 1858 1586 c.
1886 1527 1983 1587 14.

192 1623 591 1706 peridem
665 1624 1042 1704 temporis
1115 1623 1634 1684 intervallum
1678 1629 1984 1686 extite-

192 1733 374 1785 runt
416 1732 732 1803 poetae,
778 1723 907 1802 qui
953 1725 1188 1782 etiam
1214 1723 1592 1803 Theologi
1628 1724 1986 1786 ’'diceren*

194 1838 348 1898 tur,
394 1825 761 1903 quoniam
820 1822 909 1882 de
954 1822 1108 1882 diis
1155 1827 1497 1885 carmina
1549 1826 1983 1899 faciebant,

195 1964 278 1971 -—
325 1923 710 2005 Orpheus,
753 1923 1148 1997 MusanS,
1192 1922 1448 1984 Linus.
1527 1926 1800 1985 Verum
1843 1905 1983 1986 isti

196 2024 575 2102 Theologi
617 2041 770 2082 non
793 2042 932 2102 pro
978 2022 1134 2082 diis
1179 2022 1376 2083 culti
1419 2027 1702 2106 sunt[⁰],
1729 2044 1820 2105 qu
1839 2043 1982 2085 amr

194 2126 314 2185 vis
348 2123 736 2203 Orpheum
774 2125 1041 2183 nescio
1077 2123 1462 2203 quomodo
1493 2125 1832 2185 infernis
1876 2143 1982 2185 sa—

196 2225 346 2284 cris
380 2223 828 2304 praeficere
871 2223 1134 2282 soleat
1173 2225 1461 2285 civitas
1504 2226 1939 2305 impiorum.

313 2364 372 2423 [b]
408 2366 593 2409 Carmen
639 2366 891 2422 inscriptum
941 2369 1009 2408 est
1061 2365 1102 2408 D
1115 2380 1140 2408 e
1151 2380 1175 2407 r
1226 2367 1262 2409 Z
1277 2381 1339 2408 au
1349 2367 1377 2409 b
1388 2382 1412 2410 e
1422 2369 1471 2410 rl
1485 2383 1509 2410 e
1521 2367 1550 2409 h
1562 2381 1586 2409 r
1599 2367 1615 2409 l
1626 2367 1641 2410 i
1653 2382 1680 2409 n
1690 2381 1735 2423 g.
1773 2366 1981 2422 Ejusdem

194 2428 349 2483 poetae
388 2425 577 2481 epyllion
617 2425 656 2466 D
667 2426 683 2466 i
695 2440 719 2466 e
749 2425 787 2466 B
799 2439 822 2466 r
834 2439 861 2466 a
874 2439 902 2466 u
912 2427 932 2466 t
960 2440 990 2467 v
1003 2440 1028 2466 e
1040 2438 1069 2465 n
1110 2425 1147 2466 (3
1160 2439 1184 2467 o
1196 2425 1283 2467 rin
1295 2430 1313 2467 t
1325 2427 1354 2467 h
1395 2441 1420 2468 e
1460 2426 1716 2482 Phlegontis
1757 2426 1979 2468 Tralliani

190 2482 461 2526 *lvnrabilium
490 2483 539 2524 C.
572 2482 612 2524 1.
653 2482 892 2527 derivatum
907 2497 923 2533 ᾗ
959 2483 1129 2537 Hyonis
1165 2486 1211 2525 et
1239 2484 1460 2527 Amandae
1490 2485 1638 2527 fabula
1650 2517 1664 2538 ‚
1695 2498 1823 2542 quam
1854 2485 1977 2527 Wie-

194 2543 362 2585 landius
392 2556 420 2584 a
449 2541 663 2597 gallicano
693 2542 904 2597 scriptore
933 2541 1132 2583 sumsisse
1162 2555 1210 2582 se
1239 2542 1368 2594 dicit,
1399 2543 1680 2586 adumbratur
1715 2557 1744 2587 a
1781 2543 1996 2604 Charete?

195 2600 461 2657 Mitylenaeo
492 2600 650 2642 Athen.
681 2599 805 2641 XIII.
835 2597 935 2641 575.
965 2599 1017 2641 A.
1054 2598 1234 2652 amyciee
1264 2606 1330 2657 (⁴¹
1347 2599 1472 2636 aaz„
1503 2611 1548 2649 ρ,
1579 2606 1608 2654 q
1621 2607 1638 2636 ι
1651 2605 1676 2654 7

313 2660 376 2716 [⁰]
410 2659 550 2701 Aliter
590 2657 887 2700 Tertullianus
918 2656 972 2698 de
1002 2657 1082 2699 An.
1115 2671 1152 2699 c.
1182 2655 1240 2699 II.
1269 2657 1370 2700 212.
1402 2658 1458 2700 Τ.
1488 2659 1566 2700 IV.
1596 2657 1726 2700 Seml.
1757 2657 1846 2714 ple
1857 2670 1882 2698 r
1892 2671 1918 2699 o
1933 2671 1977 2698 s-

195 2733 301 2775 que
338 2722 610 2761 auctores
652 2716 825 2759 etiam
867 2716 999 2758 deos
1028 2715 1392 2760 existimavit
1421 2716 1753 2773 antiquitas
1782 2714 1978 2758 nedum

197 2777 383 2830 divos,
414 2779 474 2818 ut
505 2776 544 2818 O
560 2774 808 2831 rpheum,
839 2777 898 2816 ut
928 2774 1232 2816 Musaeum.
1279 2774 1554 2831 Lampridius
1583 2775 1628 2817 in
1657 2774 1758 2817 Sev.
1789 2788 1826 2816 c.
1855 2772 1976 2816 XIX.

195 2835 298 2880 931.
343 2834 675 2878 Alexander
717 2834 964 2875 Severus
1005 2832 1306 2876 matutinis
1335 2833 1496 2877 horis
1523 2834 1579 2876 in
1607 2832 1830 2875 larario
1859 2845 1976 2886 suo,

196 2896 254 2937 in
293 2908 400 2950 quo
431 2915 487 2925 -·
517 2891 907 2949 Apollonium,
941 2891 1252 2944 Christum,
1282 2892 1569 2935 Abraham
1602 2895 1659 2933 et
1689 2891 1978 2948 Orpheum

197 2958 255 2995 et
297 2950 695 3009 hujuscemodi
747 2950 887 2992 deos
930 2950 1205 3004 habebat,
1256 2963 1364 2993 rem
1405 2951 1657 2995 divinam
1697 2948 1975 2992 faciebat.

198 3011 417 3068 Orpheum
446 3011 642 3071 semideis
673 3009 923 3052 adnumerat
931 3008 1188 3051 Athenaeus
1218 3008 1336 3052 XIV.
1367 3009 1467 3053 632.
1498 3009 1550 3051 C.
1582 3007 1747 3065 Orphei
1772 3007 1974 3064 templum

196 3071 242 3112 in
273 3070 466 3112 Thracia
506 3075 551 3111 et
595 3068 808 3111 sacrificia
849 3067 1040 3125 prodidit
1070 3067 1222 3110 Conon
1251 3082 1288 3110 c.
1318 3068 1476 3112 XLIV.
1508 3068 1654 3125 Caput
1683 3068 1776 3122 ejus
1805 3080 1832 3108 a
1861 3065 1973 3108 Les-

199 3128 281 3171 biis
312 3128 528 3171 conditum
556 3129 720 3186 ἴναπερ
750 3129 834 3171 νῦν
871 3123 922 3170 τὸ
961 3131 1188 3187 Βακχεῖον
1228 3127 1323 3171 ἔστι
1360 3128 1541 3171 Lucian.
1583 3125 1682 3168 adv.
1722 3124 1890 3167 Indoct.
1930 3127 1971 3178 ς.

198 3202 240 3243 p.
272 3185 340 3229 14.
370 3187 427 3229 T.
457 3187 558 3229 VII.
590 3187 727 3229 locum
748 3185 866 3228 unde
889 3184 996 3227 illud
1025 3185 1303 3238 vaticinatur,
1334 3182 1395 3230 δίδ
1395 3201 1500 3231 υτον
1528 3189 1658 3228 vocat
1681 3182 1974 3226 Philostratus

199 3247 252 3286 V.
293 3245 434 3303 Apoll.
474 3246 551 3288 IV.
595 3243 661 3286 14.
694 3243 792 3286 151.
834 3246 952 3303 φασὶ
991 3243 1043 3289 δὲ
1082 3239 1280 3288 ἐνταῦθα
1318 3260 1428 3291 ποτε
1466 3242 1546 3288 τὸν
1569 3243 1740 3300 Ὀρφέα
1777 3240 1972 3300 μαντικῇ

195 3294 837 3407 ιεῑῑξιζιήίῑῃείιξῐῑῗιὶτ
867 3301 1971 3421 Ἥιῑιεέιῖέαεεξῑέᾍῶξὲξῗιὲῑνεειῆῑῖε
