2176 3886
236 267 321 329 46
837 243 1075 318 imm<
1114 240 1426 335 rannus,

237 410 364 470 sari
405 408 472 467 iu
514 408 767 481 animis,
813 426 1002 488 quum
1044 405 1228 466 rebus
1271 403 1502 465 divinis
1548 418 1801 482 operam
1847 399 2018 460 dare-

238 525 397 582 muS,
438 515 505 567 et
547 507 713 588 quod
755 508 1058 589 Apulejus
1102 506 1248 566 Met.
1291 503 1453 563 VIII.
1497 523 1557 584 p.
1607 501 1746 561 172.
1804 500 2023 561 deum

238 610 703 690 praesentia
784 608 1137 668 homines
1208 606 1333 664 sui
1398 603 1771 663 meliores
1841 601 2026 660 fieri

241 709 520 769 solere.
598 706 783 781 Quod
827 709 882 767 si
926 708 1018 765 ita
1060 722 1236 763 more
1278 713 1559 766 veterum
1602 709 2027 782 comparatum

238 809 377 881 fuit,
423 816 486 866 et
527 808 583 866 si
624 825 738 866 nos
779 824 1025 887 quoque
1067 804 1220 863 locis
1254 805 1440 863 sacris
1476 809 1540 861 et
1576 802 1878 880 religiosis
1913 803 2028 861 mi-

239 909 406 967 rifice
449 907 740 983 erigimur
774 916 837 966 et
870 905 1120 965 altiores
1154 902 1333 963 nobis
1366 903 1501 961 fieri
1532 901 1838 976 videmur,
1883 900 2030 962 deo-

242 1024 359 1086 que
412 1008 736 1087 propiores
751 1002 863 1087 [¹³],
921 1013 1151 1086 quanto
1197 1002 1393 1080 magis
1436 1002 1578 1060 illos
1621 1019 1891 1082 pompae
1934 1019 2031 1061 sa-

240 1107 519 1166 crificalis
563 1106 923 1187 splendore,
978 1104 1373 1166 adorantium
1415 1102 1787 1181 frequentia,
1838 1101 2032 1178 maje-

240 1216 398 1267 state
441 1206 580 1280 loci,
623 1207 947 1266 numinum
990 1205 1341 1286 praesentia
1384 1210 1725 1263 commotos
1769 1209 1833 1261 et
1876 1203 2033 1261 exci-

243 1316 406 1366 tatos
466 1323 601 1366 esse
656 1306 943 1387 oportet?
1007 1305 1172 1366 Hinc
1215 1304 1418 1364 omnis
1461 1303 1899 1379 mysteriorum
1941 1321 2034 1362 re-

190 1403 193 1407 ’
241 1406 389 1484 ligio
443 1405 621 1466 fluxit
652 1404 785 1487 [bb],
840 1407 983 1467 hinc
1033 1406 1179 1466 illae
1235 1403 1676 1465 admirantium
1731 1420 1917 1463 voces
1974 1412 2037 1460 et

246 1507 590 1565 communis
650 1507 863 1585 opinio
883 1550 901 1580 ,
965 1506 1118 1565 haec
1176 1523 1351 1564 sacra
1407 1504 1513 1583 qui
1568 1511 1734 1562 caste
1761 1501 2035 1574 adirent,

242 1622 452 1663 rerum
533 1605 890 1664 coelestium
969 1605 1501 1681 intelligentioreS,
1583 1601 1681 1662 dis
1752 1604 2036 1674 carioreS,

237 1705 568 1782 ‘omnisque
632 1705 881 1764 virtutis
951 1704 1300 1782 capaciores
1366 1702 1528 1775 fieri3
1599 1701 1669 1760 id
1734 1701 1902 1782 quod
1957 1701 2037 1760 de

249 1802 695 1863 Samothraciis
748 1800 1067 1882 praedicat
1108 1799 1428 1862 Diodorus
1484 1798 1557 1859 V.
1599 1799 1704 1860 48.
1746 1800 2042 1886 γίνεσθαί

159 1915 163 1917 *
249 1923 407 1984 φασι
448 1902 555 1965 καὶ
596 1902 1067 1986 εὐσεβεστέρους
1120 1900 1226 1963 καὶ
1267 1899 1689 1982 δικαιοτέρους
1730 1899 1836 1962 καὶ
1877 1901 2038 1964 κατὰ

250 2009 380 2066 πᾶν
422 2002 746 2084 βελτίονας
790 2004 1035 2064 ἑαυτῶν
1077 2000 1224 2070 τοὺς
1254 2007 1386 2064 τῶν
1418 1998 1783 2083 μυστηρίων
1814 2024 2037 2065 κοινω-

247 2100 575 2182 νήσαντας.
635 2099 1001 2179 Cujusmodi
1027 2101 1381 2160 testimonia
1409 2100 1476 2159 in
1502 2100 1767 2159 transitu
1791 2111 2040 2181 arrepta

248 2201 506 2261 lectores
551 2203 760 2282 supini
804 2221 881 2261 ex
923 2219 1038 2261 suo
1083 2219 1265 2260 sensu
1309 2209 1371 2259 et
1414 2219 1491 2259 ex
1533 2200 1823 2262 ecclesiae
1867 2198 2040 2264 Chri-

249 2303 487 2360 stianae
529 2302 828 2362 institutis
871 2302 1372 2382 interpretantur,
1421 2300 1636 2377 longas
1679 2300 1859 2362 nobis
1901 2320 2041 2362 nar-

249 2409 455 2460 rantes
492 2399 1059 2483 Hierophantarum
1096 2402 1404 2460 orationes
1445 2411 1507 2460 et
1541 2401 2039 2482 philosophema-

249 2508 348 2573 ta,
403 2518 479 2558 ex
534 2504 702 2560 omni
745 2521 964 2580 genere
1007 2501 1472 2579 disciplinarum
1516 2500 1804 2562 delibata.
1890 2500 2040 2576 Qui-

251 2599 366 2659 bus
424 2590 607 2680 quam
662 2601 844 2660 facile
886 2610 1133 2663 careant
1174 2601 1453 2660 homines
1496 2600 1874 2676 vividiores,
1928 2601 2040 2663 do-

254 2720 387 2760 cere
455 2719 568 2761 nos
633 2709 842 2783 potest
903 2702 1015 2760 illa
1067 2702 1386 2779 magnifica
1438 2700 1783 2778 Mortimeri
1838 2704 2038 2762 oratio

374 2868 440 2927 [b]
472 2870 570 2913 Hoc
611 2871 664 2913 de
703 2872 800 2928 ipsa
829 2871 1089 2942 scripturae
1111 2871 1158 2913 S.
1187 2870 1373 2913 lectione
1403 2870 1594 2914 affirmat
1623 2870 1954 2928 chrysostomus
1984 2873 2038 2916 de

254 2929 427 2972 Lazaro
455 2927 895 2973 111.2.739.B.ez
924 2930 975 2974 δὲ
1004 2926 1258 3002 ἀνάγνωσις
1285 2934 1573 3001 προςγένοιτο
1605 2929 1920 2988 (εὐαγγελίου)
1949 2946 2036 2974 κα-

255 2985 406 3047 θάπερ
452 2989 503 3033 ἐν
541 2989 679 3047 ἱεροῖς
717 2986 896 3038 ἀδύτοις
934 2987 962 3043 ἡ
1004 2987 1131 3046 ψυχὴ
1173 2991 1417 3061 τελουμένη
1447 2986 1586 3038 οὕτως
1613 2990 1932 3059 ἐκκαθαίρεται
1960 2992 2038 3034 καὶ

256 3047 442 3100 βελτίων
468 3063 518 3104 γι
503 3050 664 3103 ί,νεται
695 3049 776 3091 τοῦ
803 3050 917 3092 θεοῦ
948 3045 1212 3106 ὁμιλοῦντος
1241 3045 1352 3107 αὐτῇ
1383 3045 1458 3090 διὰ
1486 3050 1579 3092 τῶν
1607 3044 1904 3107 γραμμάτων.

376 3122 467 3194 [bb]
508 3123 571 3168 Τὸ
601 3124 716 3186 πρὸς
742 3124 846 3176 τοὺς
872 3125 1012 3176 θεοὺς
1041 3125 1236 3182 εὐσεβεῖς
1266 3141 1286 3169 ε
1290 3119 1380 3169 ἷναι
1412 3127 1489 3170 καὶ
1516 3128 1782 3185 μεμυῆσθαι
1810 3123 1960 3171 πάντα
1981 3126 2035 3171 τὰ

256 3180 481 3251 μυστήρια
511 3186 588 3226 καὶ
615 3187 872 3230 τετελέσθαι
899 3184 978 3236 τὰς
1017 3183 1266 3243 ἁγιωτάτας
1293 3184 1490 3241 τελετὰς,
1535 3190 1628 3235 τοῖς
1656 3189 1761 3230 εἴσω
1791 3189 1872 3230 τοῦ
1900 3201 2033 3246 περι-

257 3237 402 3285 πάτου
430 3240 759 3311 προηγορεύετο
788 3243 947 3288 Julian.
978 3245 1057 3287 Or.
1086 3244 1186 3287 VII.
1216 3242 1316 3286 237.
1349 3243 1404 3285 D.
1435 3244 1731 3288 Sacrorum
1760 3244 2034 3302 pleraque

258 3299 425 3343 initia
452 3300 510 3342 iu
541 3300 791 3345 Graecia
817 3303 1177 3360 participavi
1206 3327 1264 3334 —
1292 3303 1596 3358 multijuga
1633 3317 1800 3347 sacra
1829 3307 1886 3346 et
1912 3304 2033 3360 plu-

258 3358 428 3400 rimo:
458 3359 631 3412 ritus,
663 3360 859 3404 varias
887 3361 1230 3405 cerimonias
1259 3361 1451 3405 studio
1480 3362 1764 3407 veritatis
1805 3367 1859 3406 et
1900 3362 2031 3406 offi-

262 3415 352 3459 cio
383 3430 521 3474 erga
549 3417 682 3461 deos
713 3419 900 3464 didici
931 3418 1103 3479 Apulej.
1137 3420 1260 3479 Apol.
1292 3435 1335 3478 p.
1364 3417 1463 3463 494.
