2158 3848
266 207 387 268 164
853 214 1088 259 LIBER
1132 213 1439 258 PRIMUS.

262 350 432 430 τελὴς
489 347 784 431 φαίνηται
838 347 992 412 ἀλλὰ
1047 353 1176 417 τοῖς
1229 346 1370 413 λίαν
1427 352 1667 428 σοφοῖς
1724 341 1863 405 *De
1900 343 2038 404 Ari-

263 448 484 509 stotele
538 447 721 507 multi
775 447 884 506 sed
941 446 1304 507 brevissime
1358 444 1708 506 Chalcidius
1761 447 1828 504 in
1880 442 2041 503 Tim.

264 571 312 609 c.
359 545 652 608 CCCXX.
708 546 850 606 394.
905 545 1143 607 Fabric.
1190 547 1432 623 juxta
1500 545 1884 604 dicentem
1943 544 2043 602 fit

265 649 728 718 obscuritaS,
773 663 995 724 quum
1038 645 1167 704 vel
1191 645 1456 703 studio
1507 644 2043 724 dataque-ope-

264 768 346 808 ra
388 747 657 823 dogma
700 762 914 803 suum
958 743 1173 803 velat
1216 753 1523 817 auctor,
1566 755 1646 804 ut
1688 745 2045 803 fecerunt

265 844 740 909 Aristoteles
798 852 877 902 et
933 841 1418 915 HeraclituS‚
1462 845 1586 904 vel
1627 842 2046 904 imbecilli-

265 956 426 1007 tate
469 944 869 1004 sermonis·
966 942 1065 1002 Ita
1117 941 1416 1022 quidquid
1459 952 1568 1002 aut
1607 944 1892 1014 subtilius
1936 962 2048 1004 ex-

266 1048 596 1125 cogitatum
653 1053 759 1102 aut
812 1044 1196 1102 artificiosius
1258 1043 1640 1102 enuntiatum
1656 1085 1675 1116 ,
1739 1061 1922 1122 quam
1957 1055 2049 1104 1ut

266 1147 666 1208 semisomnes
708 1143 1047 1220 intelligere
1090 1143 1358 1222 possint,
1411 1142 1479 1201 id
1522 1143 1617 1202 illi
1658 1145 1724 1202 in
1765 1142 2047 1203 fraudem

266 1257 330 1307 et
383 1245 844 1305 frustrationem
895 1243 1193 1301 lectorum
1249 1242 1697 1321 simpliciorum
1743 1245 2049 1324 composi-

266 1357 400 1407 tum
443 1363 576 1404 esse
617 1343 853 1404 volunt.
915 1340 1099 1414 Quod
1142 1361 1292 1402 vero
1336 1343 1478 1401 huic
1522 1345 1801 1423 opinioni
1844 1347 2051 1423 proxi-

266 1464 438 1507 mum
495 1454 558 1503 et
611 1460 986 1521 consequens
1030 1451 1192 1515 erat,
1233 1453 1303 1501 ut
1347 1461 1483 1515 eos,
1530 1463 1681 1522 quos
1725 1442 1940 1503 eadem
1983 1446 2050 1503 in

266 1543 586 1607 scribendo
632 1543 871 1600 ratione
912 1559 1059 1600 usos
1103 1560 1236 1600 esse
1277 1542 1600 1620 putarent,
1654 1543 1875 1603 eodem
1917 1563 2050 1605 mo·-

268 1645 350 1705 do
393 1646 974 1722 interpretarentur,
1026 1639 1093 1699 id
1149 1640 1397 1719 quidem
1451 1660 1577 1700 non
1630 1642 1904 1704 fecerunt
1945 1663 2050 1704 ne-

267 1764 386 1826 que
443 1739 869 1819 Thucydidem
926 1739 1040 1799 sub
1097 1743 1300 1819 specie
1355 1740 1504 1801 belli
1546 1740 2052 1823 Peloponnesiaci

267 1842 441 1904 aliud
474 1841 618 1922 quid
655 1860 838 1921 quam
873 1839 1041 1919 quod
1067 1858 1282 1899 omnes
1314 1840 1682 1919 intelligunt,
1726 1843 2053 1905 tradidisse

269 1944 566 2024 suspicati
635 1951 809 2014 sunt3
886 1941 1034 2019 quin
1098 1958 1176 1998 ne
1242 1939 1713 2019 Lycophronem
1782 1946 2049 2026 quidem.
2157 1996 2158 2000 ,

271 2041 433 2108 Cur?
488 2039 651 2115 Quia
700 2051 832 2101 tota
876 2040 1204 2118 allegoriae
1259 2043 1530 2122 suspicio
1586 2060 1710 2102 non
1766 2063 1844 2104 ex
1895 2047 2051 2126 ipsis
2156 2083 2158 2093 ,

269 2142 669 2224 scriptoribus
726 2159 922 2220 neque
977 2160 1055 2198 ex
1114 2143 1369 2219 propria
1412 2141 1675 2220 quadam
1720 2145 2052 2206 verborum
2157 2150 2158 2157 ’

272 2252 337 2304 et
389 2243 829 2304 sententiarum
886 2241 1373 2300 conformatione
1427 2240 1611 2301 ducta
1658 2242 1771 2302 sed
1827 2247 2052 2304 extrin-
2156 2267 2158 2278 ²

272 2362 447 2404 secus
511 2344 689 2403 illata
755 2350 877 2414 est,
946 2349 1008 2399 et
1062 2343 1210 2420 quia
1263 2343 1515 2402 omnino
1570 2342 1665 2402 illi
1720 2360 1848 2402 non
1878 2344 2052 2424 quid

196 2508 199 2512 Α
274 2446 528 2525 quisque
568 2450 849 2504 veterum
895 2439 1154 2513 dixerit,
1209 2440 1336 2500 sed
1365 2441 1515 2521 quid
1556 2442 1814 2502 senserit
1824 2444 1848 2516 ,“
1903 2444 2052 2524 quid

271 2545 456 2603 tacite
497 2543 564 2600 in
609 2542 814 2600 animo
858 2539 1257 2613 volutaverit,
1301 2561 1376 2599 ex
1420 2561 1512 2614 ea,
1557 2561 1741 2623 quam
1785 2541 1863 2602 de
1902 2561 2052 2623 poe·
2144 2599 2151 2614 ,,

272 2643 354 2702 tis
397 2642 660 2720 antiquis
704 2648 1122 2720 praesumtam
1163 2639 1491 2713 habebant,
1534 2644 1872 2721 sapientiae
1916 2645 2050 2725 opi-
2143 2643 2151 2723 ξ

271 2743 458 2801 nione
500 2741 841 2818 conjectare
884 2739 1090 2797 conati
1130 2747 1288 2797 sunt.

442 2840 711 2900 Videant
787 2840 974 2916 igitur
1048 2837 1530 2914 symbolicarum
1594 2842 2051 2921 interpretatio·
2138 2876 2142 2889 ‹

270 2958 423 3000 num
480 2942 816 3021 cupitores‚
871 2956 1026 3018 quos
1081 2937 1264 2997 duces
1322 2948 1685 3019 sequantur,
1738 2942 2051 3002 similesne
2140 2932 2143 2948 ⁹

273 3047 626 3100 nostrorum
668 3042 1070 3119 interpretum
1096 3040 1222 3118 'qui
1264 3037 1413 3118 quid
1456 3041 1747 3120 cujusque
1789 3041 2048 3122 scripto-

271 3140 358 3198 ris
402 3148 606 3214 aetas,
645 3139 792 3220 quid
833 3156 1022 3218 genus
1066 3138 1401 3213 scribendi,
1445 3139 1594 3219 quid
1638 3142 1843 3219 operis
1885 3143 2044 3201 ratio

274 3240 504 3318 exigat,
559 3239 900 3319 ponderare
952 3238 1184 3311 solent,
1209 3274 1212 3277 -
1237 3257 1318 3299 an
1372 3238 1449 3298 de
1490 3238 1608 3297 hoc
1650 3257 1776 3299 uno
1821 3241 2046 3300 sollici-

270 3348 367 3400 tos
409 3359 487 3399 ne
528 3339 676 3421 quid
716 3341 907 3422 impie
949 3337 1026 3398 ab
1068 3336 1343 3400 Homero
1386 3337 1618 3400 dictum
1670 3332 2045 3415 inveniatur,
