2176 3886
745 209 1317 255 ELEUSINIA.
1785 191 1921 258 '25

148 363 322 406 mens
388 341 754 402 nominatim
824 340 903 403 de
956 344 1142 402 sacris
1196 341 1549 419 Phrygiacis
1561 384 1578 414 ‚
1647 343 1921 403 omnium

147 443 517 525 turpissimis
536 485 553 517 ‚
595 450 835 516 narrat,
891 441 961 502 id
1002 442 1097 501 illi
1139 460 1254 501 sua
1293 440 1518 501 fiducia
1560 439 1642 500 ad
1683 442 1922 503 Eleusi-

144 531 258 603 nia'
288 541 680 601 transferunt.
763 542 883 602 His
925 543 1025 602 hic
1069 541 1317 622 quidem
1362 542 1548 602 aliam
1591 539 1924 602 formulam

145 640 437 703 adscribit
477 661 539 721 p.
589 641 685 702 18.
730 645 858 705 ἔστι
903 642 974 706 τὸ
1002 639 1302 725 σύνθημα
1333 641 1720 706 Ἐλευσινίων
1751 640 1924 721 Ἔνή-

147 730 403 815 στευὰα,
451 744 624 807 ἔπιον
659 743 774 807 τὸν
808 750 1124 816 κυκεῶνα,
1171 746 1400 826 ἔλαβον
1437 746 1502 805 ἐκ
1537 741 1779 822 κίστης,
1825 745 1926 824 ἐρ-

141 841 501 929 γασάμενος
537 843 672 921 (leg.
727 841 1199 930 ἐγγευσάμενος)
1248 846 1570 926 ἀπεθέμην
1617 848 1700 912 εἰς
1735 840 1926 905 κάλα-

142 947 270 1006 θον
315 943 422 1005 καὶ
456 946 522 1005 ἐκ
556 942 846 1007 καλάθου
884 950 969 1014 εἰς
1005 943 1250 1023 κίστην,
1286 963 1442 1023 quae
1482 951 1768 1022 repetens
1811 941 1927 1002 Ar-

141 1042 363 1103 nobius
406 1042 479 1102 V.
525 1065 572 1103 c.
607 1044 709 1105 26.
744 1046 897 1105 haec
927 1043 1213 1122 symbola
1249 1061 1381 1103 esse
1415 1040 1693 1117 affirmat,
1737 1061 1928 1122 quae

142 1144 403 1222 rogati
445 1163 843 1206 sacrorum
875 1146 952 1204 in
986 1143 1588 1225 acceptionibus
1619 1162 1929 1224 respon-

143 1242 388 1303 deant.
489 1245 615 1306 Sed
655 1248 1036 1307 introeuntes
1079 1247 1197 1307 hoc
1237 1246 1678 1328 pronunciasse
1722 1262 1930 1304 conse-

143 1363 414 1420 craneoS‚
457 1354 528 1405 ut
566 1356 823 1426 possent
866 1366 903 1407 a
935 1347 1216 1429 profanis
1252 1347 1544 1425 dignosci,
1587 1355 1804 1405 neuter
1838 1343 1929 1404 di-

143 1448 254 1521 cit,
297 1463 496 1528 neque
537 1445 606 1506 id
650 1467 726 1507 ex
767 1448 1122 1509 nominibus
1159 1446 1480 1532 σύμβολον
1523 1456 1585 1507 et
1629 1444 1930 1528 σύνθημα

142 1546 346 1625 colligi
400 1556 628 1628 potest.
732 1546 1063 1622 Quomodo
1119 1551 1186 1610 in
1227 1559 1439 1612 vetere
1484 1548 1738 1608 ecclesia
1778 1546 1930 1626 bap-

142 1647 380 1708 tizandi
421 1647 781 1725 symbolum
822 1650 1232 1728 apostolicum
1274 1651 1561 1721 recitare,
1623 1648 1930 1732 ἀπαγγέλ-

145 1756 272 1812 λειν
319 1749 390 1811 τὸ
449 1746 770 1831 σύμβολον
814 1747 1222 1826 jubebantur,
1278 1750 1367 1807 sic
1407 1748 1518 1806 illa
1558 1747 1826 1805 formula
1865 1749 1931 1804 in

142 1850 583 1923 mysteriorum
638 1849 1126 1929 acceptione,
1182 1857 1252 1906 ut
1308 1848 1468 1906 clare
1528 1845 1679 1904 dicit
1732 1844 1932 1904 Arno-

141 1931 310 2021 bius'‚
364 1949 620 2007 recitata
673 1956 795 2021 est,
858 1967 1054 2028 eaque
1105 1966 1420 2007 sacrorum
1476 1949 1738 2006 istorum
1781 1953 1932 2005 nota

144 2056 206 2107 et
239 2047 596 2125 symbolum
629 2046 855 2108 dicitur
889 2048 1112 2109 eodem
1145 2067 1328 2107 sensu
1362 2065 1482 2128 quo
1510 2047 1669 2106 aliae
1691 2045 1931 2128 ἐπιῤῥή-

144 2168 267 2218 σεις
307 2157 371 2207 et
413 2149 715 2210 solemnia
748 2149 941 2213 verba
973 2149 1402 2222 Sabaziorum‚
1445 2147 1930 2221 Mithriacorum‚

145 2242 766 2328 carpocratianorum
801 2253 899 2311 sui
932 2269 1211 2330 quaeque
1242 2250 1478 2328 generis
1502 2246 1786 2325 symbola
1810 2247 1933 2308 dici

144 2358 436 2429 possunt,
488 2368 690 2430 neque
743 2369 871 2410 non
923 2351 1064 2425 illa,
1121 2369 1277 2431 quae
1319 2350 1794 2409 Islamiticorum
1838 2366 1934 2407 sa-

147 2468 391 2510 crorum
435 2451 699 2511 cultores
743 2452 930 2530 vulgo
975 2440 1332 2510 decantant:
1376 2448 1435 2509 N
1449 2468 1544 2508 on
1588 2457 1705 2509 est
1748 2447 1933 2508 deus

145 2552 304 2610 nisi
347 2549 532 2611 deus
574 2552 746 2626 ille,
788 2550 1274 2613 Muhammed
1316 2552 1637 2610 nuntius
1682 2548 1808 2610 dei
1849 2549 1935 2608 il-

144 2650 316 2711 lius,
379 2650 612 2713 Verum
652 2671 781 2713 non
822 2653 1026 2712 solum
1069 2652 1262 2712 nullo
1286 2653 1640 2711 testimonio
1683 2651 1936 2732 probari

145 2758 384 2832 potest,
441 2772 580 2827 θος,
636 2754 743 2834 qui
796 2772 1038 2814 sacrum
1079 2754 1469 2814 Eleusinium
1511 2754 1769 2826 inirent,
1813 2754 1935 2811 isto

145 2852 339 2913 modo
384 2854 746 2936 exploratos
790 2873 923 2916 esse
945 2899 963 2929 ‚
1006 2853 1117 2915 sed
1162 2856 1536 2915 contrarium
1577 2853 1937 2930 intelligitur

152 2971 187 3011 e
239 2953 409 3016 Livii
463 2956 815 3016 narratione
873 2956 942 3016 L.
999 2955 1232 3017 XXXI.
1295 2955 1391 3017 14.
1490 2954 1934 3015 Acarnanes

154 3050 301 3112 duo
350 3055 688 3133 juvenes
741 3076 877 3138 per
932 3058 1348 3117 initiorum
1394 3056 1556 3115 dies
1599 3071 1752 3115 non
1794 3054 1936 3113 ini-

155 3153 339 3214 tiati
394 3158 767 3242 templum
813 3155 1132 3226 Cereris
1175 3155 1715 3239 imprudentes
1760 3154 1935 3214 reli-

154 3255 411 3330 gionis
456 3278 618 3320 cum
662 3268 920 3320 cetera
955 3260 1179 3321 turba
1212 3259 1539 3337 ingressi
1570 3265 1762 3318 sunt.
1806 3255 1935 3315 Fa-

159 3354 313 3415 cile
371 3376 500 3419 eos
556 3378 803 3423 sermo
868 3360 1237 3442 prodidit
1314 3357 1653 3422 absurde
1719 3375 1935 3438 quae-
