2158 3848
823 182 1276 244 onrulc‘A.
1393 229 1394 232 η
1614 209 1621 217 ’
1808 185 1934 249 vm

163 333 584 413 geniculatam.
647 378 651 382 .
689 327 814 404 Sed
883 327 1304 406 intelliguntur
1343 332 1683 391 -icunc'ulae
1737 335 1940 395 verte—

162 432 373 492 bratae
427 449 534 490 seu
593 437 1060 510 neurospasta,
1101 440 1399 490 consueta
1444 448 1777 512 puerorum
1833 434 1941 493 ob-

162 533 541 591 lectamenw.
563 533 569 560 ²>
624 525 810 602 *Quae
867 537 1075 593 autem
1130 525 1415 593 Clemens
1472 531 1683 610 hujusst
1711 528 1969 601 teletae

161 631 447 709 symbola
489 647 623 688 esse
665 627 816 688 dicit
860 627 1310 715 ἀστράγαλος,
1341 627 1694 714 στρόβιλος,
1747 638 1940 713 σφαῖ-

163 755 276 812 ρα,
348 738 511 811 μῆλα
523 750 582 803 ,'
630 727 895 812 ῥόμβος,
985 730 1337 812 ἔςοπτρον,’
1394 731 1723 791 simulacra
1755 753 1761 766 ²
1799 741 1944 791 sunt

159 831 419 890 istorum
492 821 997 909 crepundiorum3
1083 831 1362 909 primum>
1427 830 1983 918 ἀστράγαλος-εστ

162 937 399 1014 σφαῖρα
423 977 445 1004 ,
534 948 795 1010 quorum
853 947 1000 989 usus
1059 931 1126 988 in
1193 930 1403 989 oculos
1471 932 1741 993 incurrit.
1814 932 1941 991 Dio

161 1028 378 1108 Chrys.
447 1029 550 1089 Or.
604 1028 766 1088 VIII.
824 1029 966 1088 281.
1037 1029 1280 1104 παίζειν
1355 1032 1551 1115 ὥςπερ
1613 1034 1673 1094 οἱ
1727 1032 1944 1104 παῖδες

159 1137 290 1201 τοῖς
333 1127 747 1214 ἀστραγάλοις
798 1128 905 1190 καὶ
958 1135 1093 1198 ταῖς
1148 1130 1443 1211 σφαίραις
1486 1137 1622 1201 ταῖς
1666 1137 1940 1212 ῥαπταῒς.

160 1230 427 1308 Glaucus
499 1229 706 1307 Epigr.
769 1227 815 1285 Ῑ.
878 1227 1107 1298 παῖδας
1170 1230 1376 1292 ἔπειθε
1440 1229 1637 1311 ῥαπτὴ
1670 1277 1674 1281 »
1705 1237 1941 1314 σφαῖρα

156 1330 262 1392 καὶ
315 1325 722 1414 ἀστράγαλος.
813 1325 1123 1387 Talus-sin
1182 1329 1366 1389 Isidis
1420 1324 1655 1412 pompa
1695 1330 1942 1411 Apulej.

156 1430 304 1489 Met.
344 1428 469 1488 XI.
525 1425 670 1487 251.
726 1427 1115 1488 circumlatus
1174 1426 1511 1490 Chiffletius
1566 1433 1629 1490 in
1686 1432 1943 1492 Macarii

159 1529 385 1590 Abrax.
428 1548 490 1609 p.
534 1528 636 1587 97.
662 1537 892 1611 nostro
937 1528 1075 1600 loco
1121 1516 1558 1604 adhibet5sed
1603 1550 1801 1613 neque
1844 1535 1978 1608 hic·

159 1624 1045 1710 explicatione”egetf‘neque
1100 1629 1194 1688 illi
1251 1631 1360 1690 tali
1413 1632 1528 1692 'sed
1583 1633 1758 1693 thalli
1802 1653 1940 1695 con-

157 1731 432 1792 veniunt.
519 1735 823 1812 Σφαῖραν
865 1731 971 1794 καὶ
1013 1732 1334 1819 πλαταγήν
1377 1733 1679 1794 Plutarch.
1726 1734 1941 1815 Symp.

158 1832 289 1891 VII.
352 1829 447 1890 lo.
504 1838 567 1888 et
620 1828 931 1890 Leonidas
986 1829 1195 1911 Epigr.
1239 1831 1530 1892 XXXIII.
1577 1833 1745 1893 229..
1780 1834 1849 1893 T.
1895 1835 1941 1894 I.

156 1935 441 2011 Εὔνητον
484 1931 597 2012 (sic
639 1932 803 1990 enim
839 1929 1225 1992 scribendum
1261 1951 1375 2012 pro
1410 1933 1720 2016 εὔφημον)
1755 1940 1942 2018 σφαῖ-

157 2057 310 2119 ραν,
365 2028 718 2116 πλαταγήν,
759 2030 1241 2119 ἀστραγάλους,
1287 2031 1529 2118 ῥόμβον
1573 2044 1756 2095 vocat
1798 2035 1949 2109 παί-,

156 2157 303 2219 yma
344 2128 762 2214 κουροσύνης,
807 2131 965 2191 sicut
1009 2130 1308 2212 Orpheus.
1396 2134 1571 2193 Haec
1615 2134 1942 2208 admoneo,

156 2252 236 2292 ne
281 2232 420 2312 quis
463 2232 734 2304 nescius„
780 2250 903 2310 quo
948 2240 1229 2312 tempore
1272 2233 1534 2313 sphaera
1577 2234 1943 2314 astrologica

156 2335 413 2408 inventa
471 2332 571 2406 sit,
617 2328 905 2391 Creuzeri
950 2351 1217 2393 errorem
1263 2332 1573 2413 sequatur,
1616 2335 1942 2415 sphaeram

158 2433 482 2493 coelestem
526 2432 687 2491 inter
729 2429 964 2492 ludicra
988 2431 1256 2509 Dionysi
1298 2433 1618 2494 referentis
1661 2436 1729 2494 in
1753 2435 1940 2495 Dion.

157 2535 203 2593 I.
231 2528 442 2614 40.[b].
489 2530 840 2617 Στρόβιλος
883 2530 949 2591 id
995 2542 1089 2592 est
1133 2535 1399 2617 στρέβλα
1444 2537 1578 2596 sive
1611 2535 1794 2595 turbo
1841 2536 1939 2614 (cf.

275 2715 345 2776 [b]
376 2716 635 2774 Elegantem
675 2716 894 2774 Apollonii
933 2716 1072 2760 locum
1112 2718 1218 2774 Arg.
1262 2717 1344 2761 ΙΙΙ.
1386 2717 1482 2761 137.
1525 2718 1696 2777 inepte,
1739 2723 1787 2762 ut
1814 2720 1939 2775 solet,

158 2777 350 2820 imitatus
389 2776 571 2819 Nonnus
598 2774 808 2819 XXXIII.
837 2773 909 2819 65.
949 2775 1029 2832 (cf.
1060 2776 1304 2819 Hemsterh.
1336 2776 1390 2819 ad
1421 2776 1599 2820 Lucian.
1629 2777 1744 2820 Dial.
1775 2777 1829 2821 D.
1860 2778 1935 2821 IV.

159 2835 284 2892 258.)
324 2834 446 2892 globi
484 2829 685 2877 coelestis
726 2835 906 2879 formam
944 2835 1276 2878 concertationis
1305 2836 1486 2892 puerilis
1514 2836 1749 2893 praemium
1779 2837 1938 2895 posuit,

194 2907 249 2937 uo
277 2894 324 2937 in
351 2894 445 2938 loco
507 2906 555 2935 ro

163 2908 192 2951 q
412 2906 517 3010 Πὸξέ)
549 2949 606 2995 δέ
630 2951 676 2994 οἱ
702 2951 854 2995 ἵστατο
885 2953 1049 3012 κοῦρος
1079 2949 1286 3010 ὁμέστιος
1316 2948 1454 3010 ἁβρὸς
1484 2949 1671 3010 ἀθύρων

414 3009 620 3067 εὖχαίτης
647 3005 871 3059 Διόνυσος

156 3069 249 3123 jam
276 3065 350 3109 diu
379 3064 571 3126 ὄμέψιος
598 3067 909 3111 restituendum
936 3083 1032 3112 csse
1060 3068 1176 3119 dixi3
1209 3067 1323 3124 quod
1354 3067 1527 3111 Platoni
1556 3068 1701 3112 reddit
1729 3068 1934 3112 Ruhnke-

161 3127 256 3170 nius
295 3124 382 3182 Ep.
421 3126 531 3169 erit.
570 3141 614 3184 p.
658 3125 755 3169 125.
796 3125 924 3183 Apud
966 3127 1170 3171 Ovidium
1212 3127 1319 3169 Met.
1364 3126 1415 3169 X.
1446 3127 1546 3172 262.
1587 3127 1743 3177 inter
1773 3132 1935 3185 grata

159 3183 375 3241 puelli·
405 3198 628 3228 munera
658 3191 757 3227 sunt
785 3185 976 3241 pictae
1006 3186 1190 3243 pilae,
1220 3197 1346 3241 quam
1377 3184 1599 3229 lectionem
1630 3186 1802 3230 firmant
1831 3188 1933 3231 Pla—

158 3243 273 3287 tonis
326 3239 656 3287 dwdem'amm
696 3247 889 3302 σφαῖραι
942 3244 1159 3287 Phaedon.
1200 3258 1241 3299 p.
1287 3243 1382 3285 110.
1426 3245 1478 3287 B.
1520 3244 1671 3288 Dionis
1714 3245 1817 3288 Chr.
1856 3246 1933 3288 Or.

161 3300 360 3345 LXXIV.
399 3300 501 3345 899.
538 3306 733 3360 σφαῖραι
770 3302 994 3357 ποικίλαι,
1046 3302 1399 3359 Hesychiusque:
1441 3300 1624 3357 Πάλλα,
1667 3308 1843 3364 σφαῖρα
1884 3304 1933 3347 ἐκ

161 3362 378 3405 ποικίλων
407 3356 616 3417 νημάτων
644 3364 938 3417 πεποιημένη.
