2158 3848
233 213 360 277 466
758 227 998 272 LIBER
1040 215 1472 272 SECUNDUS.

237 357 549 440 Orpheum
562 399 581 431 ‚
625 364 914 441 tanquam
959 354 1200 434 gentilis
1245 356 1698 437 superstitionis
1739 333 2012 421 satorem

234 466 297 517 et
334 458 773 520 seminatorem
814 454 1130 529 denotant,
1173 473 1434 537 eumque
1456 459 1726 538 primum
1754 457 1832 518 de
1867 458 2012 518 deo-

233 576 372 619 rum
417 567 585 630 ortu,
651 555 868 615 subole
910 564 975 613 et
1014 553 1196 614 rebus
1241 560 1426 632 gestis
1470 557 1800 620 tradidisse
1845 559 2014 619 voci-
2084 544 2087 548 ’

233 659 526 717 ferantur.
584 654 1005 731 Athenagoras
1051 673 1098 712 c.
1142 653 1283 713 XX.
1329 655 1610 737 [xvm.]
1644 657 1830 732 -2‚14‚
1867 660 2014 740 ³09.-

234 758 385 839 φεύς
438 756 516 817 τὰ
574 753 855 836 ὀνόματα
911 754 1124 817 αὐτῶν
1177 754 1333 835 (τῶν
1375 757 1574 839 θεῶν)
1628 766 1874 841 πρῶτος
1915 762 2013 829 ἐξ·

233 865 370 939 εὗρε
426 853 531 916 καὶ
584 853 696 922 τὰς
751 853 1014 937 γενέσεις
1081 854 1364 942 διεξῆλθε
1420 856 1525 917 καὶ
1591 858 1709 919 ὅσα
1765 858 2015 927 ἐκείνοις

233 959 573 1039 πέπρακται
628 954 752 1014 εἷπε
805 952 911 1014 καὶ
963 953 1360 1016 πεπίστευται
1413 956 1554 1036 παρ’
1603 958 1812 1026 αὐτοῖς
1867 959 2015 1037 ἅλη-

234 1058 534 1138 θὲστερον
578 1057 932 1138 θεολογεῖν,
992 1048 1042 1136 ᾧ
1082 1053 1187 1115 καὶ
1231 1053 1506 1136 ’Όμηρος
1548 1055 1628 1117 τὰ
1673 1057 1866 1118 πολλὰ
1912 1058 2017 1119 καὶ

233 1156 371 1239 περὶ
423 1162 552 1216 τῶν
603 1157 778 1215 θεῶν
832 1150 1102 1234 μάλιστα
1159 1156 1381 1216 ἕπεται.
1424 1188 1426 1191 v
1471 1152 1739 1214 Joannes
1792 1155 2020 1215 Malela

234 1254 455 1316 Chron.
480 1252 582 1313 IV.
628 1273 688 1334 p.
718 1251 817 1311 31.
864 1253 953 1334 (p.
981 1252 1082 1311 88.
1128 1248 1375 1331 Chilm.)
1414 1253 1725 1315 Gedeonis
1744 1254 1817 1336 [²]
1864 1265 2015 1316 tem-

231 1355 485 1436 poribus
532 1353 849 1435 Orpheum
893 1353 982 1411 ait
1024 1354 1256 1412 vixisse
1303 1337 1653 1431 Odrysium*
1695 1355 1854 1426 ὅςτις
1897 1358 2017 1427 ἐξὲ-

230 1462 381 1518 θετο
429 1452 766 1538 θεογονίαν
819 1451 926 1513 καὶ
968 1449 1207 1533 κόσμου
1251 1453 1453 1516 κτίσιν
1503 1454 1609 1516 καὶ
1653 1454 2018 1540 ἀνθρώπων

230 1552 695 1641 πλαστουργίαν
739 1561 849 1611 etc.
892 1549 1172 1611 Eudocia
1213 1572 1274 1632 p.
1322 1551 1465 1612 318.
1512 1554 1788 1637 Ὀρφεὺς
1833 1559 2017 1642 ἔγρα-

229 1677 311 1741 ψε
354 1652 667 1738 ποιήματα
712 1654 895 1716 ἅτινα
941 1652 1026 1722 ὥς
1059 1652 1388 1738 θεολογίας
1433 1654 1681 1733 ἔχουσιν
1715 1654 2015 1735 Ἕλληνες,

232 1761 300 1821 ἓν
357 1754 426 1819 δὲ
483 1753 727 1824 τούτοις
782 1753 889 1816 διὰ
943 1758 1243 1835 μυθικῶν
1300 1750 1642 1836 συμβόλων
1696 1751 1850 1841 λέγει
1904 1756 2018 1827 τὰς

232 1866 364 1920 τῶν
407 1860 581 1919 θεῶν
623 1853 821 1925 τάξεις
878 1879 944 1915 τε
1006 1853 1111 1920 καὶ
1169 1853 1410 1936 σειρὰς,
1480 1855 1585 1916 καὶ
1623 1855 1783 1919 ’τίνα
1825 1857 2018 1930 τίνω]

234 1961 384 2042 ἔργα
441 1948 559 2017 καὶ
603 1961 751 2017 ποῖα
806 1952 999 2016 τίνων
1055 1955 1395 2035 τελέσματα
1449 1952 1555 2016 καὶ
1605 1954 1790 2037 τίνες
1816 1951 2017 2020 (τίνων

232 2054 619 2141 δημιουργοί.
691 2072 848 2133 quae
919 2073 952 2110 e
1021 2043 1229 2113 Nonni
1289 2053 1568 2133 Exposit.
1595 2063 1597 2066 '
1629 2056 1703 2114 in>
1755 2053 2013 2134 'Gregor

230 2156 447 2216 LXVI.
493 2151 634 2214 515.
677 2154 745 2213 B.
791 2153 927 2212 Bill.
975 2155 1288 2232 exscripta
1331 2163 1490 2212 sunt.
1575 2153 1702 2213 Nec
1756 2154 2015 2226 dubium

230 2257 384 2317 mihi
427 2257 603 2336 quin,
659 2273 815 2333 quae
862 2252 1161 2328 Syrianus
1208 2253 1461 2332 ejusque
1505 2253 1750 2313 auditor
1792 2255 2016 2316 Procu-
2101 2323 2107 2328 .

230 2358 327 2416 lus
371 2362 453 2426 εἰς
494 2356 610 2434 τὴν
646 2354 922 2436 Ὀρφέως
946 2352 1285 2439 θεολογίαν
1312 2356 1710 2414 commentati
1753 2357 2011 2437 sunt[³³]

231 2455 314 2514 ad
375 2455 793 2531 Theogoniam
855 2454 1250 2532 potissimum
1314 2457 1767 2534 spectaverint,
1830 2475 2014 2536 quam

231 2557 374 2614 licet
415 2554 717 2614 Platonici
770 2570 1084 2631 nunquam
1140 2543 1506 2612 nominatim
1564 2555 1857 2633 allegent,
1922 2567 2012 2616 ta-

232 2674 376 2715 men
419 2674 496 2713 ex
536 2653 749 2712 multis
777 2651 1010 2731 Orphei
1054 2653 1366 2730 variisque
1411 2655 1718 2731 poematis
1761 2655 1879 2713 hoc
1915 2674 2011 2714 so-

233 2756 361 2815 lum
405 2763 698 2813 tractasse
738 2750 1046 2812 videntur.
1129 2751 1294 2810 Hinc
1337 2753 1520 2811 etiam
1559 2754 1657 2826 fit,
1701 2762 1771 2811 ut
1814 2753 2011 2814 Theo-

231 2856 358 2933 logi
399 2872 626 2914 nomen
667 2870 854 2930 saepe
897 2849 1145 2930 quidem
1194 2849 1474 2930 Orpheo,
1518 2851 1831 2927 Homer0,
1885 2854 2011 2914 He-

233 2954 443 3028 siodo,
500 2950 867 3028 Pherecydi,
922 2950 1167 3008 Platoni
1209 2951 1275 3009 in
1319 2969 1641 3011 commune
1684 2953 2009 3039 tribuatur,

233 3053 343 3114 sed
384 3054 714 3134 praecipue
756 3061 964 3111 tamen
1011 3049 1296 3130 Orpheo,
1355 3050 1800 3114 divinorum
1847 3073 2014 3131 car--

352 3235 414 3293 [a]
446 3234 663 3290 Abdonis,
703 3234 812 3279 dicit
848 3233 890 3280 J.
920 3232 1075 3276 Pollux
1102 3233 1217 3276 Hist.
1247 3234 1380 3290 Phys.
1410 3249 1452 3292 p.
1484 3234 1580 3278 102.
1616 3198 1699 3277 sed
1729 3235 1893 3280 Malela
1923 3233 2004 3279 Ti-

231 3295 440 3339 motheum
470 3293 855 3350 Chronographum
883 3292 1090 3348 sequitur.
1121 3307 1162 3335 v.
1194 3293 1346 3345 Tzetz.
1377 3293 1518 3349 Exeg.
1548 3293 1599 3336 Il.
1629 3308 1672 3351 p.
1704 3292 1774 3336 41.

350 3366 444 3423 [aa]
476 3380 518 3408 v.
547 3365 722 3410 Fabi-ic.
751 3364 867 3410 Bibl.
900 3364 978 3406 Gr.
1011 3365 1069 3408 T.
1099 3365 1176 3408 IX.
1207 3381 1250 3422 p.
1281 3366 1381 3409 428.
