2158 3848
681 229 1252 275 ELEUSINIA.
1737 216 1847 284 161

82 376 344 452 φοῦντες
415 363 574 447 μετά
649 388 818 432 τινος
892 360 1224 444 εὐμουσίας
1299 361 1857 447 ψυχαγωγούμενοι

85 474 241 550 ῥᾷον
283 462 512 544 ζητῶσί
549 489 615 526 τε
656 463 762 526 καὶ
806 461 1133 543 εὑρίσκωσι
1173 459 1290 539 τὴν
1334 458 1656 540 ἀλήθειαν,
1699 466 1757 524 οἱ
1790 461 1858 526 δὲ

85 567 352 648 ἀμαθεῖς
404 562 491 644 μὴ
532 570 976 644 καταφρονῶσι
1015 558 1260 624 τούτων
1303 555 1394 623 ὧν
1437 562 1512 623 οὐ
1555 558 1862 625 δύνανται

84 664 372 728 συνιέναι·
417 661 523 724 καὶ
562 658 686 747 γάρ
730 661 861 724 ε’στί
890 687 1021 732 πως
1053 661 1123 724 τὸ
1158 660 1277 743 μὲν
1309 661 1387 723 δι’
1422 661 1720 731 ὑπονοίας
1755 683 1864 741 ση-

79 761 461 846 μαινόμενον
504 762 806 848 οἷγαστὸν,
849 763 920 825 τὸ
967 761 1035 825 δὲ
1071 770 1362 845 φανερῶς
1396 759 1728 847 λεγόμενον
1764 764 1865 824 εὐ-

80 865 239 933 τελές
281 861 358 921 de
400 861 587 921 Hom.
632 863 805 922 Poes.
852 882 899 922 c.
944 863 1044 922 92.
1088 882 1148 942 p.
1199 862 1380 922 1131.
1435 862 1650 942 anue
1692 862 1868 942 quasi

76 961 324 1043 publica
377 961 498 1022 fuit
553 963 903 1044 persuasio,
955 963 1254 1043 inomni
1297 981 1515 1039 genere
1559 961 1868 1022 scribendi

76 1061 146 1122 id
197 1062 471 1121 maxime
523 1063 816 1122 excellere
858 1060 1026 1142 quod
1066 1062 1423 1139 longissime
1465 1063 1547 1121 sit
1590 1080 1629 1119 a
1669 1062 1870 1139 legen-

80 1164 236 1222 tium
280 1181 461 1235 sensu
506 1173 569 1223 et
610 1164 1012 1241 intelligentia
1056 1161 1445 1238 disjunctum.
1536 1159 1671 1233 Quo
1715 1161 1871 1220 nihil

79 1264 431 1344 perversius
476 1263 642 1323 credi
686 1265 906 1343 potuit.
992 1262 1194 1322 Multa
1234 1263 1437 1321 inesse
1479 1262 1543 1320 in
1587 1271 1871 1323 veterum

78 1363 398 1423 literarum
477 1365 873 1423 monimentis
955 1362 1039 1422 ad
1113 1360 1579 1440 intelligendum
1650 1381 1872 1442 parum

80 1472 296 1544 aperta
341 1465 692 1542 experimur
735 1465 801 1524 in
845 1463 1166 1525 levissima
1210 1482 1454 1542 quaque
1501 1481 1699 1522 causa.
1747 1462 1871 1523 Sed

79 1565 387 1645 optimum
456 1580 757 1643 quemque
826 1565 1221 1643 antiquorum
1290 1564 1658 1642 scriptorum
1729 1582 1874 1643 ope-

0 1688 1 1693 *
79 1683 213 1724 ram
258 1663 503 1723 dedisse
547 1672 618 1722 ut
663 1661 919 1721 obscure
962 1662 1272 1742 loquendo
1308 1648 1552 1741 ingenia
1576 1664 1874 1723 lectorum

83 1773 425 1846 torqueret,
469 1763 975 1844 perspicuitatem
1021 1773 1264 1836 autem,
1309 1782 1466 1843 quae
1510 1772 1605 1822 est
1649 1766 1874 1822 oratio-

80 1865 179 1949 nis
234 1867 430 1947 virtus
486 1864 784 1943 primaria
800 1860 873 1940 [¹³]
933 1863 1052 1934 sic,
1111 1870 1182 1921 ut
1225 1864 1579 1942 scopulum,
1622 1865 1880 1936 vitasse,¹

83 1966 220 2045 quis
264 1963 513 2025 tandem
558 1960 862 2041 ejusmodi
907 1964 1285 2040 argumentis
1322 1962 1567 2023 credere
1607 1963 1874 2023 adduca-

7 2134 8 2139 η
82 2074 212 2138 tur,
268 2063 489 2144 quibus
546 2060 828 2124 Clemens
883 2080 1032 2122 usus
1090 2062 1222 2123 est?
1268 2061 1391 2136 Qui
1434 2063 1512 2124 de
1554 2064 1738 2125 rebus
1782 2066 1876 2125 in-

9 2198 10 2201 *
82 2166 339 2242 cognitis
384 2161 770 2225 tradiderunt
811 2161 981 2223 haud
1020 2165 1196 2243 ,prius
1243 2163 1425 2238 dicta,
1468 2167 1651 2227 novis
1694 2183 1877 2227 voca-

81 2263 246 2325 bulis
302 2274 364 2324 et
418 2264 625 2342 figuris
667 2263 936 2323 insolitis
981 2265 1172 2323 animi
1215 2283 1396 2324 sensa
1440 2275 1879 2345 expresserunt

83 2382 209 2424 non
266 2366 410 2444 quia
463 2364 703 2423 nollent
756 2365 991 2443 paratis
1048 2365 1142 2424 uti
1193 2363 1304 2423 sed
1359 2362 1526 2444 quiax
1561 2385 1688 2426 non
1730 2385 1877 2446 pos-

83 2474 237 2524 sent.
324 2463 508 2523 Multi
563 2462 731 2544 apud
786 2465 1072 2544 aequales
1127 2466 1452 2544 perspicue
1509 2475 1571 2522 et
1612 2465 1876 2544 popula-

13 2562 16 2566 ’
83 2566 235 2624 riter
277 2564 519 2644 loquuti
558 2572 814 2644 propter
855 2565 1061 2645 ipsam
1099 2573 1478 2626 vetustatem
1513 2566 1718 2625 minus
1758 2567 1874 2624 mi-

82 2683 318 2744 nusque
380 2665 818 2743 intelliguntur.
928 2664 1014 2724 Et
1080 2666 1241 2725 inter
1306 2666 1448 2725 illos
1508 2667 1711 2745 ipsoS‚
1771 2666 1876 2745 qui

4 2798 10 2808 ·
88 2763 401 2825 obscurius
469 2766 843 2845 scripserunt
909 2785 1092 2846 quam
1161 2765 1454 2834 deberent
1509 2775 1571 2824 et
1625 2784 1874 2830 necesse

90 2876 250 2939 erat,
312 2866 469 2925 alius
538 2867 842 2933 concisam
897 2865 1266 2929 brevitatem
1324 2874 1704 2926 consectatus
1761 2874 1873 2938 est,

0 2983 4 3019 ι
92 2961 245 3024 alius
309 2964 661 3027 reconditae
714 2966 996 3027 lectionis
1051 2970 1322 3048 speciem
1377 2967 1717 3039 affectavit,
1773 2983 1871 3026 sa-

90 3063 356 3141 pientiae
419 3084 602 3126 nemo
670 3077 914 3146 praeter
980 3086 1085 3127 eos
1156 3071 1292 3148 qui,
1347 3069 1401 3127 si
1458 3066 1616 3126 clare
1669 3063 1873 3127 dicere

91 3180 247 3240 quae
290 3168 584 3230 sentirent
624 3167 981 3244 voluissent,
1023 3169 1178 3234 nihil
1220 3184 1437 3248 sapere
1480 3166 1602 3230 visi
1651 3174 1872 3227 essent.

185 3329 276 3400 ,[ι]
308 3330 557 3379 Art-tatem
598 3335 780 3382 Rhetor.
825 3337 905 3383 111.
933 3339 976 3384 2.
1008 3339 1110 3387 311.
1151 3336 1175 3384 ὁ
1206 3334 1364 3398 λόγος,
1406 3336 1487 3383 εὰν
1524 3335 1589 3395 μὴ
1620 3311 1775 3392 δηλοῖ,
1820 3335 1872 3380 οὐ

91 3402 267 3445 ποιησει
295 3388 344 3435 τὸ
376 3391 534 3439 ἑαυτοῦ
562 3395 713 3455 ἔργον.

1447 3470 1522 3530 ll
