2158 3848
797 213 1374 255 ELEUSIN-IA.
1901 202 1979 260 61

204 347 407 406 tarchi2
438 346 644 404 locum
683 342 768 404 de
809 343 1066 403 Profect.
1104 342 1257 402 Virt.
1286 352 1438 403 sent.
1470 361 1531 422 p.
1568 343 1709 405 258.
1748 345 1816 406 Τ.
1848 345 1979 408 vll.

203 449 285 515 ὥς
327 447 385 506 οἱ
434 444 787 527 τελούμενοι
831 446 962 506 κατ’
1027 444 1221 524 ἀρχὰς
1270 447 1338 507 ἐν
1382 441 1652 526 θορύβῳ
1704 447 1809 507 καὶ
1854 449 1978 528 βοῇ

198 545 350 626 πρὸς
386 544 681 625 ἀλλήλους
720 544 989 617 συνίασι,
1034 544 1376 626 δρωμένων
1413 542 1482 605 δὲ
1517 543 1622 606 καὶ
1657 543 1979 625 δεικνυμέ-

200 670 328 707 νων
368 654 499 708 τῶν
523 648 706 726 ἱερῶν
735 644 824 723 [t‘]
865 645 1266 727 προςὲχουσιν
1291 644 1410 723 ἤδη
1443 643 1598 725 μετὰ
1625 642 1845 726 φρίκης
1872 646 1979 706 καὶ

197 753 458 823 σιωπῆς,
502 746 665 807 οὕτω
700 745 805 806 καὶ
838 744 1205 828 φιλοσοφίας
1236 748 1304 807 ἐν
1341 746 1499 826 ἀρχῇ
1525 780 1611 788 -
1636 743 1834 807 πολὺν
1854 742 1979 806 θό-

195 847 410 925 ρυβον
444 843 587 928 ὄψει
620 870 705 890 -’
727 846 774 908 ὁ
822 845 890 908 ’δὲ
937 846 1108 915 ἐντὸς
1141 843 1471 930 γενόμενος
1509 845 1786 926 καὶφῶς,
1815 844 1978 929 μέγα

194 942 382 1018 ἰδὼν)
427 946 564 1008 οἷον
598 943 962 1027 ἀνακτόρων
995 946 1421 1029 ἀνοιγομένων
1453 953 1564 1002 etc.
1607 955 1977 1022 componere

183 1045 366 1121 juvat
410 1063 549 1104 cum
592 1043 1272 1104 simillimaz'l'hemistii
1303 1044 1609 1102 sententia
1638 1044 1778 1120 (nisi
1815 1045 1975 1120 ejus-

190 1142 333 1204 dem
368 1145 684 1204 Plutarchi
727 1148 1001 1223 estyap.
1035 1142 1232 1203 stol).
1279 1140 1500 1202 CXIX.
1545 1141 1688 1202 604.
1731 1144 1973 1203 animos

190 1247 462 1323 corporis
503 1245 766 1306 vinculis
792 1262 1018 1307 recens
1061 1244 1299 1304 solutos
1342 1261 1650 1323 auraeque
1692 1243 1975 1302 coelestis

187 1345 390 1404 afflatu
447 1335 756 1406 contactos
809 1344 1041 1404 similes
1086 1344 1221 1404 fore
1261 1344 1523 1404 initiatis
1539 1387 1556 1417 ‚
1602 1361 1757 1423 quos
1800 1345 1972 1423 prin-

187 1447 347 1524 cipio
393 1441 659 1506 tenebris
678 1454 768 1505 ‘et
806 1445 1061 1505 horrore
1092 1444 1520 1519 circumfundi,
1566 1442 1790 1503 deinde
1817 1462 1968 1505 vero

187 1564 292 1605 eos
338 1549 626 1628 excipere
656 1555 792 1630 φῶς
814 1543 1194 1628 θαυμάσιον
1219 1545 1326 1607 καὶ
1364 1542 1742 1627 σεμνότητας
1779 1544 1969 1607 οἰκου-

187 1646 444 1727 σμάτων
485 1651 668 1730 ἱερῶν
692 1647 798 1708 καὶ
823 1639 1294 1728 φαντασμάτων
1319 1645 1535 1730 ἁγίων.
1579 1643 1678 1702 Ex
1718 1642 1827 1701 his
1856 1643 1968 1720 igi-

186 1747 286 1806 tur
338 1749 739 1820 testimoniis,
809 1745 1029 1828 quibus
1082 1746 1311 1826 partim
1354 1743 1815 1803 Eleusiniorum
1856 1760 1968 1800 no-

182 1865 325 1906 men
368 1847 774 1928 adscriptum,
833 1847 1061 1926 partim
1106 1863 1460 1904 communes
1507 1843 1786 1902 omnium
1828 1859 1967 1918 my—

180 1949 506 2008 steriorum
558 1957 743 2007 notae
796 1946 1118 2023 insignitae
1172 1953 1315 2004 sunt
1328 1988 1345 2017 ,
1401 1951 1648 2003 tantum-
1689 1939 1964 2015 efficitur,

182 2058 480 2129 quantum
548 2045 631 2108 ad
684 2047 839 2107 hanc
893 2063 1141 2106 causam
1187 2043 1591 2122 judicandam
1645 2043 1794 2102 satis
1852 2050 1963 2117 est,

179 2167 378 2224 sacra,
421 2167 577 2229 quae
618 2146 1046 2228 Hierophanta
1089 2145 1386 2220 ostendit,
1427 2146 1537 2204 illa
1577 2146 1719 2223 ipsa
1771 2142 1963 2202 fuisse

182 2251 331 2334 ἅγια
387 2248 692 2332 φάσματα
738 2250 872 2309 sive
915 2247 1244 2307 simulacra
1287 2245 1580 2316 deorum,
1626 2260 1962 2321 eorumque

180 2348 538 2431 adspectum
583 2348 689 2429 qui
729 2346 1065 2429 praebeant
1106 2348 1300 2417 δεῖξαι
1332 2347 1412 2408 τὰ
1451 2344 1585 2427 ἱερὰ
1625 2343 1728 2404 vel
1770 2343 1959 2425 παρέ-

169 2474 307 2530 χειν
327 2453 400 2530 [Ἴ
446 2449 550 2511 vel
592 2449 940 2532 ‹palvew[']
980 2447 1101 2506 dici
1145 2457 1207 2506 et
1250 2446 1326 2504 ab
1370 2447 1488 2504 hoc
1522 2443 1698 2523 quasi
1728 2443 1958 2524 prima-

175 2552 270 2610 rio
312 2549 776 2629 Hierophantae
819 2557 960 2607 actu
1003 2556 1135 2606 tum
1172 2546 1630 2606 Eleusiniorum
1674 2541 1957 2603 sacerdo-

175 2659 309 2710 tum
364 2651 706 2732 principem
762 2667 989 2710 nomen
1034 2648 1375 2727 accepisse,
1432 2655 1564 2705 tum
1609 2653 1809 2704 totum
1849 2661 1957 2702 ne-

172 2753 407 2829 gotium
450 2769 584 2812 esse
624 2757 1061 2830 nuncupatum.
1148 2746 1311 2808 Illud
1352 2748 1463 2810 vix
1508 2762 1663 2826 opus
1687 2753 1803 2803 'est
1845 2741 1954 2802 ad-

170 2854 540 2926 monitione,
594 2849 978 2912 Alcibiadem
1037 2850 1318 2912 convivis
1373 2849 1500 2909 suis
1541 2863 1667 2906 non
1709 2843 1954 2905 cimelia

292 3051 359 3109 [tt]
391 3051 547 3095 Iisdem
587 3049 732 3094 verbis
776 3049 911 3093 utitur
952 3049 1006 3092 de
1034 3049 1094 3096 Is.
1124 3054 1161 3092 ο.
1191 3046 1234 3091 3.
1267 3045 1363 3090 105.
1395 3046 1451 3089 Τ.
1481 3044 1560 3092 ΙΧ.
1591 3041 1646 3087 τὰ
1675 3037 1949 3101 δεικνύμενα

178 3109 253 3152 καὶ
281 3106 491 3170 δρώμενα
520 3110 627 3169 περὶ
655 3105 757 3158 τοὺς
774 3107 919 3157 ’θεοὺς
947 3104 1142 3158 τούτους.

293 3181 354 3239 [V]
386 3182 613 3241 Apollonia
642 3179 666 3226 ὁ
697 3183 736 3225 ἰε
767 3177 965 3240 οφάντης
993 3179 1075 3225 οὐκ
1106 3177 1309 3236 ἐβούλετο
1333 3179 1548 3238 παρέχειν
1569 3174 1624 3219 τὰ
1647 3172 1949 3234 ἱερὰ-μηδὲ

174 3237 254 3292 τὴν
277 3237 504 3286 Ἐλευσῖνα
533 3240 723 3291 ἀνοῖξαι.
792 3240 956 3284 hilostr.
986 3239 1064 3282 IV.
1097 3239 1164 3282 18.
1197 3236 1293 3281 156.

170 3367 185 3382 ι
292 3311 359 3382 [VJ
391 3312 554 3383 Himpr.
596 3313 674 3357 Or.
715 3311 811 3355 XX.
852 3311 951 3355 766.
992 3315 1175 3370 φαίνειν
1202 3307 1392 3370 μύσταις
1419 3306 1475 3352 τὰ
1503 3304 1618 3368 ἱερά.
1679 3304 1944 3363 Hesychius:

180 3373 453 3428 Ιεροφαντης
479 3387 503 3414 ο
532 3369 586 3415 τὰ
614 3367 839 3429 μυστήρια
868 3369 1100 3415 δεικνύων.
