2158 3848
764 241 1217 287 oRPH1cA.
1748 231 1873 292 399

105 384 183 441 do
231 383 578 441 Gratiarum
620 387 880 438 matrem
923 369 1250 431 dicendam
1290 370 1482 431 fuisse
1510 373 1874 437 Tiedeman-

102 501 218 542 nus
263 479 563 551 decernit,
602 486 916 555 nunquam
960 470 1125 531 dicta
1168 479 1278 529 est.
1320 470 1473 530 Hoc
1501 480 1711 533 tamen
1752 495 1877 535 non

103 582 252 642 satis
294 577 540 639 videtur
596 575 678 635 ad
718 571 1080 634 mutandam
1120 572 1358 648 Hymni
1399 572 1724 632 lectionem
1767 594 1878 654 per

105 696 314 739 omnes
372 675 611 735 codices
665 674 980 751 vulgatam
999 716 1016 746 ‚
1087 668 1278 751 quum
1335 675 1696 752 praesertim
1749 683 1882 733 tota

105 779 182 839 de
226 766 616 852 Onomacrito
661 775 1005 852 conjectura
1049 772 1332 832 omnibus
1374 772 1652 851 partibus
1694 774 1883 835 vacil-

0 906 1 945 ἦ
103 881 204 938 let.
260 875 542 936 Clemens
588 885 650 934 et
693 875 991 934 Tatianus
1033 871 1349 932 indefinite
1392 875 1682 948 carmina,
1726 893 1885 954 quae

104 978 338 1059 Orphei
376 977 704 1050 dicantur,
759 975 837 1034 ab
885 973 1279 1032 Onomacrito
1339 976 1684 1052 composita
1727 971 1886 1032 affir-

0 1082 2 1092 ‘
103 1090 310 1152 mant,
371 1077 534 1137 unde
576 1094 701 1135 non
744 1074 1020 1152 seqnitur
1063 1074 1222 1132 hunc
1267 1074 1543 1132 omnium
1589 1071 1886 1152 Orphico-
1940 1111 1941 1114 η

105 1199 242 1239 rum
297 1195 589 1239 versuum
647 1183 960 1233 auctorem
1020 1191 1182 1247 esse3
1241 1171 1465 1232 Suidas
1518 1173 1887 1232 nominatim

110 1279 341 1358 Orphei
383 1271 722 1357 Χρησμούς
766 1282 828 1330 et
879 1271 1133 1342 Τελετοίς
1178 1271 1255 1331 ab
1302 1271 1700 1332 Onomacrito
1742 1291 1886 1353 pro-

105 1380 266 1438 fecta
320 1376 500 1447 dicit,
537 1391 822 1453 -quorum
878 1374 1200 1431 nominum
1233 1374 1455 1431 -neutri
1497 1371 1737 1449 Hymni
1779 1392 1888 1432 no-

107 1479 218 1538 stri
261 1475 480 1553 subjici
521 1482 801 1552 possunt,
847 1490 1197 1552 quanquam
1238 1474 1303 1531 in
1348 1471 1524 1531 codd.
1570 1473 1780 1533 Venet.
1828 1484 1890 1533 et

108 1577 391 1653 Thryllit.
442 1572 690 1635 Τελεταί
729 1572 1156 1632 inscribuntur.
1232 1571 1394 1632 Nam
1424 1573 1598 1632 ‘hunc
1641 1575 1888 1635 titulum

107 1677 343 1736 librarii
408 1675 834 1753 imposuerunt
887 1693 922 1731 e
978 1672 1347 1733 carminibus
1400 1675 1556 1753 ipsis
1615 1673 1888 1743 duct-um,

107 1794 366 1857 quorum
435 1775 501 1832 in
556 1773 842 1832 clausulis
900 1772 1088 1831 modo
1143 1791 1302 1832 unus
1358 1781 1595 1849 mysta,
1699 1775 1887 1835 modo

107 1877 316 1958 plures
358 1882 676 1953 precantes
719 1872 1118 1946 inducuntur-3
1161 1873 1506 1932 literatores
1535 1884 1742 1935 autem
1766 1874 1888 1952 By-

110 1976 303 2035 zantii
346 1973 427 2033 ad
469 1992 658 2032 unum
706 1991 916 2032 omnes
953 1972 1295 2048 Hymnos
1338 1983 1579 2034 vocant.
1623 1975 1888 2049 Deinde,

110 2078 165 2135 si
208 2073 437 2135 Suidae
481 2072 870 2150 credendum,
923 2080 1198 2143 Τελεταῖς
1240 2074 1476 2134 inclusa
1515 2074 1635 2134 fuit
1675 2077 1713 2156 ἡ
1750 2078 1889 2162 ³07-

109 2173 617 2254 ὃοηκοντάλιθος,
661 2176 768 2254 qui
809 2173 964 2232 liber
1007 2192 1045 2232 a
1087 2176 1312 2233 nostris
1335 2174 1590 2234 Lithicis
1631 2194 1912 2234 numero*

110 2277 250 2354 ipso
297 2273 707 2351 distinguitur.
794 2273 1110 2334 Postremo
1157 2274 1428 2333 dubitari
1470 2276 1698 2354 nequit,
1742 2277 1890 2354 quin

114 2375 183 2434 in
253 2372 633 2433 Onomacriti
699 2375 998 2448 carmine,
1087 2373 1254 2454 quod
1319 2375 1657 2435 Pausanias
1722 2375 1889 2454 legit,

113 2474 384 2550 Dionysi
439 2483 608 2533 ortus
653 2482 715 2532 et
757 2473 959 2534 obitus
1005 2476 1329 2555 expositus
1371 2474 1572 2534 fuerit.
1617 2494 1676 2536 v.
1722 2493 1888 2556 supr.

112 2572 187 2633 N.
245 2572 506 2633 XXXII.
603 2573 832 2633 Verum
885 2593 1012 2634 non
1066 2574 1254 2634 modo
1311 2593 1493 2634 causa
1549 2575 1717 2634 nulla
1773 2585 1886 2650 est,

13 2683 16 2703 ²
113 2691 219 2732 cur
273 2671 699 2761 Onomacritus
752 2692 867 2754 pro
910 2674 1310 2751 Hymnorum
1365 2682 1613 2735 auctore
1664 2675 1889 2737 habea-

14 2814 17 2859 5
119 2780 249 2846 tur,
314 2771 424 2832 sed
497 2776 682 2834 etiam
748 2774 958 2834 multis
1010 2775 1350 2835 rationibus
1405 2774 1610 2835 doceri
1661 2787 1887 2857 potest,

14 2864 18 2922 ἶ
119 2870 465 2933 habendum
518 2892 645 2932 non
699 2891 845 2934 esse.
932 2875 1205 2935 Primum
1259 2876 1591 2936 Pausanias
1650 2876 1887 2936 Gratia-

122 2988 259 3030 rum
314 2982 375 3032 et
430 2975 646 3033 matris
677 2976 939 3035 nomina
982 2995 1056 3036 ex
1100 2975 1478 3037 Onomacriti
1520 2977 1886 3038 carminibus

125 3069 327 3143 affert,
379 3071 667 3150 Hymnos
723 3082 958 3150 autem,
1021 3095 1172 3157 quos
1229 3077 1405 3155 legit,
1464 3075 1762 3157 Orphicos
1807 3078 1884 3138 ab

125 3226 280 3294 promit
310 3224 502 3295 Clemens
529 3229 720 3286 Recogn.
751 3230 804 3273 L.
838 3230 893 3275 X.
924 3247 962 3276 c.
993 3231 1064 3276 23.
1094 3248 1138 3290 p.
1178 3231 1279 3276 318.
1325 3233 1441 3276 Gall.
1474 3233 1531 3277 T.
1562 3235 1622 3278 Π.
1653 3236 1883 3292 Jupiter

126 3297 184 3325 nn
227 3286 633 3331 matnmonium
663 3289 824 3331 duxit
852 3288 1210 3345 Eurynomen
1241 3291 1442 3348 Asopi,
1473 3306 1537 3334 ex
1568 3306 1672 3349 qua
1702 3294 1879 3336 nasci—

128 3345 218 3441 tutr
242 3342 517 3404 Ogygias,
546 3345 876 3390 Hermionen
901 3349 1142 3401 Oceani,
1174 3365 1236 3391 ex
1270 3363 1369 3405 qua
1399 3357 1719 3395 nascuntur
1744 3351 1880 3396 Cha-

131 3411 176 3439 rt
225 3413 296 3441 eS.
