2158 3848
795 231 1245 287 onrnch.
1779 218 1907 281 457

139 371 312 451 Haec
353 367 662 449 excipiunt
700 360 1054 439 Fragmenti
1097 356 1169 417 V.
1196 407 1202 415 .,
1214 376 1429 419 versus
1473 359 1719 422 9-20.
1774 375 1906 438 tum

137 492 200 552 p.
242 469 385 530 726.
425 484 657 528 novum
700 460 901 523 addin
994 501 997 504 «

171 584 260 637 lx,
287 581 378 633 Ἓν
408 576 624 650 κράτος,
654 572 726 637 εἷς
757 574 955 641 δαίμων
985 570 1151 641 γένετο
1183 563 1592 642 μέγας.οὗράνός
1628 571 1815 629 αἴθων.

270 664 326 718 ἓν
362 664 419 716 δὲ
453 662 520 715 τὰ
550 658 719 723 πάντα
749 659 1009 726 τέτυκται,
1047 658 1099 710 ἓν
1133 648 1174 732 ᾧ
1207 654 1327 710 τάδε
1355 654 1523 710 πάντα
1554 662 1806 712 κυκλεῖται

273 754 373 820 πῦρ
405 749 489 800 καὶ
523 746 664 817 ὕδωρ
696 747 778 798 καὶ
808 750 945 814 γαΐα.
1575 751 1580 756 ’
1814 812 1818 816 ,

133 854 205 911 In
247 851 343 910 his
385 849 625 909 laciniis
668 846 826 906 nihil
869 854 981 918 est,
1025 843 1190 925 quod
1217 841 1627 907 Christianam
1672 857 1779 908 aut
1805 853 1910 910 Ju-

136 950 375 1011 daicam
421 950 724 1009 sutrinam
765 946 1078 1019 redoleat,
1121 944 1232 1004 sed
1260 955 1490 1036 ¹contra
1531 967 1745 1009 versus
1789 950 1911 1008 sol-

134 1051 320 1110 lerter
365 1048 695 1121 elaborati,
755 1046 945 1108 verba
1000 1045 1250 1118 decora,
1306 1048 1642 1106 sententiae
1687 1048 1910 1129 Orphi-

137 1152 223 1210 cis
265 1147 434 1210 haud
454 1138 457 1140 ξ
478 1147 818 1221 absimiles3
873 1165 986 1205 nec
1039 1154 1245 1204 tamen
1305 1146 1580 1205 omnium
1623 1165 1739 1227 par
1784 1147 1912 1226 dig-

136 1250 306 1309 natio
352 1257 459 1307 aut
499 1246 665 1306 idem
711 1250 930 1304 ortuS.'
982 1244 1287 1304 Particula
1329 1246 1596 1325 septima
1639 1266 1673 1304 e
1717 1245 1914 1307 Theo-

132 1349 352 1426 goniae
396 1365 652 1427 corpore
692 1347 1080 1424 integerrime
1122 1352 1358 1404 resecta
1396 1354 1489 1404 est
1501 1340 1603 1426 [¹]‚
1637 1345 1914 1409 indidem

132 1448 411 1508 manavit
453 1446 564 1506 sed
607 1448 810 1506 minus
854 1447 1086 1505 sincere
1129 1463 1293 1504 nona
1310 1446 1401 1524 [ἔ].
1461 1444 1732 1507 Octavae
1774 1466 1914 1509 ver-

134 1566 238 1608 sus
293 1546 566 1606 decimus
620 1547 867 1626 quintus
917 1544 1092 1608 Ἐλθὲ
1148 1547 1394 1630 μέγιστε
1437 1549 1613 1618 θεῶν
1655 1546 1914 1613 πάντων

133 1655 397 1730 κρατερῇ
446 1646 568 1709 σὺν
625 1644 866 1731 ἀνάγκῃ
928 1646 1333 1705 certissimum
1386 1644 1682 1706 indicium
1738 1667 1915 1728 prae-

133 1747 238 1806 bet
290 1747 407 1807 hoc
462 1754 664 1804 totum
721 1763 962 1805 carmen
1031 1763 1164 1804 esse
1231 1745 1639 1822 theurgicum,
1711 1749 1915 1826 qualia
2009 1815 2012 1818 ,

133 1857 276 1907 sunt
318 1845 743 1925 Porphyriana
789 1845 1035 1904 oracula
1093 1843 1170 1902 ad
1229 1843 1589 1930 θεανοίγκας
1647 1854 1711 1904 et
1768 1847 1913 1908 evo-'

135 1948 405 2007 cationes
461 1945 806 2024 composita
862 1964 921 2005 v.
978 1943 1046 2002 L.
1101 1945 1147 2002 I.
1206 1942 1258 2024 ξ.
1311 1945 1404 2004 14.
1471 1945 1912 2023 Fragmentum

134 2057 375 2107 sextum
419 2055 546 2105 tam
589 2044 732 2103 huic
773 2045 978 2122 generi
1013 2062 1196 2123 quam
1243 2045 1361 2115 aliiv
1394 2043 1661 2105 adscribi
1690 2056 1915 2126 potest.

135 2144 338 2206 Unum
394 2145 594 2205 adhuc
647 2154 839 2204 restat
904 2145 1215 2204 intactum.
1318 2144 1479 2204 Nam
1535 2147 1916 2225 interpositis

139 2247 263 2305 illis
307 2245 588 2312 versibus
631 2246 740 2314 Εἷς
785 2246 900 2306 ἔστ’
949 2241 1274 2322 αὐτοτελής
1329 2283 1411 2290 -—
1466 2245 1653 2304 infert
1707 2265 1768 2325 p.
1813 2247 1914 2308 64.

141 2347 339 2415 οὕτως
381 2344 498 2426 μὲν
541 2345 619 2424 δὴ
658 2345 955 2427 Ὀρφεὺς,
993 2341 1207 2426 χρόνῳ
1251 2346 1320 2407 τὲ
1357 2369 1502 2408 ποτε
1549 2353 1773 2424 συνῆκε
1810 2372 1918 2410 πε-

137 2446 520 2527 πλανημένος

263 2557 420 2611 ,Ἀλλὰ
454 2555 519 2610 σὺ
548 2555 622 2625 μὴ
653 2556 878 2625 μέλλων,
914 2557 1069 2628 βροτὲ
1103 2555 1448 2627 ποικιλόμητι,
1481 2557 1720 2630 βράδυνε,

276 2641 406 2694 ἀλλὰ
439 2643 855 2711 παλίμπλαγκτος
890 2643 1120 2713 στρέψας
1149 2642 1278 2696 θεὸν
1312 2642 1556 2698 ἱλάσκοιο.

138 2830 296 2888 lingius
326 2830 510 2876 Observ.
542 2828 595 2872 L.
623 2828 684 2871 11.
715 2843 752 2872 c.
784 2827 854 2871 10.
884 2844 926 2887 p.
960 2829 1056 2873 178.
1103 2830 1429 2874 Valentinianos
1459 2836 1614 2889 putant
1643 2832 1767 2875 deum
1798 2845 1918 2875 suum

139 2885 455 2991 ςτητροπάτορα
498 2887 762 2940 nominasse,
805 2902 916 2944 quae
956 2888 1060 2931 mihi
1098 2889 1273 2933 videtur
1311 2906 1461 2948 parum
1493 2898 1613 2934 certa
1644 2891 1918 2946 conjectatiO.

187 2962 254 2990 am
293 2948 462 2991 nomina
503 2946 581 2989 illa
617 2942 909 3007 αὐτοπάτωρ,
940 2944 1242 3009 μητροπάτωρ
1260 2984 1272 3006 ,
1306 2946 1650 3006 αὐτολόχευτος,
1682 2950 1789 2992 trita
1819 2956 1920 2992 sunt

141 3006 187 3049 in
201 3006 555 3059 namneticorum,
585 3004 901 3049 Platonicorum
931 3012 977 3049 et
1006 3007 1249 3063 aequalium
1280 3009 1413 3051 libris.
1441 3010 1496 3050 cf.
1519 3008 1709 3055 Casaub.
1732 3008 1918 3061 Exercc.

143 3063 290 3107 Antib.
332 3078 375 3122 p.
416 3063 486 3107 59.
546 3062 801 3109 Cudworth.
833 3065 952 3120 Syst.
982 3080 1025 3122 p.
1055 3065 1154 3109 350.
1185 3064 1520 3123 Αὐτολόχευτος
1550 3082 1602 3110 ne
1635 3067 1920 3111 Grammatici

144 3122 315 3179 quidem
343 3122 635 3179 repudiarunt.
665 3136 707 3164 v.
739 3122 899 3166 Anecd.
929 3124 1067 3166 Bekk.
1099 3140 1139 3182 p.
1156 3122 1255 3168 466.
1286 3125 1505 3182 Syzygias
1534 3125 1578 3168 in
1601 3126 1737 3184 ipsius
1760 3125 1919 3170 Hesio-

143 3182 189 3224 di
238 3180 491 3237 Theogonia
531 3181 808 3224 adumbratas
849 3181 1030 3226 inveniri
1086 3184 1334 3227 delectabili
1391 3185 1584 3229 acumine
1633 3185 1759 3229 docet
1809 3185 1918 3243 Epi-

144 3239 327 3297 phanius
358 3239 454 3282 adv.
482 3240 619 3283 Haer.
652 3240 700 3281 L.
732 3239 769 3281 I.
801 3238 858 3281 T.
888 3240 942 3283 ΙΙ.
973 3257 1013 3299 p.
1047 3241 1142 3285 164.
1175 3244 1227 3290 Β.

263 3304 331 3364 [f]
363 3322 404 3349 v.
435 3307 543 3367 Cap.
571 3309 623 3351 V.
656 3311 696 3362 §.
731 3307 798 3351 17.
829 3310 885 3352 Ν.
917 3310 1015 3354 vn.

263 3377 327 3432 [S]
362 3392 402 3420 ν.
436 3376 543 3435 Cap.
575 3379 626 3420 V.
657 3382 696 3432 §-
731 3378 797 3421 17.
832 3378 886 3421 Ν.
920 3378 1038 3423 vm.
