2158 3848
225 217 309 278 64
823 224 1058 269 LIBER
1101 226 1410 270 PRIMUS.

227 362 432 444 μένοις
472 384 550 420 τε
575 359 681 420 καὶ
719 360 1064 443 λεγομένοις
1101 361 1221 423 ὑπὸ
1261 367 1390 422 τῶν
1430 360 1838 439 ἱεροφαντῶν,
1883 382 2000 439 μη-

227 462 335 523 δέν
371 484 438 521 τι
481 458 671 540 χείρω
708 459 969 541 νομίσας
1015 460 1253 539 ταύτην
1300 458 1549 521 ἐκείνων
1580 457 1825 537 τελετήν
1870 462 2002 540 (na-

227 569 400 619 turae
430 560 866 639 cognitionem)
909 561 1055 640 μηιΫ
1094 555 1279 638 ἧττον
1313 557 1706 628 ἐνδείξασθαι
1731 558 2003 640 δυναμέ-

224 685 343 739 νην
375 659 415 739 ἢ
453 658 683 741 σοφίαν
727 658 766 736 ἢ
810 657 1112 740 πρόνοιαν
1149 659 1188 736 ἢ
1226 657 1502 739 δύναμιν
1539 665 1651 719 τοῦ
1683 664 1812 719 τῶν
1838 658 2001 720 ὅλων

222 762 624 843 δημιουργοῦ·
672 758 819 835 quin
863 775 948 815 ex
989 755 1259 816 mirabili
1302 758 1574 836 corporis
1611 757 1867 816 humani
1911 756 2003 816 fa-

222 860 391 919 brica
445 866 508 915 et
562 857 838 915 omnium
880 855 1299 915 membrorum
1345 857 1830 916 conformatione
1872 866 2001 916 tam

223 958 305 1018 ad
361 974 542 1016 usum
597 964 746 1034 apta
802 975 988 1034 quam
1044 954 1124 1014 ad
1169 956 1436 1034 speciem
1481 954 1703 1014 decora
1743 965 2002 1016 naturae

219 1059 524 1117 rationem
547 1055 939 1132 intelligentis
968 1056 1164 1116 multo
1198 1055 1417 1114 clarius
1443 1073 1768 1134 apparere:
1799 1057 2001 1118 ἅπαν-

221 1182 319 1227 τες
370 1156 516 1242 γὰρ,
575 1154 657 1224 ὥς
709 1155 880 1237 οἶμαι
893 1203 913 1229 ,
959 1157 1065 1219 καὶ
1098 1157 1228 1217 κατ’
1275 1158 1462 1224 ἔθνος
1501 1154 1607 1216 καὶ
1638 1156 1769 1216 κατ’
1811 1155 1998 1237 ἀριθ-

219 1258 344 1339 μὸν
394 1258 758 1336 ἄνθρωποι,
811 1257 946 1320 ὅσοι
991 1263 1216 1339 τιμῶσι
1265 1255 1455 1324 θεοὺς
1475 1301 1495 1327 ,
1553 1252 1738 1318 οὐδὲν
1784 1254 2000 1336 ὅμοιον

222 1359 468 1438 ἔχουσιν
520 1356 906 1426 Ἐλευσινίοις
961 1381 1027 1418 τε
1076 1356 1182 1418 καὶ
1227 1354 1704 1436 Σαμοθρᾳκίοις
1749 1353 1995 1439 ὀργίοις.

212 1454 546 1538 Ἀμυὸρά
590 1455 730 1536 μέν
779 1481 861 1540 γε
905 1459 1161 1520 ἐκεῖνα
1199 1455 1352 1537 πρὸς
1393 1454 1651 1525 ἔνδειξιν
1687 1449 1778 1518 ὧν
1816 1451 1999 1518 σπεύ-

215 1556 310 1617 δει
353 1551 694 1627 διδάσκειν,
739 1557 966 1640 ἐναργῆ
1010 1554 1080 1618 δὲ
1122 1555 1201 1618 τὰ
1244 1563 1352 1633 τῆς
1394 1552 1638 1637 φύσεώς
1678 1557 1807 1618 ἐστι
1838 1552 1997 1617 ποίν-

214 1667 295 1717 τα
337 1653 405 1711 L.
433 1651 628 1711 XVII.
671 1653 890 1713 1.702.
935 1655 1007 1712 Ε.
1053 1652 1238 1725 Quod
1283 1653 1552 1713 Galenus
1595 1655 1764 1712 nullo
1810 1652 1997 1712 modo

216 1753 514 1819 affirmare
556 1745 880 1831 potuisset,
925 1755 978 1813 si
1001 1753 1467 1833 Hierophantae
1511 1752 1589 1812 de
1632 1772 1876 1813 summa
1905 1751 1998 1812 di-

212 1855 397 1916 vinae
438 1852 661 1910 mentis
703 1853 768 1909 in
811 1852 1128 1912 condendo
1172 1853 1288 1911 hoc
1330 1851 1562 1912 mundo
1596 1854 1902 1931 sapientia
1937 1862 1999 1912 et

212 1957 280 2013 in
323 1948 742 2012 conservando
787 1953 1129 2011 constantia
1169 1952 1410 2031 loquuti
1453 1961 1515 2010 et
1540 1953 1880 2014 rationibus
1916 1952 1996 2013 ad

205 2049 710 2134 *persuadendum
755 2051 1231 2112 accommodatis
1276 2053 1372 2111 usi
1415 2052 1688 2112 fuissent.

1005 2266 1058 2347 ξ.
1146 2268 1204 2327 9.

383 2449 507 2509 Sed
552 2450 812 2509 fortasse
857 2451 1078 2530 aliquis
1123 2452 1429 2529 subjiciat,
1471 2452 1622 2511 haec
1662 2452 1729 2512 in
1766 2450 1989 2530 quibus

213 2550 648 2626 mysteriorum
691 2568 995 2609 summam
1038 2552 1360 2629 ponimus,
1411 2552 1824 2629 precationeS,
1877 2551 1990 2627 hy-

211 2653 421 2722 mnoS‚
477 2667 774 2728 pompaS‚
830 2660 972 2708 non‘
997 2649 1453 2708 Eleusiniorum
1494 2650 1748 2729 propria
1771 2680 1774 2682 -
1796 2648 1989 2713 fuisse

215 2748 605 2808 condimenta
668 2747 780 2808 sed
846 2768 983 2809 cum
1039 2749 1321 2829 omnibus
1378 2752 1563 2810 sacris
1620 2750 1987 2820 communia,

210 2866 408 2929 neque
461 2848 572 2907 illa
627 2857 866 2908 tantum
921 2849 1290 2909 celebritatis
1350 2851 1647 2930 consequi·
1688 2850 1986 2928 potuisse,

210 2950 332 3007 nisi
376 2947 637 3028 quadam
680 2950 1015 3029 praecipua
1059 2958 1121 3007 et
1163 2949 1455 3027 singulari
1499 2948 1644 3008 dote
1685 2949 1986 3014 instructa

206 3047 486 3106 fuissent.
580 3047 718 3108 Hoc
780 3068 930 3109 vero
1000 3048 1235 3109 duabus
1300 3048 1562 3110 solvitur
1625 3048 1983 3108 rationibus.

211 3147 486 3205 Primum
532 3167 687 3227 quae
731 3147 808 3207 de
848 3149 1177 3209 Eleusiniis
1220 3148 1566 3229 percrebuit
1607 3148 1791 3222 fama,
1833 3167 1980 3228 poe-

209 3255 414 3306 tarum
469 3254 531 3305 et
582 3250 1106 3327 panegyristarum
1165 3252 1433 3315 excitata
1487 3258 1579 3308 est
1619 3250 1980 3328 praeconiiS‚

208 3344 426 3424 quibus
467 3346 610 3407 licet
653 3358 714 3408 et
754 3349 1057 3410 familiare
1099 3359 1220 3423 est,
1277 3316 1586 3410 laudando
1632 3349 1839 3409 omnia
1878 3366 1980 3407 ex-
