2158 3848
231 190 358 251 290
681 240 693 254 ,
760 197 996 243 tumn
1037 196 1467 240 SECUNDUS.

232 334 447 395 solent.
533 329 826 403 Sidonius
879 327 953 386 ‹V.
1019 326 1163 386 489.
1227 322 1685 386 Bistonides
1751 320 2053 385 veluti*

234 431 600 496 Ciconum
645 450 805 490 cum
843 429 1050 499 forte
1093 428 1412 506 pruinas
1440 424 1767 503 Ogygiis
1805 440 2007 482 com·

231 534 449 615 plent
511 531 794 590 thiasis
856 538 965 586 etc.
1054 525 1346 602 Virgilius
1405 523 1527 587 Cir.
1587 525 1727 585 168.
1779 542 2011 603 saepe

234 634 449 696 velut
492 629 777 708 gelidis
825 624 1190 685 Ciconum
1235 625 1588 685 Bistonis
1641 627 1720 684 in
1764 625 2012 683 antris

233 733 656 794 bacchatur.
746 724 929 786 ovid.
969 725 1117 783 Met.
1160 723 1269 784 lX.
1300 724 1442 784 641.
1487 725 1862 784 Ismariae
1909 742 2013 780 ce-

234 833 541 892 lebrant
626 827 973 905 repetita
1058 825 1405 883 triennia
1473 824 1831 884 Bacchae.
1930 823 2015 881 Et

234 946 580 1012 quanquam
645 927 920 984 locorum
985 926 1370 1003 ignoratione
1433 940 1869 1004 nonnunquam
1934 921 2015 982 ad

235 1031 547 1092 Haemum
591 1025 877 1085 aberrant
920 1035 982 1085 et
1024 1025 1106 1085 ad
1149 1022 1614 1103 Rhodopeia
1657 1042 1840 1089 saxa
1881 1022 2016 1082 Or-

233 1131 458 1212 pheis
503 1127 851 1188 animata
891 1126 1274 1206 modis[³]‚
1336 1142 1456 1203 quo
1501 1123 1788 1202 Hyginus
1833 1124 2019 1185 etiam

235 1233 587 1308 Lycurgum
641 1226 933 1289 transfert
987 1225 1139 1285 Fab.
1194 1223 1460 1284 XXXII.
1519 1235 1728 1289 tamen
1781 1223 2019 1304 perspi·
2120 1199 2151 1283 ‚¹

235 1350 416 1391 cuum
463 1337 588 1400 est,
633 1346 806 1387 oram
849 1325 1262 1397 maritimam,
1307 1344 1464 1404 quae
1508 1324 1586 1385 ab
1614 1323 1812 1386 Hebri
1844 1323 2019 1384 ostiis
2123 1343 2151 1396 ,ς

236 1430 316 1493 ad
359 1428 625 1489 Pindum
667 1425 1090 1507 protenditur,
1152 1426 1330 1503 quasi
1382 1415 1510 1505 pro
1542 1424 1882 1485 domestico
1925 1442 2020 1483 sa·
2111 1415 2114 1417 ’

238 1548 482 1592 crorum
563 1527 1000 1587 Bacchicorum
1069 1523 1204 1583 solo
1276 1523 1553 1584 habitam
1623 1543 1774 1584 esse.
1884 1522 2022 1598 Qua

238 1632 551 1708 Pangaeus
608 1626 688 1686 ad
745 1646 917 1686 mare
975 1622 1323 1697 descendit,
1410 1623 1661 1684 Edones
1718 1625 1866 1686 olim
1925 1642 2023 1684 co-

237 1732 442 1802 luere,
484 1727 706 1807 quibus
752 1726 1096 1787 communis
1130 1723 1305 1784 fama
1348 1733 1410 1784 et
1433 1724 1781 1803 Lycurgum
1818 1743 2022 1802 regem

240 1841 303 1890 et
356 1828 567 1888 Liberi
626 1828 858 1887 cultum
915 1823 1226 1889 adscribit.
1313 1824 1723 1886 Philostratus
1775 1824 1850 1885 V.
1903 1825 2024 1904 Ap.

241 1929 374 1989 VH.
425 1929 524 1989 ll.
569 1927 715 1987 249.
772 1927 897 1991 κᾶν
950 1925 1221 1989 Ἠδωνοὶ
1273 1924 1314 2003 ἢ
1356 1927 1569 1989 Λυδοὶ
1609 1923 2025 2008 βακχεύωσιν,

243 2032 359 2094 οὐκ
403 2029 677 2097 ἀπιστεῖς
732 2028 816 2098 ὥς
868 2025 1176 2113 γάλακτος
1234 2028 1445 2095 αὐτοῖς
1497 2024 1538 2105 ἢ
1594 2031 1767 2091 οἴνου
1825 2025 2026 2110 πηγὰς

241 2130 279 2209 ἦ
323 2136 402 2215 γῆ
447 2128 686 2191 δίδωσι.
774 2127 967 2187 Silius
1009 2126 1113 2188 IV.
1156 2125 1302 2187 775.
1346 2125 1647 2186 Edonis
1710 2136 1793 2186 ut
1825 2124 2026 2184 Pan—

243 2246 431 2308 gaea
473 2247 736 2307 super,
780 2226 1196 2286 trieteride
1237 2235 1472 2299 mota,
1516 2227 1582 2285 it
1616 2227 1816 2304 juga.
1859 2224 2028 2287 Edo-

242 2349 462 2391 norum
507 2326 742 2408 oppida
766 2324 1060 2388 Crenides
1104 2337 1166 2387 et
1201 2326 1447 2388 Novem
1473 2326 1627 2386 Viae
1669 2325 1892 2387 iisdem
1933 2346 2028 2386 re-

243 2429 575 2508 ligionibus
617 2427 892 2487 imbutae
933 2429 1135 2502 fuere3
1181 2427 1347 2507 quod
1391 2427 1662 2488 ostendit
1698 2445 1878 2488 mons
1922 2445 2030 2487 au-

244 2529 393 2590 rifer
450 2546 637 2607 super
679 2527 982 2608 Philippis
1025 2528 1265 2587 Baccho
1312 2539 1716 2598 consecratus.
1774 2546 1836 2589 v.
1879 2527 2029 2587 Lar-

249 2629 406 2690 cher.
451 2626 534 2687 ad
575 2626 850 2688 Herodo.
894 2627 965 2687 T.
1007 2627 1111 2687 IV.
1154 2647 1216 2707 p.
1265 2627 1402 2687 196.
1448 2636 1512 2685 et
1535 2627 1847 2705 Thyiades
1876 2626 2028 2687 Am-

247 2728 708 2810 phipolitanae,
752 2745 902 2807 quas
945 2726 1344 2788 Dioscorides
1387 2727 1506 2808 Ep.
1537 2726 1889 2787 XXXVIII.
1933 2747 2028 2787 ce-

249 2828 448 2888 lebrat
490 2846 630 2892 cum
673 2836 890 2908 aperto
944 2829 1316 2889 solemnium
1360 2829 1824 2906 orgiasticorum
1866 2825 2030 2886 indi-

254 2931 367 2989 ci0.
453 2926 695 2989 Eodem
737 2937 975 3010 spectat
1015 2928 1172 2989 illud
1213 2928 1383 3012 ἱερὸν
1423 2936 1530 3009 τῆς
1564 2929 1829 3012 ΙἉητρὸς
1862 2927 2030 2996 Ῥέας

253 3027 570 3112 κιβώτιον,
615 3029 783 3111 quod
805 3029 1037 3107 Phyllis
1063 3031 1222 3109 regis
1243 3029 1616 3091 Bisaltarum
1632 3026 1703 3109 [δ]
1749 3029 1877 3090 filia
1902 3027 2028 3087 De-

371 3212 436 3269 [2]
469 3210 696 3257 Claudian.
727 3213 782 3257 de
810 3213 892 3258 111.
923 3213 1052 3258 Cous.
1082 3213 1197 3257 Hon.
1225 3229 1267 3258 v.
1299 3211 1396 3257 114.

371 3296 435 3355 [b]
466 3298 690 3344 Sithonem
728 3306 858 3346 vocat
897 3301 1022 3346 Serv.
1062 3302 1170 3346 Aen.
1212 3302 1265 3344 V.
1308 3301 1375 3343 10.
1416 3300 1626 3356 Phyleum
1665 3299 1857 3342 Gramm.
1886 3294 2026 3338 Bekk.

235 3370 295 3412 P·
325 3356 426 3399 251·
468 3359 580 3415 quod
621 3374 773 3404 nomen
812 3361 857 3404 in
898 3359 1040 3418 Epist.
1070 3361 1238 3405 Socrat.
1267 3359 1405 3405 XXX.
1434 3374 1478 3416 p.
1506 3358 1578 3403 86.
1609 3357 1746 3401 Orell.
1783 3360 1828 3399 et
1855 3354 1899 3397 in
1930 3368 2027 3397 cor-
