2158 3848
778 229 1237 275 ORPHIOA.
1776 222 1900 283 339

113 367 386 445 primum
440 363 681 421 occasio
737 359 882 418 data
937 358 1083 431 erit,
1143 357 1585 433 indicabimus,
1649 366 1902 445 ejusque

116 468 301 525 etiam
344 463 679 521 sententias
721 460 963 538 aliquot
1015 459 1081 517 in
1125 460 1386 517 transitu
1435 460 1626 519 affert=-
1652 480 1776 520 non
1820 465 1901 523 ad

112 565 293 624 fidem
350 561 656 629 dictorum
721 557 834 618 sed
900 559 1200 618 orationis
1257 557 1660 619 illustrandae
1718 581 1901 621 causa

112 673 175 723 et
227 679 668 741 nonnunquam
724 657 1007 718 irridens,
1094 659 1429 719 Auctorem
1489 660 1678 720 modo
1731 670 1901 721 recta

114 762 432 843 Orpheum
477 761 757 841 appellat
772 754 847 841 [¹]
906 759 1094 819 modo
1147 760 1298 829 τοὺς
1356 761 1523 843 ἀμφὶ
1558 763 1802 845 Ὀρφέα
1818 759 1898 844 [⁵¹]

112 863 356 940 vulgari
399 862 603 921 famae
658 881 772 920 nec
827 859 1129 937 derogans
1186 858 1519 939 quidquam
1576 881 1689 922 nec
1732 881 1901 923 arro-

109 980 274 1040 gans.
361 961 728 1023 Aristoteles
790 970 998 1020 autem
1064 961 1130 1018 in
1198 955 1481 1019 veterum
1548 964 1900 1041 sapientum

108 1062 369 1122 decretis
414 1062 649 1142 Orphei
700 1070 996 1140 poemata
1048 1057 1218 1117 haud
1271 1063 1714 1138 praetermittit
1767 1065 1898 1142 qui-

109 1162 284 1236 dem,
328 1162 469 1235 sed,
513 1169 584 1221 ut
626 1159 1123 1220 commenticium
1170 1178 1328 1238 opus
1373 1158 1681 1238 designet,
1739 1172 1898 1221 s‘em-

107 1283 221 1342 per
274 1263 352 1326 τά
407 1259 762 1343 καλούμενα
808 1260 1097 1342 Ὀρφέως
1164 1262 1274 1339 ἔπη
1330 1260 1435 1321 vel
1487 1261 1568 1323 τὰ
1619 1263 1896 1346 Ὀρφικοὶ

105 1358 458 1443 καλούμενα
502 1363 612 1440 ἔπη
656 1361 938 1419 nominat
953 1357 1046 1440 [k].
1134 1359 1530 1438 Singulorum
1556 1364 1896 1422 carminum

102 1470 348 1542 praeter
391 1461 641 1521 oracula
683 1461 857 1520 nulla
899 1459 1102 1520 adhuc
1138 1463 1380 1523 notatio
1426 1470 1535 1521 aut
1580 1461 1895 1522 distinctio
1935 1448 1937 1450 ¹

106 1561 617 1642 deprehenditur,
660 1562 797 1623 sive
839 1559 1008 1642 quod
1051 1561 1175 1634 illi,
1219 1580 1374 1642 quos
1415 1565 1897 1636 nominaxdmuS‚

103 1681 232 1721 non
273 1671 582 1724 noverant
623 1662 764 1742 plus
809 1679 964 1734 uno,
1010 1662 1145 1722 sive
1190 1664 1334 1742 quia
1359 1659 1573 1722 Critici
1615 1663 1892 1723 nondum

104 1781 218 1822 suo
244 1762 531 1843 quodque
555 1762 740 1821 titulo
782 1762 1244 1839 insigniverant.
1332 1762 1574 1820 Primus
1619 1765 1898 1822 omnium

105 1855 423 1934 Eudemus
456 1862 901 1942 Peripateticus
945 1860 1231 1921 distincte
1260 1860 1665 1939 Theologiae‚
1709 1862 1777 1921 id
1806 1873 1900 1922 est

105 1963 531 2040 Theogoniae,
586 1962 967 2021 mentionem
1009 1961 1190 2034 fecit,
1247 1969 1318 2020 ut
1362 1950 1623 2021 tes‘tatur
1666 1962 1898 2024 Dama-

103 2065 268 2123 scius
324 2061 575 2136 Quaest.
629 2073 694 2144 p.
747 2062 892 2123 382.
946 2062 986 2142 ἡ
1040 2061 1213 2144 παρὰ
1270 2070 1361 2144 τῷ
1417 2068 1897 2149 Περιπατητικῷ

107 2162 386 2245 Εὐδήμῳ
400 2160 502 2245 [¹3⁸]
549 2164 1072 2250 ἄναγεγραμμένη
1119 2162 1204 2232 ὥς
1255 2170 1371 2225 τοῦ
1406 2164 1695 2246 Ὀρφέως
1737 2163 1898 2228 οὖσα

103 2263 436 2348 θεολογία,
478 2282 661 2342 quem
705 2264 910 2323 locum
953 2262 1117 2322 infra
1139 2264 1575 2342 propositurus
1619 2282 1760 2325 sum
1804 2267 1898 2324 in-

104 2373 364 2442 tegrum.
451 2361 575 2423 Hic
625 2382 779 2425 vero
833 2362 1155 2423 Eudemus
1214 2362 1561 2422 indubitate
1632 2375 1727 2424 est
1791 2366 1898 2424 ille

103 2461 528 2550 γνησιώτατος
582 2471 716 2528 τῶν
771 2464 1226 2549 Ἀριστοτέλους
1293 2456 1560 2546 ἑταίρων
1616 2466 1893 2546 Simplic.

16 2638 19 2655 ἲ
103 2564 186 2624 ad
229 2565 412 2625 Ausc.
454 2564 561 2624 ΠΙ.
617 2563 719 2624 93.
761 2563 821 2624 b.
877 2565 1053 2644 cujus
1109 2565 1308 2626 vitam
1372 2566 1618 2645 scripsit
1658 2566 1894 2626 Dama-

16 2662 20 2713 ἰ
102 2666 264 2726 scius
321 2664 539 2746 Simpl.
593 2663 632 2723 l.
692 2684 741 2725 c.
795 2664 900 2725 VI.
958 2664 1103 2726 216.
1159 2664 1233 2725 cf.
1291 2662 1542 2725 Jonsius
1597 2666 1701 2727 IV.
1747 2666 1891 2728 253.

143 2912 147 2914 ἓ
223 2848 289 2908 [ἰ]
320 2851 460 2908 Legg.
490 2850 551 2894 11.
582 2849 684 2894 669.
716 2849 768 2893 C.
800 2848 971 2908 Cratyl.
1002 2847 1105 2894 402.
1137 2850 1191 2894 Β.
1223 2850 1394 2896 Phileb.
1429 2851 1501 2895 66.
1534 2851 1590 2894 D.

224 2925 294 2987 [ἢ]
322 2931 503 2988 Protag.
534 2929 636 2974 316.
667 2930 724 2974 D.
757 2930 927 2987 Cratyl.
957 2926 1060 2974 400.
1092 2930 1146 2974 C.

227 3003 297 3064 [k]
328 3008 396 3054 De
424 3010 563 3054 Anim.
596 3010 633 3054 I.
664 3006 766 3054 485.
796 3009 851 3055 B.
883 3008 938 3054 de
969 3012 1132 3055 Gener.
1165 3011 1306 3056 Anim.
1338 3011 1399 3054 ΙΙ.
1435 3011 1474 3053 1.
1507 3009 1606 3051 816.
1638 3007 1692 3052 F.

228 3085 337 3144 [kk]
355 3090 680 3146 Aper-tissimum
709 3089 861 3134 vitium
890 3086 1086 3143 εὐδήλως
1116 3106 1194 3149 pro
1223 3087 1423 3148 Εὐδήμῳ
1449 3090 1537 3145 jam
1569 3088 1725 3130 dudum
1756 3089 1892 3132 tacite

108 3151 360 3190 correxerat
386 3148 662 3193 Jahlonnkius
690 3149 848 3194 Panth.
879 3149 933 3193 L.
965 3150 1002 3193 I.
1031 3165 1076 3207 p.
1112 3151 1181 3194 12.
1212 3164 1267 3192 ex
1298 3150 1493 3205 professo
1524 3148 1889 3203 Wyttenbachius

17 3194 20 3226 ἶ·
107 3204 223 3247 Bibl.
255 3205 366 3249 erit.
395 3206 494 3251 vol.
522 3208 584 3251 11.
615 3208 668 3251 P.
698 3207 760 3251 ΙΙ.
792 3218 835 3265 p.
865 3208 936 3252 89.
979 3209 1052 3265 qui
1080 3208 1264 3252 Eudemi
1292 3207 1542 3250 Historiam
1560 3206 1834 3262 Astrologiae
1865 3221 1891 3249 a

19 3267 20 3270 ’
107 3263 339 3307 Damascio
375 3271 621 3324 excerptam
691 3271 802 3309 utat.
872 3266 1125 3311 Damascius
1162 3269 1256 3325 ipse
1298 3281 1340 3323 p.
1372 3265 1472 3310 883.
1511 3262 1732 3324 Εὐδήμου
1760 3267 1889 3310 ἱστο-

14 3347 20 3367 }
109 3326 214 3378 ρίαν
255 3323 472 3380 appellat,
504 3324 623 3369 'unde
703 3324 874 3370 roculus
913 3326 1116 3371 nonnulla
1144 3326 1198 3370 'de
1228 3325 1427 3370 Thaletis
1456 3324 1643 3368 inventis
1674 3325 1807 3367 affert
1843 3325 1887 3367 in

18 3378 21 3389 ²
107 3381 278 3426 Euclid.
310 3397 354 3440 p.
383 3383 456 3426 79.

1386 3422 1472 3527 22'
1514 3469 1549 3506 *
