2158 3848
213 179 336 241 556
741 194 1455 241 LlssnnssscuNnus

349 324 532 384 Κῶνος
564 323 648 374 καὶ
682 319 878 392 ῥόμβος
909 323 992 374 καὶ
1026 322 1233 392 παίγνια
1263 324 1602 395 καμπεσίγυια

347 404 488 478 μῆλά
517 429 571 460 τε
600 405 796 478 χρύσεα
829 406 960 459 καλὰ
996 406 1114 477 παρ’
1141 404 1465 480 Ἐσπερίδων
1501 407 1816 482 λιγυφώνων.

210 540 335 603 Καὶ
374 539 553 619 τῆςὸε
595 545 703 616 τῆς
744 543 984 614 τελετῆς
1029 534 1316 620 σύμβολα
1357 539 1766 627 ἀστράγαλος,
1813 541 1991 624 στρό-

205 643 411 723 βιλος,
474 642 744 719 σφαῖρα,
801 643 1000 716 μῆλα,
1057 634 1323 719 ῥόμβος,
1380 642 1706 723 ἔςοπτρον,
1774 641 1991 712 πόκος·

206 739 285 799 de
341 756 462 818 quo
520 744 655 795 toto
711 735 849 793 loco
895 735 1166 795 exactius
1223 737 1500 798 tradetur
1557 742 1623 800 in
1678 739 1826 822 Cap.
1883 741 1994 801 IX.

205 840 269 898 P.
330 838 406 898 Π.
491 836 646 895 Rem
709 836 913 916 ipsam
974 837 1186 914 paucis
1248 839 1674 918 complectitur
1737 841 1994 903 Nonnus

205 940 436 1020 Expos.
480 938 546 997 in
593 937 844 1014 Gregor.
904 933 1006 994 Or.
1051 935 1154 995 IV.
1211 931 1354 998 530.
1410 937 1480 998 T.
1533 940 1610 999 ΙΙ.
1674 941 1992 1002 Proser-

204 1041 393 1120 pina
448 1057 536 1097 ex
590 1034 784 1099 Jove
837 1035 1199 1097 Liberum
1242 1038 1542 1099 Patrem
1601 1042 1993 1120 concepit,

205 1159 422 1220 quem
466 1138 936 1217 simulatque
977 1139 1059 1197 in
1100 1138 1346 1198 lucem
1387 1138 1652 1201 editus
1697 1151 1842 1214 est,
1876 1140 1992 1200 Ti-

204 1249 458 1313 tanes,
544 1239 671 1318 qui
734 1237 1226 1298 daemoniaci
1287 1239 1594 1319 quidam
1669 1240 1992 1300 ordines

204 1348 414 1413 su'nt,
457 1336 819 1399 invidiae
864 1348 1130 1398 oestro
1174 1342 1498 1419 perciti,
1546 1343 1908 1421 quoniam
1953 1360 1991 1400 a

202 1439 397 1500 Jove
440 1446 905 1518 procreatus
951 1447 1191 1512 esset,
1238 1438 1668 1499 crudeliter
1707 1439 1991 1511 discer-

202 1547 562 1621 pserunt3
608 1537 752 1596 alii
795 1535 1127 1597 ,Iunonis
1170 1539 1651 1618 impulsione
1693 1558 1733 1599 a
1775 1538 1989 1599 Tita—

200 1640 430 1700 nibus
473 1639 903 1698 laceratum
950 1657 1120 1698 esse
1177 1637 1617 1713 affirmant,
1676 1657 1857 1720 quem
1899 1639 1991 1698 lo-

203 1760 343 1802 cum
386 1757 678 1822 perverse
720 1741 1081 1821 perscripsit
1117 1739 1398 1801 Eudocia
1439 1761 1500 1822 p.
1553 1736 1691 1800 125.

966 1936 1019 2020 §·
1107 1940 1207 2001 31.

373 2112 571 2187 Quam
617 2113 858 2172 fortiter
901 2123 1108 2172 autem
1151 2112 1416 2190 Zagreus
1458 2111 1748 2172 Titanum
1792 2114 1987 2193 impe-

201 2225 333 2275 tum
377 2214 674 2295 repulerit
719 2223 781 2272 et
825 2215 1063 2292 quoties
1106 2215 1469 2272 interemtus
1507 2214 1704 2274 vitam
1745 2233 1989 2294 recepe-

199 2317 311 2388 rit,
355 2315 707 2394 formasque
750 2315 1120 2386 variaverit,
1175 2313 1432 2374 Nonnus
1476 2314 1515 2373 1.
1557 2335 1605 2374 c.
1649 2305 1987 2374 multorum

200 2433 492 2475 versuum
536 2414 776 2474 ambitu
821 2414 1100 2473 enuntiat

328 2545 500 2601 ’Ένθα
534 2547 874 2614 ὃιχαζομένων
904 2547 1096 2613 μελέων
1133 2551 1311 2614 Τιτῆνι
1346 2545 1539 2619 σιδήρῳ

340 2633 504 2704 τέρμα
538 2634 657 2698 βίον
689 2629 948 2692 Διόνυσος
979 2631 1106 2698 ἔχων
1139 2628 1503 2700 παλινάγρετον
1536 2630 1697 2701 ἀρχὴν

339 2717 602 2789 ἀλλοφυὴς
630 2722 897 2788 μορφοῦτο
931 2716 1243 2786 πολυσπερὲς
1273 2712 1407 2777 εἷὸὀς
1442 2715 1681 2783 ἀμείβων.

197 2848 386 2910 modo
431 2849 658 2923 leonis,
701 2846 890 2908 modo
934 2848 1126 2920 tauri,
1170 2864 1316 2906 mox
1360 2845 1618 2925 tigridis,
1661 2854 1794 2906 tum
1841 2850 1979 2927 equi

197 2952 618 3032 serpentisque
662 2949 930 3030 speciem
974 2947 1260 3013 induens:

341 3085 445 3136 Καὶ
482 3089 655 3153 ψυχῆς
691 3079 994 3155 προμάχιζεν
1031 3082 1126 3142 ἕως
1162 3078 1401 3150 ζηλήμονι
1439 3085 1606 3153 λαιμῷ

342 3170 619 3239 τρηχαλεόν
653 3169 866 3237 μύκημα
899 3166 974 3221 δι’
1014 3166 1163 3236 ἠέρος
1199 3165 1407 3237 ἔβρεμεν
1433 3165 1590 3237 ’Ἡρη

342 3257 424 3306 καὶ
462 3255 665 3323 θρασὺς
700 3253 894 3308 ὤκλασε
931 3257 1144 3319 ταῦρος,
1193 3251 1454 3320 ἀμοιβαῒοι
1490 3252 1546 3303 δὲ
1583 3258 1768 3323 φονῆες

341 3346 609 3411 τανροφυῆ
645 3337 902 3395 Διόνυσον
940 3335 1297 3406 ἕμιστύλλοντο
1334 3339 1578 3409 μαχαίρῃ.
