2158 3848
832 201 1307 253 οιιΡΗιοᾼ.
1818 191 1945 252 729

251 352 254 353 ’
300 332 473 399 εἵμασι
511 325 826 391 παλλεῦκοις,
865 327 975 397 περὶ
1014 328 1168 380 ποσσὶ
1205 327 1262 379 δὲ
1290 329 1679 398 χρυσοπέδιλος,

303 413 438 485 ἄμφὶ
475 416 533 468 δὲ
567 419 632 490 τῇ
673 409 802 482 ζώνῃ
839 412 1034 478 δολιχοὶ
1069 410 1353 482 προθέουσι
1387 409 1676 486 δράκοντες.
1774 455 1776 457 >

161 514 386 575 Euseb.
446 515 668 594 Praep.
718 513 835 572 Ev.
894 511 966 571 V.
1024 513 1167 573 220.
1223 529 1310 592 sq.
1364 511 1618 594 Niceph.
1673 517 1739 574 in
1796 517 1945 594 Syn.

158 635 221 696 p.
267 614 410 675 363.
453 612 630 674 Haec
671 596 884 672 autem
928 622 1261 694 praecepta
1303 611 1384 672 ad
1429 615 1948 675 consecrationem

161 724 505 774 statuarum
562 721 843 794 spectant
900 713 1068 787 sive,
1131 722 1199 772 ut
1241 712 1335 772 illi
1379 723 1605 774 vocant
1647 715 1796 775 artis
1837 733 1950 774 nu-

160 815 434 892 gatoriae
477 814 791 892 magistri,
836 812 1220 896 καθίδρυσιν
1265 812 1668 896 συμβολικήν.
1745 814 1951 893 Sym-

154 914 342 974 bola
386 915 551 973 enim
599 914 892 992 cujusque
938 911 1039 972 dei
1082 922 1382 973 vocantur
1425 915 1688 991 insignia
1703 910 1812 996 [b],
1857 935 1950 975 ar-

161 1033 266 1074 cus
319 1013 632 1094 Apollinis
649 1056 666 1086 ‚
726 1011 940 1072 Liberi
993 1012 1193 1072 Patris
1247 1012 1483 1087 nebris,
1527 1013 1816 1074 Mercurii
1846 1025 1950 1077 *ta-

158 1115 346 1188 laria‚
413 1125 475 1172 et
509 1103 730 1172 'cetera
775 1111 854 1170 de
900 1111 1122 1190 quibus
1166 1111 1343 1169 Philo
1389 1110 1468 1169 de
1509 1111 1652 1189 Leg.
1697 1113 1776 1172 ad
1823 1107 1950 1193 Caj.

159 1235 220 1293 p.
250 1211 434 1272 1005.
483 1213 555 1270 E.
598 1213 678 1273 τὰ
722 1210 1026 1294 περίαπτα
1069 1217 1270 1271 ταῦτα
1314 1210 1420 1271 καὶ
1461 1212 1954 1296 προκοσμήματα

157 1310 402 1383 ξοάνοις
455 1312 562 1373 καὶ
606 1308 924 1396 ἀγάλμασι
966 1307 1509 1393 προςκαθιὸρυται
1553 1312 1660 1375 διὰ
1708 1313 1951 1415 συμβό-

157 1421 286 1475 λων
349 1408 673 1494 μηνύοντα
728 1410 842 1480 τὰς
902 1408 1236 1491 ὠφελείας,
1302 1411 1378 1481 ἃς
1432 1413 1807 1495 παρέχονται
1860 1424 1951 1498 τῷ

156 1512 318 1597 γένει
368 1518 500 1575 τῶν
559 1507 959 1592 ἀνθρώπων..
1018 1527 1283 1588 quorum
1342 1524 1568 1571 causae
1618 1520 1764 1572 ante
1809 1532 1950 1574 ocu-

156 1612 251 1670 los
306 1612 551 1690 positae
608 1619 768 1669 sunt.
886 1609 1279 1669 Recentiores
1336 1619 1543 1671 autem
1602 1611 1950 1692 Sophistae,

158 1710 240 1770 acl
298 1712 509 1770 omnia
563 1727 720 1789 quae
774 1718 943 1768 recta
997 1719 1060 1768 et
1116 1710 1424 1789 simplicia
1466 1722 1610 1771 sunt
1649 1724 1967 1774 nausean-'

104 1828 108 1835 ’
159 1820 286 1883 tes,
329 1807 678 1869 reconditas
723 1808 1020 1890 quasdam
1065 1810 1285 1868 horum
1332 1815 1834 1872 ornamentorum
1868 1815 1953 1873 si-

158 1908 542 1969 militudines
611 1919 672 1968 et
737 1910 1212 1986 significationes
1279 1912 1635 1970 commenti*
1678 1920 1825 1972 sunt
1888 1922 1952 1972 et

161 2009 348 2069 ducta
393 2028 469 2068 ex
501 2009 597 2068 his
633 2007 893 2070 deorum
927 2009 1147 2084 illicia3
1194 2009 1425 2089 quippe
1458 2030 1570 2090 per
1601 2011 1753 2072 haec
1785 2029 1953 2088 sym-

159 2110 307 2170 bola
360 2110 585 2170 statuis
641 2127 918 2189 appensa
972 2110 1082 2170 has
1137 2110 1306 2190 ipsas
1363 2115 1538 2189 quasi
1581 2113 1847 2172 animari
1890 2122 1953 2173 et

162 2208 379 2271 divino
423 2208 984 2290 numineimpleri.
1031 2209 1134 2269 Sic
1178 2209 1459 2269 Zosimus
1500 2208 1572 2269 V.
1617 2210 1717 2270 41.
1762 2230 1950 2292 quum

159 2319 470 2370 narrasset
521 2310 832 2370 Romanos
886 2292 970 2369 ab
1027 2308 1274 2369 Alarico
1320 2309 1602 2370 obsessos
1644 2310 1954 2372 redimen-

162 2409 279 2470 dae
333 2411 551 2471 salutis
608 2428 797 2470 eausa
841 2408 1098 2468 deorum
1143 2418 1379 2469 statuas
1423 2410 1730 2491 expilasse
1775 2431 1951 2473 orna-

164 2519 356 2591 tuque
422 2529 537 2571 suo
606 2511 876 2583 exuisse,
942 2500 1390 2569 miserabiliter
1438 2510 1816 2571 lamentatur
1869 2513 1950 2576 τὰ

159 2617 429 2681 τελεταῖς
494 2610 700 2696 ἁγίαις
724 2682 726 2684 ,
754 2609 1270 2693 καθιδρυθέντα,
1340 2611 1788 2691 ἐλαττωθείσης
1841 2620 1950 2692 τῆς

281 2765 346 2824 [b]
379 2766 578 2810 Laureae
608 2779 792 2809 coronae
821 2765 1075 2823 Apollinis
1062 2766 1326 2822 msignia
1355 2765 1513 2809 sustin.
1544 2766 1666 2809 VIII.
1690 2765 1738 2810 2.
1770 2768 1949 2823 thyrsus

163 2833 210 2867 et
249 2825 395 2868 nebris
423 2824 587 2867 Bacchi
616 2824 747 2867 Ovid.
779 2824 887 2868 Met.
914 2825 989 2868 VI.
1020 2823 1120 2867 598.
1160 2824 1440 2880 Insignia
1471 2823 1837 2896 alienigenae
1866 2839 1948 2868 re-

162 2883 416 2953 ligionis
449 2883 593 2926 valer.
625 2882 747 2925 Max.
777 2883 877 2926 vll.
908 2882 949 2926 3.
968 2883 1008 2925 8.
1040 2889 1139 2926 sunt
1169 2882 1340 2926 babitus
1369 2882 1523 2935 Isiaci3
1552 2881 1607 2926 τὰ
1637 2879 1843 2942 σύμβολα
1872 2887 1949 2940 τῆς

164 2937 408 2998 ἱερωσύνης
446 2941 619 2984 Heliod.
660 2941 762 2983 VII.
791 2942 834 2984 8.
863 2941 966 2984 266.
1009 2941 1096 2985 Sed
1128 2942 1237 2984 haec
1266 2946 1447 2999 aperta3
1476 2941 1699 2985 obscurius
1727 2941 1859 2985 illud·
1890 2943 1947 2986 ad

168 2999 442 3042 Coriolanum
484 2998 741 3057 placandum
780 3000 1002 3043 mittuntur
1041 3003 1177 3057 ἱερεῖς
1205 3001 1283 3042 καὶ
1310 3003 1366 3043 θε
1398 3002 1589 3043 απευταὶ
1617 3002 1742 3044 θεῶν
1770 3002 1949 3059 ἔχοντες

167 3055 264 3116 ἅμα
294 3056 444 3107 αὐτοῖς
473 3060 565 3102 τῶν
593 3059 718 3102 θεῶν
747 3056 801 3102 τὰ
831 3054 1051 3118 σὺιιβολα.
1083 3059 1209 3101 Dion.
1239 3057 1340 3100 Hal.
1413 3058 1495 3101 111.
1524 3058 1594 3102 88.
1624 3017 1945 3103 Antistites

167 3129 464 3160 sacrorum
504 3141 560 3148 —
604 3100 1129 3174 potentissimorum
1170 3117 1326 3159 deum
1357 3117 1779 3173 proferebant
1766 3117 1943 3174 1nsig—

166 3189 260 3217 nes
289 3173 531 3217 exuvias
562 3175 731 3232 Apulej.
762 3175 869 3219 Met.
897 3175 973 3219 xl.
1003 3175 1104 3219 245.
1135 3183 1180 3217 et
1209 3175 1263 3216 de
1294 3175 1406 3218 Gen.
1436 3175 1560 3222 Socr.
1591 3174 1689 3219 684.
1720 3176 1943 3220 deorum

167 3231 416 3287 effigies
455 3239 511 3274 et
549 3234 799 3277 exuvias.
858 3233 1037 3278 erstus
1085 3234 1337 3286 Thensa‚
1381 3234 1705 3278 vehiculum
1749 3246 1943 3290 argen

166 3298 344 3343 teum,
387 3304 491 3346 quo
522 3291 747 3335 deorum
780 3293 1025 3335 exuviae
1055 3293 1109 3335 in
1142 3292 1350 3335 circum
1383 3292 1448 3336 ad
1480 3294 1751 3349 pulvinar
1782 3295 1943 3337 vehe

168 3351 392 3395 bantur.
464 3348 549 3394 Hic
586 3348 772 3394 dilucide
814 3349 1019 3407 imagines
1060 3351 1300 3408 significat,
1343 3364 1421 3395 nec
1451 3351 1600 3397 dubito
1631 3352 1683 3397 de
1714 3353 1939 3410 prioribus
