2158 3848
213 178 339 238 696
768 186 1004 233 mssa
1047 189 1474 234 SECUNDUS.

214 320 420 401 Apoll.
465 319 624 380 VIII.
668 318 726 378 7.
771 317 913 379 341.
1006 317 1242 398 Hisque
1297 318 1717 400 supplicatura
1764 320 1988 401 Spar-

215 420 321 479 sis
375 418 651 488 Medea¹
697 419 1013 499 capillis
1068 417 1588 480 Bacchantum
1642 421 1802 480 ritu
1856 420 1993 480 ssa—

216 507 532 596 gr-antes
601 521 878 579 circuit
944 535 1119 576 aras
1186 515 1368 579 ovid.
1439 519 1799 582 Met.·v11.t
1839 518 1987 593 257.

216 616 389 692 Quae
433 619 642 678 omnia
695 636 769 675 eo
827 617 1182 688 conferunt,
1239 627 1306 676 ut
1360 618 1635 679 fabulam
1695 621 1995 692 tetricam,

215 738 399 800 quam
456 717 886 777 Onomacritus
943 723 1328 777 commentus
1386 728 1510 792 est,
1566 721 1754 780 sacris
1799 717 1998 796 Cybe-

215 821 310 878 lae
379 816 751 896 Sabaziique
818 815 1233 896 piacularibus
1300 817 1613 897 imprimis
1672 821 2000 882 convenire

213 915 552 976 credamus.
651 916 929 976 Tertium
987 926 1410 994 argumentum
1456 936 1494 977 a
1537 918 1875 979 Plutarchov
1906 940 2001 990 re-

212 1026 393 1096 peto,
437 1017 543 1095 qui
586 1016 910 1094 religiones
954 1016 1282 1094 Phrygias,
1326 1016 1737 1100 Aegyptiacas
1781 1026 1860 1077 et·
1888 1017 2001 1078 01„

212 1117 424 1195 phicas
468 1117 558 1175 ita
600 1117 944 1195 componit,
989 1125 1057 1175 ut
1102 1135 1206 1176 eas
1249 1116 1452 1191 luctu,
1506 1120 1811 1199 strepitu,
1858 1118 2002 1179 hor-

213 1233 354 1274 rore
397 1215 518 1289 sibi
562 1215 908 1278 simillimas
953 1235 1086 1276 esse
1131 1215 1437 1275 ostendat.
1481 1217 1643 1277 Nam
1685 1219 1753 1278 in
1783 1217 2002 1299 dispu-

214 1318 451 1375 tatione
494 1317 636 1388 illa,
682 1334 867 1394 quam
913 1314 990 1374 de
1033 1326 1256 1376 natura
1299 1311 1671 1377 daemonum
1714 1319 2004 1402 instituit,

215 1417 303 1474 sic
358 1422 848 1492 argumentatur,
907 1435 1298 1495 quoscunque
1354 1416 1502 1476 deos
1558 1427 1783 1496 poetae
1823 1416 2003 1479 indu-

216 1524 355 1574 cant
423 1515 820 1590 altercantes,
889 1525 1270 1589 moe1·enteS‚
1342 1515 1800 1597 delinquentes,
1878 1535 2006 1578 non

215 1615 365 1675 deos
423 1634 557 1676 esse
611 1615 722 1675 sed
776 1615 1109 1676 daemones
1168 1612 1608 1697 cupiditatibus
1649 1627 1726 1680 *et
1780 1617 2005 1679 affecti-

214 1715 329 1775 bus
387 1715 689 1777 obnoxios
746 1736 859 1777 nec
913 1718 1026 1777 fati
1086 1717 1810 1792 necessitatesexemtos',
1865 1718 2007 1778 hos-

217 1836 334 1896 que
400 1817 566 1877 solos
627 1818 884 1895 jejuniis
923 1805 1174 1898 'placari
1234 1827 1296 1877 et
1346 1817 1696 1897 planctibus
1755 1828 1819 1877 et
1870 1836 2007 1878 san-

216 1918 397 1994 guine
439 1918 852 1980 victimarum.
926 1916 1125 1991 Quam
1169 1920 1534 1977 sententiam
1580 1937 1619 1979 a
1661 1918 2006 1978 Xenocrate

216 2019 605 2097 propositam
651 2036 784 2094 esse
828 2035 953 2076 non
995 2021 1189 2078 nescit
1205 2018 1278 2098 [⁰]
1322 2016 1435 2083 sed,
1477 2017 1645 2076 unde
1686 2027 1887 2078 ortam
1916 2016 2005 2077 di-

218 2127 349 2191 cat,
403 2116 674 2177 dubitat:
731 2122 846 2180 εἴτε
902 2116 1159 2203 Μάγων
1214 2126 1345 2181 τῶν
1400 2118 1540 2202 περὶ
1582 2116 2004 2201 Ζωροάστρην
2058 2188 2061 2191 ,

218 2219 251 2280 ὅ
321 2215 501 2303 λόγος
571 2213 751 2288 οὗτος
823 2218 990 2282 ἐστὶν
1057 2223 1173 2280 εἴτε
1237 2215 1499 2301 Θρᾴκιος
1555 2220 1655 2281 ἀπ’
1709 2219 2007 2302 Ὀρφέως,

218 2320 320 2382 εἴτ’
366 2310 709 2404 Αἰγύπτιος
760 2316 799 2397 ἢ
859 2316 1172 2405 Φρύγιος,
1231 2317 1313 2388 ὥς
1356 2316 1823 2403 τεκμαιρόμεθα
1867 2322 2008 2381 ἑκα-

218 2419 416 2501 τέρων
492 2423 758 2488 τελεταῖς
828 2419 1298 2505 ἀναμεμιγμένα
1365 2419 1559 2482 πολλὰ
1626 2419 1836 2499 θνητὰ
1903 2419 2009 2482 καὶ

221 2519 500 2599 πένθιμα
543 2526 674 2581 τῶν
715 2520 904 2600 ἱεροῦν
949 2509 1216 2600 δρῶντες
1260 2518 1358 2576 De
1395 2517 1514 2577 def.
1553 2518 1726 2579 Orac.
1757 2518 1835 2578 X.
1863 2518 2005 2577 314.

222 2617 546 2677 Plutarcho
616 2625 823 2677 autem
891 2617 1041 2676 haec
1109 2617 1399 2708 scribenti
1463 2618 1734 2677 fanatica
1786 2617 2006 2678 Bacchi

1102 2742 1129 2783 s

344 2815 415 2885 [⁰]
450 2813 518 2857 De
558 2815 616 2857 Is.
648 2830 685 2858 c.
724 2814 886 2858 XXVI.
927 2813 1024 2858 136.
1060 2810 1089 2858 ὅ
1135 2810 1412 2884 Ξενοκράτης
1462 2814 1540 2857 καὶ
1579 2817 1669 2858 τῶν
1706 2812 1890 2888 ἡμερῶν
1930 2814 2007 2866 τὰς

226 2871 504 2946 ἀποφράδας
532 2875 610 2917 καὶ
638 2876 729 2918 τῶν
758 2874 927 2932 ἑορτῶν
957 2871 1060 2917 ὅσαι
1088 2868 1286 2941 πληγάς
1291 2887 1416 2921 τινας
1444 2870 1472 2926 ἢ
1503 2871 1719 2923 κοπετοὺς
1748 2871 1773 2927 ἢ
1804 2878 2009 2937 νηστείας

224 2930 251 2986 ἢ
294 2932 552 2990 δυςφημίας
577 2930 604 2984 ἢ
635 2934 956 3003 αζσχρολογίας
983 2933 1134 3004 ἔχουσι
1123 2945 1195 2987 ιν,
1241 2926 1344 2974 ούτε
1373 2934 1497 2975 θεῶν
1526 2936 1675 2990 τιμαῖς
1703 2928 1804 2976 οὕτε
1836 2924 2004 2991 δαιμό-

226 3004 321 3034 νων
361 2994 502 3033 οἴεται
541 2988 782 3064 προςήκειν
813 2992 1051 3060 χρηστῶν,
1091 2964 1195 3033 ἀλλ’
1226 2985 1343 3032 εἶναι
1383 2986 1544 3047 φύσεις
1583 2991 1633 3034 ἐν
1661 2992 1723 3047 τῷ
1751 3005 1808 3034 πε
1841 2994 2006 3048 ιέχοντι

227 3045 432 3107 μεγάλας
460 3050 536 3091 καὶ
565 3048 776 3118 ἰσχυρὰς,
821 3044 1095 3119 δυςτρόπους
1133 3047 1188 3092 δὲ
1234 3050 1310 3090 καὶ
1346 3047 1628 3116 σκυθρωπὰς
1657 3056 1740 3095 etc.
1799 3007 1900 3092 flue
1929 3050 2006 3092 de·
2062 3099 2063 3102 Ἴ

228 3120 404 3150 currere
442 3107 583 3150 coacti
622 3114 746 3162 sunt,
784 3109 859 3165 qui
896 3107 1098 3163 vulgares
1139 3106 1464 3163 superstitiones
1493 3122 1572 3149 nec
1599 3106 1752 3149 tollere
1783 3122 1862 3150 nec
1892 3122 2006 3152 com-

227 3167 416 3222 probare
455 3171 697 3222 potuerunt.
732 3141 884 3210 Inter
922 3167 1137 3209 Romanos
1166 3164 1315 3208 Labeo
1346 3189 1401 3197 —
1434 3180 1474 3208 m
1487 3166 1580 3208 alo
1595 3181 1616 3208 s
1646 3166 1674 3208 d
1689 3180 1713 3208 e
1724 3181 1748 3209 o
1758 3181 1779 3208 s
1808 3181 1836 3223 p
1851 3179 1873 3207 r
1885 3181 1911 3209 o
1925 3182 1952 3224 p
1966 3167 2005 3209 i-

229 3224 379 3266 tiari
431 3225 710 3268 caedibus
764 3231 820 3268 et
860 3225 1137 3268 tristibus
1178 3224 1504 3281 supplicati
1521 3238 1545 3266 ο
1561 3225 1729 3268 nibus
1770 3225 2003 3277 asserit,

231 3283 414 3325 bonos
445 3288 627 3326 autem
656 3284 955 3340 obsequiis
986 3283 1191 3334 laeti8‚
1235 3282 1434 3338 qualia
1464 3283 1585 3326 sint
1615 3282 1764 3335 ludi,
1805 3283 2001 3326 convi-

233 3339 346 3394 via,
379 3341 754 3386 lectisternia
786 3341 1012 3399 Augustin.
1045 3340 1139 3384 civ.
1172 3341 1228 3384 11.
1262 3356 1298 3384 c.
1332 3341 1398 3384 11.
