2158 3848
768 222 1343 266 ΕιΕυεῙΝιΑ.
1864 211 1942 274 81

174 374 307 416 esse
318 350 414 435 [¹¹].
450 398 452 400 -
522 352 614 412 Si
646 370 797 414 vero
849 371 1142 430 negamus
1190 352 1498 430 Aeschylo
1553 357 1948 418 criminosum

169 455 377 527 fuisse,
419 452 587 533 quod
630 453 816 512 ceteri
860 451 1118 530 Tragici,
1163 453 1331 532 quod
1373 454 1570 538 multo
1616 464 1757 513 ante
1788 456 1950 534 Phys

168 555 308 624 sici,
366 553 532 631 quod
566 552 822 632 >paullo·
849 563 995 631 post
1039 554 1232 614 Stoici
1276 555 1409 612 sine
1454 554 1812 632 cujusquam
1859 557 1952 614 of-

165 652 443 711 fensione
485 652 789 724 fecerunt,
833 671 960 712 non
1004 655 1293 712 continuo
1338 654 1454 711 hoc
1496 655 1727 730 negotii
1749 657 1953 714 vsusci-

165 754 404 831 pimuS,
464 761 532 810 ut
586 771 834 812 causam
886 754 1090 831 ipsam
1136 754 1579 813 criminationis
1623 752 1957 833 patefacia-

165 870 323 910 mus·
423 852 521 910 De
593 871 714 932 qua
780 862 1018 914 Veteres
1083 856 1207 933 ipsi
1261 854 1506 933 praeter
1559 853 1959 913 Aristotelem

166 951 418 1029 ejusque
439 977 444 997 1
475 952 837 1012 auditorem⁴
880 954 1034 1012 nihil
1089 955 1486 1033 exploratum
1530 953 1961 1014 habuisse-vim

168 1049 403 1109 dentur.
488 1053 551 1112 Is
609 1048 818 1113 autem
871 1053 1130 1112 liberam
1186 1054 1393 1112 nobis.
1425 1054 1716 1132 relinquit
1761 1053 1961 1129 conje-

169 1160 433 1224 cturam,
491 1162 699 1213 utrum
755 1152 1133 1230 Aeschylum
1192 1153 1431 1233 aliquid
1476 1153 1715 1212 dixisse
1758 1154 1823 1210 in
1867 1151 1961 1210 fa—

166 1250 331 1325 bula,
375 1251 542 1331 quod
582 1252 755 1312 idem
796 1255 863 1312 in
906 1255 1220 1331 mysteriis
1266 1253 1588 1337 diceretur,
1634 1271 1714 1311 an
1758 1261 1962 1311 actum

166 1351 470 1431 quendam
515 1353 854 1412 solemnem
895 1356 963 1413 in
994 1374 1177 1414 scena
1204 1354 1596 1413 assimulasse
1622 1351 1962 1413 credamus.

167 1451 323 1511 Mihi
378 1451 629 1531 quidem
687 1455 840 1513 haec
895 1456 1058 1514 ratio
1105 1454 1187 1513 ad
1228 1450 1559 1514 veritatem
1596 1452 1964 1531 propensior

166 1551 445 1625 videtur,
501 1572 615 1613 nec
667 1556 881 1634 inepta
935 1554 1018 1613 ad
1077 1556 1551 1634 explicationem
1598 1553 1765 1612 alius
1824 1569 1963 1610 cau-

167 1651 273 1712 sae
318 1671 356 1711 a
378 1653 728 1715 rhetoribus
753 1654 1131 1727 decantatae,
1176 1673 1297 1733 qua
1323 1653 1490 1712 idem
1522 1662 1728 1731 poeta,
1775 1670 1965 1731 quum

166 1753 389 1813 Furias
457 1751 735 1827 doceret,
801 1756 1154 1834 implicatus
1207 1764 1316 1812 est.
1372 1772 1433 1814 v.
1489 1752 1849 1811 Hermann.-
1886 1750 1964 1808 de

170 1851 374 1913 Choro
431 1852 688 1911 Eumen.
743 1854 819 1911 Π.
875 1874 937 1934 p.
993 1855 1094 1913 21.
1162 1853 1324 1913 Nam
1382 1850 1551 1931 quod
1594 1851 1781 1928 vulgo
1826 1868 1965 1909 nar-

166 1962 307 2012 rant
349 1951 438 2010 de:
470 1962 704 2012 terrore
745 1954 1147 2034 puerulorum
1166 1953 1238 2033 [g]
1287 1962 1349 2011 et
1384 1950 1461 2010 de
1498 1959 1678 2010 aucto
1709 1949 1966 2010 dearum

166 2071 445 2130 numero,
489 2053 750 2113 alterum
795 2053 1147 2113 fabulosum
1196 2062 1320 2126 est,
1377 2052 1639 2111 alterum
1685 2069 1810 2109 non
1854 2069 1967 2130 po—

167 2156 288 2214 tuit
341 2155 408 2212 in
466 2154 700 2212 crimen
740 2156 967 2216 vvocari
999 2151 1073 2235 [¹¹]
1134 2172 1334 2232 neque
1377 2151 1720 2227 Aeschylus
1765 2152 1967 2210 victor

168 2254 586 2334 pronunciari,
629 2255 703 2326 si,
737 2264 807 2313 ut
837 2253 1200 2314 Heraclides
1232 2262 1464 2324 narrat,
1509 2269 1707 2331 prope
1731 2250 1967 2310 factum

170 2364 242 2414 ut
296 2352 703 2427 occideretur3
760 2353 926 2434 quod
982 2355 1046 2412 in
1090 2355 1232 2433 ipso
1277 2352 1522 2411 fabulae
1568 2334 1824 2410 exordio
1871 2369 1968 2409 ac-

169 2453 393 2514 cidisse
437 2472 575 2512 cum
619 2472 863 2513 summa
905 2456 1096 2513 totius
1140 2452 1474 2532 spectaculi
1502 2450 1967 2530 perturbatione

170 2553 544 2616 sumendum
615 2562 738 2627 est,
809 2555 864 2613 si
917 2551 1291 2612 Heraclidae
1335 2553 1639 2629 narratio,
1697 2560 1767 2610 ut
1826 2552 1965 2612 viro

168 2654 703 2738 praestantissimo
746 2655 975 2727 visum,
1021 2652 1103 2712 ad
1146 2650 1526 2712 Eumenides
1572 2660 1824 2730 spectat.
1900 2649 1968 2709 Si

168 2775 321 2818 vero
387 2755 500 2815 illa
568 2753 1090 2834 Areopagitarum
1158 2771 1394 2833 pompa
1451 2752 1616 2811 faces
1683 2750 1967 2809 ardentes

170 2856 651 2938 praeferentium
696 2863 760 2914 et
785 2855 1115 2915 Furiarum
1142 2854 1438 2914 solemnis
1463 2850 1752 2912 deductio
1781 2849 1967 2909 Eleu-

291 2979 354 3039 [fl]
387 2997 430 3025 v.
459 2981 672 3040 Epimetr.
701 2981 785 3025 ῙΠ.

293 3042 357 3099 [ε]
402 3041 527 3083 Conf.
567 3042 720 3084 Juven.
759 3041 841 3083 111.
883 3039 982 3083 175.
1041 3035 1679 3106 personae-pallentis
1744 3035 1967 3078 hiatum

178 3100 199 3143 ¹
212 3114 239 3142 ¹¹
269 3114 370 3215 ἣῖιῖ
379 3115 555 3202 ’ἓίιὲΘῖ
569 3106 717 3216 ἶὶἑιῖῗ
732 3096 1480 3213 5113:&31332‘51122325535511330'33
1493 3108 1648 3209 isshig.
1680 3150 1737 3193 T.
1768 3151 1868 3193 970.
1898 3151 1967 3193 bi-

179 3230 255 3259 nas
284 3223 587 3260 consecrarunt
616 3216 898 3260 Athenienses
929 3217 1074 3260 Schol.
1108 3215 1219 3257 Oed.
1250 3214 1320 3256 42.
1352 3212 1457 3254 Sine
1487 3211 1617 3254 dubio
1658 3210 1839 3253 liberum
1868 3209 1967 3262 fuit,

178 3280 284 3333 quot
314 3275 407 3331 quis
434 3276 568 3319 vellet
596 3275 791 3328 Gratiae,
820 3276 990 3329 Horas,
1021 3275 1169 3318 Musas
1198 3271 1503 3322 introducere3
1545 3283 1789 3327 quanquam
1818 3273 1966 3311 terna-

178 3335 287 3377 rium
316 3346 531 3377 numerum
558 3339 713 3391 poetae
742 3339 787 3377 et
815 3334 988 3379 fictores
1018 3335 1246 3377 tenuerunt
1275 3335 1322 3373 ut
1352 3329 1564 3386 colloquio
1594 3327 1798 3373 struendo
1832 3332 1878 3370 et
1897 3341 1963 3369 re—

178 3395 258 3437 bus
286 3392 465 3449 agendis
492 3394 766 3451 aptissimum.
1587 3446 1629 3506 6
