2158 3848
0 483 13 887 i

739 244 742 248 .
812 212 1298 258 οιιΡΗιοΛ.
1838 198 1962 260 517

171 358 237 414 in
290 351 468 410 Polit.
511 366 572 426 Ρ.
618 345 760 407 388.
815 335 1052 402 Eodem
1097 337 1367 431 pertinet
1411 333 1744 410 Clementis
1787 345 1957 406 loeus

174 450 400 510 Strom.
456 447 558 506 VI.
611 442 757 511 751.
819 445 888 505 ἐν
928 449 1004 522 τῇ
1068 440 1365 526 Θεογονία
1409 441 1508 504 ἐπὶ
1548 449 1664 504 τοῦ
1662 431 1955 566 Κρόνου

162 551 392 632 Ὀρφεῖ
428 545 751 624 πεποίηται

303 697 458 754 Ka?-
481 694 864 765 αποδοχμώσας
897 693 1065 763 παχὺν
1097 693 1314 762 αὐχένα·
1334 694 1453 747 κὰδ
1476 694 1550 749 δέ
1570 693 1853 762 «μινῖἰπνος

219 790 225 795 ’
304 785 414 857 ᾕρει
451 781 824 854 πανδαμάτωρ.
1508 813 1513 815 -
1774 817 1775 821 =

162 936 363 992 ταῦτα
419 927 490 992 δὲ
543 929 820 1011 Όμηρος
867 925 1018 989 ἐπὶ
1027 923 1144 989 τὸῦ
1199 917 1567 997 ’Κύκλωπος
1563 912 1951 1006 μετέθήκεν,

166 1029 245 1088 de
301 1047 457 1109 quo
477 1029 630 1090 haee
683 1029 823 1108 ipsa
875 1023 1068 1087 verba
1123 1025 1409 1103 leguntur
1476 1013 1591 1084 Od.
1644 1023 1753 1084 IX.
1809 1019 1952 1085 371.

160 1130 256 1190 Ibi
319 1130 526 1190 nullus
591 1134 872 1231 veterum
928 1126 1339 1208 interpretum
1382 1109 1514 1185 loci
1567 1116 1765 1232 nostri
1821 1143 1954 1185 me-

164 1230 365 1290 minit.
824 1253 825 1256 ¹

929 1456 982 1537 ξ.
1076 1454 1172 1517 15.

331 1642 576 1726 Jupiter
618 1658 805 1722 regno
848 1642 1087 1723 potitus
1133 1639 1350 1718 mundi
1378 1627 1707 1702 fabricam
1718 1643 1951 1702 instau-
2022 1630 2028 1635 ’

159 1753 258 1806 rat
302 1743 594 1804 adhibitis
638 1744 706 1802 in
749 1743 1075 1804 consilium
1120 1742 1315 1805 Nocte
1374 1753 1436 1802 et
1481 1724 1782 1815 Saturno,
1840 1740 1951 1800 sed

161 1847 492 1927 praecipue
533 1838 745 1931 Nocte.
832 1843 1128 1904 Proculus
1170 1845 1237 1902 in
1282 1839 1447 1902 Crat.
1491 1863 1553 1924 p.
1582 1840 1683 1902 57.
1724 1842 1761 1939 5
1795 1843 1953 1912 Ζεὺς
2007 1852 2012 1858 ’

159 1947 409 2016 διττοὺς
461 1945 761 2029 υφίστησι
803 1942 1187 2027 ὃιακόσμους
1229 1941 1346 2008 τόν
1390 1970 1455 2006 τε
1500 1932 1804 2068 οὐράνιόν
1847 1943 1953 2005 καὶ

159 2048 275 2112 τὸν
316 2044 812 2131 ὑπερουράνιον,
882 2047 1040 2110 ὅθεν
1100 2047 1298 2109 αὐτοῦ
1358 2044 1464 2106 καὶ
1519 2045 1597 2107 τὸ
1640 2052 1952 2127 σκῆπτρον

161 2148 323 2213 εἶναί
381 2168 575 2230 φησιν
634 2150 669 2211 5
736 2144 1032 2232 Θεολόγος
1089 2143 1444 2228 πισύρων
1513 2145 1642 2207 καὶ
1708 2149 1952 2206 εἴκοσι

162 2246 502 2331 μ’ἔτρων,
586 2249 675 2319 ὥς
737 2249 973 2311 διττῶν
1035 2247 1312 2329 ἄρχοντα
1369 2242 1793 2308 ὃυοδεκάδων.
1881 2245 1951 2302 In

163 2348 445 2410 Tim..‚11.
494 2346 634 2408 137.
678 2350 712 2413 5
756 2347 875 2431 μὲν
918 2344 1140 2426 Φάνης
1181 2345 1398 2416 διττὰς
1443 2344 1738 2433 ὑφίστησι
1779 2343 1951 2427 ⁷:926-

162 2450 312 2522 δας,
357 2449 391 2512 5
437 2447 507 2512 δὲ
553 2449 712 2520 Ζεὺς
753 2447 978 2517 διττὰς
1011 2444 1417 2516 δυοὸεκάὸας.
1505 2447 1631 2509 Καὶ
1673 2446 1803 2531 γὰρ·
1841 2445 1948 2508 διὰ

161 2558 347 2614 τοῦτο
390 2549 462 2611 τὸ
510 2556 824 2632 σκῆπτρον
860 2550 1057 2612 αὐτοῦ
1102 2548 1339 2634 λέγεται
1380 2546 1488 2608 καὶ
1530 2546 1951 2630 εἶκοσίμετρον

160 2651 277 2734 (sie
335 2647 572 2710 editum
634 2648 821 2708 etiam
883 2647 954 2709 L.
1009 2649 1056 2707 I.
1116 2667 1178 2728 Ρ.
1234 2648 1380 2726 22..)
1468 2647 1569 2707 De
1629 2647 1953 2726 colloq-uiis

162 2770 301 2811 eum
343 2750 539 2812 Nocte
583 2757 646 2808 et
688 2732 1240 2810 consultationibus
1283 2747 1453 2808 idem
1496 2749 1561 2807 in
1604 2747 1672 2806 L.
1717 2748 1793 2826 ΙΙ.
1852 2747 1951 2806 63.

164 2851 200 2914 5
242 2859 357 2915 τοῦ
400 2849 635 2919 παντὸς
687 2849 940 2930 ποιητὴς
996 2851 1116 2935 πρὸ
1173 2858 1282 2930 τῆς
1339 2850 1482 2929 όλης
1541 2845 1951 2933 δημιουργίας

168 2953 254 3022 ε’ίς
293 2975 357 3014 τε
413 2951 485 3015 τὸ
524 2948 906 3034 χρηστήριον
961 2944 1207 3023 εἰςιέναι
1266 2951 1501 3035 λέγεται
1556 2955 1664 3027 τῆς
1708 2948 1952 3017 Νυκτὸς

171 3051 464 3116 κάκεῖθεν
507 3055 907 3134 πληροῦσθαι
960 3061 1092 3117 τῶν
1145 3050 1345 3115 θείων
1403 3046 1681 3128 νοήσεων
1723 3085 1807 3094 —-
1850 3047 1956 3110 καὶ

169 3150 250 3230 δὴ
297 3150 403 3213 καὶ
454 3152 569 3215 τὸν
624 3152 859 3234 πατέρα
901 3157 1283 3236 παρακαλεῖν
1339 3154 1423 3221 εἰς
1464 3149 1580 3230 τὴν
1621 3155 1728 3229 τῆς
1771 3148 1955 3230 δημι-

171 3249 430 3336 ουργίας
473 3248 795 3336 σύλληψιν.
885 3253 1062 3336 Πρὸς
1103 3252 1221 3338 μὲν
1275 3251 1390 3332 τὴν
1435 3247 1651 3315 Νύκτα
1706 3248 1956 3327 πεποίη-

176 3377 279 3414 ται
321 3357 411 3433 τῷ
460 3351 741 3438 Θεολόγῳ
790 3353 982 3437 λέγων
