2158 3848
225 182 353 244 226
816 189 1054 234 mnan
1098 189 1418 243 PRIMUS,

228 327 297 386 L.
354 324 426 384 v.
484 322 627 385 322.
712 322 917 385 Altius
945 390 947 393 ,
972 325 1039 383 in
1081 324 1239 383 hanc
1284 321 1597 382 doctrinae
1641 288 2011 384 chaldaicae

229 426 686 506 inquisitionem
742 443 866 483 non
927 422 1294 483 descendam
1337 441 1520 502 quam
1575 440 1758 483 nemo
1818 422 2019 484 adhuc

231 547 309 586 ne
351 524 726 607 primoribus
770 524 1020 602 quidem
1068 523 1275 600 digitis
1320 524 1537 600 attigit.

584 937 1008 1015 EPIME
1035 936 1416 1014 TRUM
1509 937 1678 1017 Vl.

821 1127 899 1179 ad
959 1134 1005 1194 ξ.
1060 1130 1140 1181 15.
1192 1136 1322 1180 not.
1374 1143 1440 1181 m.

410 1322 482 1380 In
527 1319 939 1400 descriptione
963 1318 1150 1378 Asiae
1186 1318 1409 1378 Strabo
1454 1319 1523 1379 L.
1550 1319 1718 1382 XIII.
1763 1319 1908 1381 626.
1945 1319 2024 1379 ad
2104 1324 2106 1329 '

239 1424 442 1482 lacum
489 1421 811 1498 Gygaeum
854 1418 1022 1479 haud
1075 1419 1292 1498 procul
1338 1418 1668 1494 Sardibus,
1725 1421 2027 1500 templum

240 1523 485 1582 Dianae
529 1528 833 1580 memorat
861 1518 1169 1579 Coloenae
1198 1517 1473 1604 μεγάλην
1511 1521 1831 1605 ἁγιστείαν
1857 1523 2024 1600 ἔχον·

241 1622 400 1704 φασὶ
454 1621 519 1684 δ’
582 1625 863 1684 ἐνταῦθα
912 1617 1196 1701 χορεύειν
1253 1620 1574 1690 καλαθοὺς
1640 1619 1800 1684 κατά
1854 1645 2028 1690 τινας

241 1719 493 1804 ἑορτάς,
564 1722 678 1783 οὐκ
746 1721 864 1783 οἷδ’
936 1720 1104 1790 ὅπως
1175 1721 1857 1806 παραδοξολογοῢντες,
1922 1721 2029 1781 ubi
2086 1786 2098 1791 -
2148 1734 2151 1768 ἱ

242 1820 408 1901 quod
453 1819 584 1879 cod.
623 1820 844 1879 venet.
903 1819 1154 1878 exhibet
1207 1819 1516 1900 πιθήκους
1572 1836 1659 1880 ex
1713 1819 2030 1891 πιθάκνας

200 1977 204 1983 .
244 1903 556 1989 ἅθ’ῐοῐωηι
599 1919 863 1980 videtur.
952 1918 1010 1978 A
1044 1919 1347 1979 Strabone
1391 1922 1525 1979 sine
1570 1919 1763 1980 dubio
1808 1924 2031 1981 sumsit

243 2019 607 2080 Eustathius
644 2039 800 2100 quae
843 2039 904 2099 p.
951 2018 1133 2078 1627.
1162 2019 1263 2080 49.
1305 2027 1547 2079 narrat:
1592 2028 1751 2084 κᾶλα
1793 2023 2030 2085 θέοντα

243 2121 616 2190 κυκλοειὸὥς
642 2122 926 2182 ἀποτελεῖ
945 2121 1289 2192 καλαθοὺς,
1335 2121 1536 2183 ὁποῖοι
1560 2122 1667 2183 καὶ
1691 2123 1750 2200 οἱ
1770 2129 1879 2202 τῆς
1900 2120 2028 2200 Δή-

242 2245 495 2304 μητρος,
521 2221 629 2290 οὓς
655 2221 981 2302 ὀρχεῖσθαι
1006 2217 1186 2305 λόγος
1215 2222 1281 2283 ἔν
1303 2244 1427 2283 τινι
1448 2228 1654 2300 τελετῇ
1671 2225 2030 2306 Δημητρια-

244 2329 342 2401 κῇ,
387 2340 568 2400 quem
614 2338 882 2379 errorem
928 2320 1153 2380 calathi
1179 2317 1449 2380 Cerealis
1485 2319 1831 2381 recordatio
1862 2320 2030 2382 haud

246 2419 614 2500 tempestive
642 2420 862 2479 oborta
884 2420 1202 2495 festinanti
1248 2421 1547 2498 objecisse
1582 2420 1832 2490 videtur
1844 2442 1860 2498 ;
1903 2423 2029 2482 alio

246 2520 384 2580 loco
427 2539 489 2600 p.
513 2519 655 2578 366.
699 2520 922 2578 rectius
967 2519 1384 2580 subsultantes
1425 2523 1852 2592 καλαθίσκους
1875 2522 2027 2584 Dia-

245 2699 383 2762 πηγή.
414 2703 542 2759 longe
570 2701 693 2761 pejor
721 2715 774 2744 ea
802 2702 930 2744 lectio
961 2716 1088 2759 quam
1116 2701 1281 2744 Psellus
1310 2701 1507 2759 sequitur
1533 2717 1575 2760 p.
1606 2703 1676 2746 81.
1713 2701 1893 2759 Ἑκάτης
1919 2703 2032 2766 ἀρε·
2103 2742 2108 2754 .

245 2765 322 2815 τῆς
349 2763 456 2807 πέλε
485 2759 623 2819 πηγὴ.
654 2760 875 2807 Proculus
913 2761 958 2802 in
1000 2761 1156 2803 Theol.
1195 2760 1270 2804 VI.
1314 2761 1382 2802 11.
1412 2761 1512 2804 372.
1552 2759 1632 2816 τὴν
1658 2762 1748 2821 μὲν
1775 2767 2032 2823 πρωτίστην

247 2822 413 2869 ἐκεῖνοι
445 2820 507 2876 [οἱ
533 2813 767 2880 βάρβᾰροι]
797 2815 980 2879 μονάδα
1011 2820 1225 2864 καλοῦσιν
1248 2816 1448 2875 Ἑκάτην,
1478 2817 1642 2874 τὴνδὲ
1669 2823 1818 2879 μέσην
1855 2821 2025 2879 ψυχὴν,

248 2878 331 2934 τὴν
357 2878 410 2924 δὲ
438 2882 590 2939 τρίτην
617 2873 792 2936 ἀρετήν.
861 2877 948 2920 Est
986 2883 1128 2921 autem
1168 2875 1197 2933 ἡ
1237 2880 1312 2932 τῆς
1352 2874 1533 2936 φύσεως
1569 2876 1692 2937 πηγή
1721 2880 1813 2924 sive
1842 2881 2030 2926 essentia

249 2938 320 2994 (in
348 2937 520 2994 Cratyl.
557 2952 596 2980 c.
637 2935 735 2979 170.
764 2950 808 2993 p.
839 2935 961 2992 100.)
996 2934 1134 2993 prima
1161 2951 1308 2980 monas
1338 2937 1446 2980 deae
1473 2937 1676 2980 vivificae
1703 2937 1769 2981 Id.
1797 2939 1845 2982 in
1873 2939 2028 2984 Theol.

249 2996 304 3039 V.
345 2993 417 3039 54.
448 2995 549 3039 318.
587 2997 711 3053 cujus
751 2995 859 3038 deae
896 2994 943 3037 in
982 2995 1134 3039 dextro
1176 2996 1315 3038 latere
1355 2995 1497 3039 anima
1536 2997 1718 3040 fontana
1753 2997 1846 3042 sive
1884 3005 2028 3042 crater

250 3053 511 3156 animaruntn3
545 3055 597 3156 (iia
638 3054 775 3156 3,Ιέἔο
805 3053 1150 3155 fontanauvigtus
1179 3055 1356 3156 sssl'jdef'
1386 3054 1452 3156 {9'
1472 3055 1528 3157 1ἰὲ
1557 3055 1672 3157 Ίέιὲῑὲ.
1701 3055 1768 3156 Vi:
1787 3055 1902 3158 315ἑί
1917 3057 2026 3158 Unid

246 3125 418 3157 versam
478 3127 638 3156 naem
749 3126 904 3155 eama
964 3127 1149 3156 eam
1264 3128 1345 3156 eo.
1668 3128 1996 3159 .emooa

250 3172 363 3214 hanc
412 3170 537 3214 deam
582 3175 762 3214 revocat
798 3126 1032 3214 animggum
1067 3173 1228 3215 fontem
1264 3186 1338 3214 seu
1377 3171 1632 3229 principium
1675 3172 1790 3215 Tim.
1827 3173 1881 3216 V.
1922 3171 2023 3216 315.

249 3229 374 3273 modo
402 3230 581 3286 singulis
612 3230 703 3285 ejus
730 3229 982 3274 monadibus
1009 3244 1064 3273 ex
1094 3231 1267 3274 Graeca
1297 3230 1543 3286 Theologia
1557 3264 1570 3286 ,
1602 3230 1812 3286 Dianam,
1843 3232 2026 3275 Proser-

249 3290 416 3389 Ρίιιῗιιιιι,
469 3289 710 3332 Minervam
759 3289 1013 3346 aequiparat
1058 3287 1103 3331 in
1145 3290 1302 3334 Theol.
1341 3289 1395 3331 V.
1439 3288 1508 3333 11.
1549 3288 1650 3333 373.
1711 3289 1881 3346 Cratyl.
1923 3288 2020 3332 179.

248 3362 289 3404 P.
411 3378 420 3387 .
