2158 3848
823 196 1274 258 curules.
1527 160 1531 165 Ι
1815 185 1941 246 633

165 329 574 411 καθάρτριαι,
639 326 927 408 piattices
958 324 1033 403 [⁰]
1052 366 1070 396 ‚
1131 325 1419 401 quoniam
1464 342 1687 386 munus
1732 348 1941 389 earum

165 430 553 509 potissimum
601 427 697 486 ad.»⁷
715 423 986 497 -eluenda
1027 423 1272 504 piacula
1306 423 1670 503 pertinebat.
1714 426 1943 488 Notum

168 537 260 586 est
312 535 556 599 autem,
615 543 799 605 quam
854 525 1032 583 facile
1087 523 1305 601 Graeci
1361 524 1747 604 piaculorum
1806 528 1944 585 reli-

164 627 343 703 gione
385 626 688 705 implicati
731 624 978 698 fuerint,
1022 636 1282 704 quarum
1326 625 1531 684 varias
1560 641 1773 685 causas
1802 644 1945 684 enu-

164 734 361 784 merat
402 745 524 784 una
566 736 847 788 veterum
878 725 1406 802 Pythagorearum
1451 723 1619 805 apud
1644 724 1945 784 Plutarch.

166 823 441 904 Superst.
505 825 615 884 IX.
684 824 786 897 75.
844 825 914 885 T.
975 825 1135 883 Vm.
1193 830 1321 887 αἵτε
1375 850 1455 887 κα
1512 822 1612 887 ἄπ’
1674 823 1947 910 ἀγχόνας

165 926 390 1011 ἀΐξασα
418 927 490 1004 [¹³]
550 930 678 988 α’ίτε
731 926 838 988 καὶ
886 923 1111 1004 λεχόνα
1154 923 1502 1006 μαιεύσασα
1515 923 1540 997 ,’
1583 929 1712 986 αἵτε
1757 950 1837 987 κα
1883 929 1948 987 ἐκ

165 1033 362 1108 νεκρῶ
408 1027 895 1109 ἀναπεφυρμένα
940 1026 1242 1103 εἲςέλθῃς,
1291 1029 1418 1085 αἵτε
1462 1022 1542 1085 κα
1586 1027 1651 1085 ἐκ
1675 1022 1948 1106 τριόδων

143 1124 671 1217 μκαθαρμάτεσσι,
745 1126 1143 1206 ἐπισπομένῳ.
1198 1132 1288 1205 τῷ
1361 1122 1738 1204 παλαμναίῳ
1795 1146 1948 1205 συμ-

167 1223 501 1303 πλεχθήσῃ.
591 1222 711 1296 Qui
763 1226 948 1301 igitur
1002 1224 1098 1282 his
1144 1223 1362 1283 aliisve
1407 1223 1605 1281 causis
1650 1224 1949 1303 suspicio-

69 1325 74 1329 ’
163 1341 304 1382 nem
362 1325 657 1385 contracti
709 1324 939 1404 piaculi
999 1323 1329 1397 haberent,
1372 1333 1691 1403 praeterea
1735 1324 1840 1403 qui
1883 1342 1949 1382 se

164 1424 473 1482 veneficiis
518 1433 580 1482 et
623 1414 1775 1503 devotionibus‘impugnarifsentirent⁹
1819 1425 1951 1502 qui-

165 1519 282 1603 que
335 1524 511 1585 larva
567 1533 677 1583 aut
730 1524 936 1604 aliquo
993 1522 1129 1583 diro
1186 1525 1441 1582 numine
1496 1523 1774 1583 infestari
1831 1523 1950 1582 sibi

165 1622 551 1697 viderentur,
576 1617 579 1621 ’
603 1623 700 1683 his
747 1606 1043 1691 omnibus
1101 1633 1516 1682 aeruscatores
1559 1622 1653 1681 illi
1697 1641 1950 1702 operam

166 1743 339 1784 suam
384 1724 831 1804 pollicebantur
873 1723 1079 1785 verbis
1124 1724 1308 1797 hisce,
1338 1733 1422 1782 rut
1457 1723 1813 1782 Plutarchus
1859 1725 1946 1783 ait

165 1826 204 1884 1.
251 1846 298 1884 c.
342 1825 448 1884 III.
493 1822 549 1885 5.
594 1816 710 1884 aut
742 1823 1048 1886 similibus
1092 1825 1216 1882 usi:

168 1995 299 2050 vulgo
344 1992 474 2037 ὕδατι
502 1994 744 2055 περΐῤῥαν’
780 1990 1003 2054 ἐμβαλών.
1065 1989 1261 2036 Βάλλειν
1289 2006 1368 2049 pro
1398 1989 1638 2051 ἐμβάλλειν
1667 1994 1796 2051 Plato
1826 2007 1951 2036 usur-

171 2063 253 2110 pat
280 2052 435 2110 Epigr.
465 2052 559 2097 XV.
591 2052 793 2111 Sophocl.
826 2050 1010 2096 Philoct.
1042 2053 1112 2094 67.
1144 2052 1304 2108 aliique
1335 2059 1572 2108 poetarum,
1603 2058 1693 2096 tum
1723 2052 1953 2095 Gramma-

169 2111 247 2154 tici
277 2111 433 2154 Tzetz.
476 2111 533 2157 ad
574 2112 684 2168 Lyc.
721 2122 764 2155 v.
797 2112 894 2156 176.
925 2127 967 2167 p.
998 2108 1098 2153 435.
1130 2111 1242 2152 Chil.
1273 2111 1349 2155 IV.
1384 2110 1480 2152 192.
1511 2116 1555 2163 et
1583 2111 1831 2169 saepissime
1860 2112 1952 2153 for-

168 2170 551 2214 mulam-medici.
623 2171 715 2212 Cur
754 2171 1038 2213 Buttmannus
1080 2169 1123 2210 in
1160 2169 1308 2212 Schol.
1350 2169 1547 2211 Ambros.
1577 2174 1634 2211 K.
1664 2185 1706 2225 p.
1736 2168 1839 2215 346.
1873 2183 1952 2225 pro

171 2231 323 2284 βαλεῖς
363 2233 593 2286 reponeret
630 2230 864 2288 ἐμβαλεῖς,
888 2229 1024 2270 'nulla
1065 2241 1195 2269 causa
1236 2232 1343 2269 erat.
1414 2227 1482 2268 Ad
1526 2241 1615 2270 rem
1655 2227 1952 2270 illustrandam

169 2289 357 2345 pertinet
376 2287 551 2330 Proculi
583 2287 773 2331 locus-in
803 2287 972 2341 Cratyl.
998 2302 1040 2343 p.
1076 2284 1172 2327 106.
1204 2287 1248 2328 οἱ
1275 2281 1460 2343 μάντεις
1490 2283 1565 2328 διὰ
1596 2289 1686 2328 τῶν
1701 2282 1950 2346 περιρῤάν-

170 2359 289 2389 σεων
338 2348 416 2389 καὶ
453 2342 791 2406 περιθειώσεων
835 2343 1002 2403 ἁγνοὺς
1042 2341 1228 2392 ἑαυτοὺς
1268 2346 1345 2386 καὶ
1385 2341 1489 2392 τοὺς
1524 2341 1743 2394 συνόντας
1782 2345 1952 2389 ἀποτε-

170 2406 314 2448 λοῦσι.
338 2405 462 2447 Salis
491 2410 536 2447 et
562 2406 694 2448 fabae
722 2404 936 2460 lentisque
966 2403 1163 2460 proprius
1194 2417 1294 2444 usus
1324 2403 1368 2444 in
1400 2403 1534 2444 sacris
1563 2403 1828 2446 lustralibus.

291 2492 356 2549 [⁰]
390 2492 570 2534 Festusz
601 2491 766 2534 Piari
796 2505 893 2534 eos
922 2491 1088 2534 velut
1115 2490 1347 2547 proprio
1379 2490 1674 2532 vocabulo
1716 2491 1796 2533 ait
1824 2490 1953 2532 Ver-

171 2551 321 2604 rius,
376 2551 471 2607 qui
524 2564 713 2607 parum
764 2550 881 2594 sint
933 2547 1174 2591 animati
1229 2562 1385 2605 quum
1426 2549 1633 2591 mentis
1675 2563 1807 2591 suae
1846 2563 1954 2591 non

173 2609 290 2652 sint
318 2615 373 2652 et
403 2622 500 2666 per
528 2609 798 2666 quaedam
828 2609 1006 2650 verba
1036 2607 1379 2649 liberantur
1407 2633 1465 2641 --
1491 2607 1732 2650 Piatrix
1763 2621 1950 2650 sacer-

169 2667 270 2711 'dos
298 2667 549 2720 dicitur,
576 2666 722 2724 'quae
752 2667 998 2724 expiare
1027 2663 1154 2708 erat
1185 2666 1391 2718 solita,
1436 2680 1591 2721 quam
1623 2665 1850 2721 quidam
1881 2667 1955 2708 si-

175 2726 559 2779 mulatricem,
603 2725 709 2769 alii
749 2740 964 2781 sagam,
1018 2724 1126 2766 alii
1165 2723 1547 2781 expiatricem
1589 2729 1824 2778 vocant,
1877 2725 1952 2768 ubi

175 2785 389 2829 commode
420 2785 873 2843 simpulatricem
902 2791 1126 2842 reponunt.

294 2873 359 2930 [Ρ]
386 2869 578 2931 Ἀγχόνη
616 2872 692 2915 vix
720 2871 906 2928 intelligi
935 2875 1107 2929 potest,
1150 2884 1204 2912 ne
1233 2870 1271 2913 si
1300 2869 1456 2913 solutio
1488 2867 1654 2924 quidem
1687 2870 1954 2927 suspendiosi

177 2928 470 2988 intelligatur,
512 2945 638 2988 quam
674 2931 811 2973 nostri
852 2945 1022 2987 quoque
1063 2930 1246 2985 majores
1275 2928 1435 2986 piaculi
1466 2927 1603 2969 instar
1632 2928 1953 2980 abhorrebant3

178 2988 324 3032 nescio
352 3004 406 3032 an
436 2988 521 3033 ἀπ’
555 2990 726 3048 ἀγχοᾶς
754 2988 903 3034 scribi.
942 2989 1070 3041 ussit,
1113 2989 1180 3031 ab
1210 2986 1451 3031 inferiis
1481 2999 1732 3030 reversa.
1767 2987 1953 3044 Triplex

177 3061 313 3103 genus
353 3048 665 3104 superstitionis
701 3048 994 3105 complectitur
1025 3047 1352 3104 Theophrastus
1396 3044 1440 3086 in
1487 3044 1683 3101 Superst.
1712 3045 1834 3088 XVI.
1868 3045 1950 3090 οὐ-

178 3106 339 3151 δέποτε
407 3103 568 3165 νήματι,
597 3108 828 3164 ἐπιβῆναι,
861 3101 962 3151 οὔτε
990 3106 1067 3151 ἐπὶ
1096 3104 1259 3165 νεκρὸν
1288 3099 1389 3148 οὔτε
1419 3099 1552 3160 λεχώ.
1585 3108 1782 3160 quartum
1813 3105 1949 3161 quod-

181 3164 279 3207 dam
316 3122 506 3207 indicant
541 3167 676 3209 verba
705 3169 798 3209 αἵτε
830 3180 888 3208 κα
917 3166 967 3222 ἐκ
1000 3161 1194 3225 τριόδων
1222 3158 1614 3219 καθαρμάτεσσιν,
1653 3163 1729 3206 ubi
1758 3164 1952 3223 gnylffl‘

181 3227 356 3280 φθεῖσα
399 3223 634 3268 addendum
663 3224 848 3267 videtur.
890 3222 1120 3268 Petronius
1156 3238 1192 3265 c.
1227 3219 1322 3263 134.
1355 3220 1496 3276 quod
1527 3227 1952 3277 purgamentum

184 3281 438 3324 calcasti
474 3282 529 3324 in
567 3282 780 3327 triv102
823 3278 958 3328 τὰιέν
985 3286 1076 3331 τοῖς
1103 3298 1126 3325 τ
1158 3278 1298 3329 ιόδοις
1329 3275 1600 3352 καθάρματα
1629 3280 1738 3323 Poll.
1768 3281 1822 3322 V.
1855 3279 1951 3323 136.

186 3354 297 3395 quae
328 3343 373 3383 et
396 3336 606 3385 Ἑκαταῖα
635 3341 889 3386 dicebantur
914 3340 1062 3399 Etym.
1094 3298 1155 3384 Nf.
1187 3354 1228 3397 p.
1257 3336 1356 3382 626.
1388 3345 1432 3381 et
1466 3335 1700 3397 Οξυθὺμια
1740 3340 1950 3396 Harpocr.
