2158 3848
796 249 1249 296 oarflch.
1785 238 1910 302 455

142 393 204 442 et
245 382 570 443 nonnullos
626 382 780 441 alios
836 394 920 438 ex
978 380 1230 461 antiquo
1288 390 1476 461 poeta
1518 392 1756 443 sumtus
1799 403 1911 465 pu-

140 494 228 543 tet
236 504 253 558 3
316 479 426 541 sed
482 482 760 542 maxima
816 494 960 560 pars
1006 477 1408 542 versificatori
1451 480 1777 541 tribuenda
1811 477 1912 544 vest

137 581 571 642 semibarbaro.
657 576 728 639 In
770 575 1163 640 Aristobuleo
1206 578 1556 660 fragmentq
1581 595 1762 641 'unus
1807 581 1912 641 de-

133 679 531 760 prehenditur
557 680 918 755 yersiculus,
964 700 1144 762 quem
1190 683 1368 742 certis
1408 679 1652 741 indiciis
1681 680 1910 761 Orphei

132 781 452 843 redhibere
495 798 816 861 queamus:

268 879 449 949 Ἀρχὴν
485 878 640 941 αὐτὸς
673 879 800 948 ἔχων
834 881 917 932 καὶ
949 879 1207 947 μέσσατον
1238 878 1327 948 ἠδὲ
1362 877 1596 948 τελευτήν

131 979 205 1041 Ν.
249 980 353 1040 IV.
399 978 499 1041 35.
543 983 773 1062 quippe
818 1001 855 1041 a
896 980 1209 1043 veteribus
1253 980 1582 1058 allegatum
1628 990 1690 1039 et
1715 979 1933 1041 Theo-v

134 1083 350 1157 goniae
391 1083 689 1142 insertum
733 1101 791 1144 v.
838 1078 904 1143 C.
951 1080 1022 1140 V.
1069 1079 1122 1161 ξ.
1172 1076 1265 1140 15.

923 1291 976 1374 ξ.
1062 1292 1121 1354 4.

299 1480 657 1541 Palinodiae
683 1479 960 1540 Justinus
1006 1489 1189 1559 atque
1215 1476 1499 1539 Clemens
1542 1478 1751 1557 plures
1787 1496 1912 1557 car-

130 1585 367 1643 minum
415 1581 822 1662 Orphicorum
867 1580 1198 1660 particulas
1245 1578 1713 1652 subtexuerunt,
1758 1596 1913 1657 quae

133 1685 277 1763 quia
317 1683 553 1750 nullam
609 1682 729 1741 loci
783 1690 994 1740 notam
1059 1680 1431 1760 adscriptam
1487 1677 1718 1737 habent
1772 1696 1912 1736 con-

133 1785 296 1844 sulto
340 1802 379 1842 a
420 1783 599 1842 nobis
644 1782 726 1842 ad
770 1790 1119 1841 extremum
1163 1788 1518 1841 reservatae
1563 1787 1731 1837 sunt:
1778 1775 1911 1836 Cle-

133 1903 308 1944 mens
366 1883 591 1943 Strom.
636 1882 709 1942 V.
759 1882 854 1941 14.
909 1881 1053 1941 718.
1111 1882 1228 1960 ἤδη
1285 1880 1390 1943 καὶ
1434 1880 1708 1962 (Όμηρος
1758 1869 1910 1960 ’φαί-

132 1984 303 2050 νὲται
348 1984 606 2065 Πατέρα
658 1982 763 2045 καὶ
815 1983 959 2046 Ῡὶὀν
1012 1982 1119 2045 διὰ
1171 1979 1414 2044 τούτων
1459 1981 1653 2065 λέγων
1696 2016 1780 2024 —-
1824 2015 1909 2022 —

134 2087 238 2149 καὶ
279 2085 398 2168 πρὸ
444 2082 673 2147 τούτου
709 2083 980 2168 Ὀρφεὺς
1022 2083 1183 2145 κατὰ
1223 2089 1336 2144 τοῦ
1364 2082 1766 2165 προκειμένου
1800 2105 1909 2163 φε-

133 2183 391 2269 ρόμενος
433 2190 627 2267 εἴρηκε

166 2299 248 2351 vl.
292 2297 379 2348 Yte*
411 2295 541 2356 Διὸς
571 2293 837 2365 μεγάλοιο,
878 2293 1035 2364 πάτερ
1069 2294 1199 2355 Διὸς
1234 2290 1475 2362 αἰγιόχοιο

136 2409 198 2458 et
250 2397 427 2458 brevi
484 2407 627 2479 post
681 2417 741 2477 p.
784 2388 928 2456 722.
988 2395 1065 2459 τὰ
1113 2396 1295 2477 ὅμοια
1339 2393 1581 2465 τούτοις
1624 2396 1745 2458 κᾶν
1783 2399 1911 2462 τοῖς

128 2503 443 2582 Ὀρφικοῖς
487 2496 825 2580 εὑρήσομεν
869 2492 994 2579 ᾦὸέ
1032 2520 1160 2566 πως
1202 2497 1601 2581 γεγραμμένα

166 2615 273 2668 Vll.
310 2608 526 2673 Πάντας
556 2610 651 2680 γὰρ
685 2607 889 2679 κρύψας
922 2602 1109 2670 καῦθις
1140 2605 1274 2679 φάος
1307 2609 1356 2669 ἔς
1389 2608 1679 2677 πολυγηθές

278 2698 331 2759 ἐξ
364 2695 502 2767 ἱερᾶς
533 2695 749 2766 κραδίης
783 2693 1107 2764 ἃνενέγκατο,
1146 2695 1375 2765 μέρμερα
1412 2693 1583 2766 ῥέζων.
1739 2758 1742 2760 q

137 2810 198 2859 et
264 2799 476 2881 paucis
531 2799 866 2876 interjectis
923 2796 1132 2857 subdit
1191 2815 1406 2859 versus
1464 2794 1910 2866 Aristobule0s‚

139 2917 287 2979 quos
329 2899 431 2959 Fr.
475 2898 547 2957 V.
592 2899 841 2958 9—11.
888 2908 949 2958 et
992 2898 1283 2958 21-34,
1330 2898 1715 2957 exhibuimus
1728 2938 1746 2968 ,
1790 2895 1912 2954 his-

139 3018 255 3079 que
298 2998 471 3059 addit
511 3019 572 3080 p.
615 2998 759 3058 724.
804 2999 990 3064 πάλιν
1036 3000 1191 3064 ὅταν
1235 3004 1369 3079 εἴπῃ

174 3114 307 3166 vlll.
344 3112 574 3183 Αἷθέρος
607 3110 686 3180 ἠδ’
726 3111 899 3178 ἀί’·ὸ“ου,
937 3112 1125 3166 πόντου
1158 3113 1306 3181 γαίης
1340 3131 1390 3163 τε
1425 3107 1635 3180 τύραννε
1655 3113 1713 3176 [³]

259 3286 320 3343 [a]
355 3285 429 3328 Sic
472 3299 549 3342 pro
589 3283 807 3346 τύραννος
837 3291 1071 3330 correctum
1101 3302 1155 3329 ex
1186 3286 1345 3328 Euseb.
1380 3284 1502 3327 XIII.
1537 3283 1601 3326 13.
1634 3280 1732 3326 401.
1765 3282 1913 3337 (684.)

142 3345 215 3447 qu}
254 3353 390 3389 totum
420 3344 555 3388 locum
585 3344 907 3402 transscripsit3
948 3359 1000 3388 ex
1032 3347 1178 3389 eodem
1209 3342 1257 3394 ὃς
1286 3347 1491 3401 βρονταῖς
1521 3357 1597 3401 pro
1628 3345 1833 3403 βρονταῖς
1864 3340 1913 3382 δὲ·

143 3416 191 3448 σε
212 3417 286 3454 εις.
