2158 3848
246 226 331 287 94
835 234 1074 280 LIBER
1116 207 1426 280 PRIMUS,

242 364 563 447 placeant?
625 365 783 426 Sunt
832 386 981 429 vero
1037 368 1218 428 multi
1270 377 1333 426 et
1387 374 1564 426 erunt
1604 382 1752 424 mox
1793 363 2019 446 plures,

242 468 298 527 si
339 467 461 526 ista
500 483 668 529 nova
709 475 898 541 aetas,
944 487 1125 547 quam
1172 466 1472 527 Cousinus
1517 465 1910 527 vaticinantis
1953 465 2021 523 in

239 565 496 626 modum
567 564 1104 647 praenunciat[‘¹],
1159 567 1504 646 paullulum
1558 563 2019 626 irroboraverit.

242 665 369 727 Sed
409 674 552 725 sunt
595 674 784 737 certe,
829 668 935 744 qui
977 667 1205 724 Plotini
1248 666 1509 725 asseclas
1554 674 1865 743 tanquam·
1893 681 2021 721 cer-

240 767 512 825 tissimos
555 763 1035 843 philosophandi
1077 773 1354 826 auctores
1400 775 1462 824 et
1503 766 1716 824 unicos
1761 762 2022 840 antiqui-

239 866 391 941 tatis·
451 865 814 941 interpretes
878 862 1333 944 propemodum
1386 866 1453 923 in
1507 864 1743 923 coelum
1800 861 2019 922 ferant.

237 963 379 1024 Non
434 962 653 1037 lectos,
703 964 927 1043 inquis,
1023 963 1121 1023 De
1177 965 1392 1023 ceteris
1445 981 1572 1021 non
1613 963 1799 1021 nimis
1841 979 2024 1041 repu-

236 1081 374 1140 gno.
420 1061 547 1122 Sed
590 1061 899 1143 quomodo
944 1063 1062 1123 hoc
1117 1062 1194 1122 de
1220 1063 1491 1140 Tayloro
1537 1063 1838 1142 suspicari
1878 1079 2024 1140 pos-

236 1181 479 1236 sumus,
548 1165 654 1242 qui
716 1164 783 1222 in
856 1163 1308 1224 Platonicorum
1361 1162 1570 1223 studio
1626 1162 1804 1241 quasi
1856 1161 2025 1222 vitae

235 1281 385 1324 suae
438 1262 829 1323 tabernacula
884 1263 1248 1325 collocavit?
1305 1265 1410 1344 qui
1452 1263 1712 1335 Plotini,
1768 1258 2024 1321 Jambli-

238 1364 366 1436 chi,
426 1362 669 1422 Proculi
729 1362 918 1422 libros
973 1365 1332 1445 plerosque,
1392 1362 1658 1443 denique
1701 1362 2024 1421 Platonem

235 1455 465 1543 ipsum,
509 1470 771 1543 quantus
815 1473 1075 1542 quantus
1122 1473 1231 1537 est,
1275 1466 1340 1522 in
1384 1462 1783 1525 vernaculum
1829 1471 2026 1520 trans-

236 1564 378 1623 tulit
429 1562 814 1623 sermonem<l
877 1565 1046 1641 cujus
1105 1565 1467 1641 conjecturis
1528 1562 1694 1621 docti
1737 1561 2023 1621 homines

233 1664 490 1724 inventa
555 1681 667 1721 sua
721 1673 1141 1741 superstruere
1196 1663 1398 1747 solent
1452 1673 1743 1741 tanquam
1802 1659 2025 1719 funda-

234 1762 497 1824 mentis&
553 1763 671 1829 Est
710 1781 858 1842 sane
903 1782 1128 1844 anceps
1163 1761 1501 1841 judicium3
1558 1761 1861 1839 Taylorus
1917 1761 2025 1833 ait,

233 1862 633 1923 Ruhnkenius
677 1872 873 1940 negat.
941 1862 997 1923 U
1011 1866 1110 1923 tri
1156 1885 1187 1923 c
1197 1885 1228 1923 r
1243 1862 1370 1923 edi
1386 1866 1486 1923 tis
1500 1863 1525 1922 ’ἒ
1569 1861 1876 1943 Equidem
1922 1880 2023 1920 me
2040 1943 2047 1951 ι

234 1982 359 2022 non
399 1964 816 2042 interponam3
883 1972 1122 2022 tantum
1167 1963 1398 2036 dicam,
1455 1972 1751 2042 quantum
1797 1981 1873 2021 ex
1913 1961 2025 2026 illa

236 2061 687 2124 Chaldaeorum
755 2064 1140 2123 oraculorum
1211 2064 1568 2124 collectione
1600 2062 1677 2143 [θ]
1740 2060 2022 2139 judicare

231 2181 507 2244 possum,
554 2164 891 2240 Taylorum
935 2166 1001 2223 in
1045 2162 1524 2244 interpretandis
1569 2172 1849 2223 veterum
1885 2179 2023 2220 sen-

233 2264 441 2322 tentiis
511 2266 600 2322 sic
662 2266 896 2324 versari
951 2265 1182 2335 solere,
1253 2273 1339 2333 ut,
1376 2282 1575 2342 neque
1631 2261 2023 2322 librariorum
2080 2314 2083 2317 .

230 2362 487 2435 menda,
541 2382 738 2442 neque
794 2365 1255 2445 typothetarum
1301 2373 1502 2422 errata
1544 2347 2022 2433 animadvertat,

232 2462 341 2522 sed
412 2462 671 2523 verbum
740 2463 818 2521 de
884 2465 1102 2524 verbo.
1145 2464 1406 2523 reddere
1461 2471 1782 2522 contentus
1835 2480 2020 2542 saepe

233 2619 430 2662 hendisse
459 2618 565 2661 dicit
595 2624 639 2661 et
662 2620 957 2662 confusionem
986 2619 1258 2662 materiarum
1289 2619 1399 2662 male
1430 2619 1747 2661 cohaerentium
1769 2625 2014 2674 temereque

231 2680 490 2730 effusarum,
533 2679 640 2720 haec
669 2679 814 2721 addit:
858 2679 918 2721 Id
957 2693 1092 2721 vero
1131 2694 1159 2734 p
1175 2683 1326 2720 arum
1366 2678 1561 2719 mirum
1592 2677 1827 2719 videtur
1857 2678 1921 2719 ab
1951 2691 1975 2718 e
1990 2692 2015 2718 ο

233 2737 464 2790 homine,
496 2736 591 2792 qui
620 2737 1052 2794 philosophiam
1080 2736 1581 2793 neo-platonicam
1616 2735 1878 2792 appellat
1902 2750 2016 2776 sen-

230 2797 354 2839 tina
383 2801 438 2837 et
468 2800 630 2837 cento
659 2795 998 2838 versicolor.
1043 2796 1151 2837 Pro
1167 2795 1313 2838 clum
1344 2795 1522 2850 magis
1553 2794 1819 2846 allatrat‚
1852 2807 2013 2850 quam

231 2854 578 2897 noscendum
608 2859 662 2896 et
690 2854 1139 2910 intelligendum
1170 2855 1330 2896 facit.
1404 2854 1484 2896 Ta
1501 2854 1581 2895 les
1613 2853 1906 2908 hucusque
1937 2852 2015 2894 hi-

231 2920 321 2956 sto
337 2914 387 2955 ri
402 2928 425 2955 c
440 2928 494 2955 os
526 2913 778 2955 habuere
807 2913 1204 2955 Alexandrini.
1264 2912 1361 2954 Hoc
1391 2918 1458 2954 est
1488 2913 1541 2954 de
1569 2912 1806 2963 Bruckero‚
1839 2911 2015 2952 Moshe-

230 2972 313 3014 mio
326 3004 339 3024 ‚
371 2972 675 3014 Tennemamio
708 2971 883 3014 Cousini
906 2972 1114 3027 judicium
1127 2986 1140 3022 ;
1180 2985 1319 3026 neque
1359 2971 1404 3013 id
1434 2986 1474 3013 m
1488 2971 1502 3012 i
1514 2985 1574 3012 ru
1587 2986 1627 3012 m
1657 2985 1683 3011 a
1695 2972 1723 3012 b
1755 2986 1778 3012 e
1793 2984 1817 3011 o
1849 2970 1877 3011 h
1890 2985 1915 3012 o
1925 2969 2014 3012 mi-

232 3044 321 3081 ne,
364 3031 438 3086 qui
467 3030 508 3071 E
526 3030 864 3072 clectismus
895 3036 939 3072 et
969 3030 1287 3072 recollexit
1327 3036 1372 3071 et
1402 3035 1576 3072 caetera
1604 3028 1801 3085 scripsit,
1846 3043 1957 3084 quae
1987 3043 2013 3070 a

232 3087 448 3130 Creuzero
480 3089 666 3144 Taylori
695 3088 952 3131 admiratore
981 3096 1025 3132 et
1054 3089 1280 3130 laudatore
1310 3103 1468 3130 summo
1498 3089 1542 3130 in
1565 3089 1711 3130 Praef.
1731 3087 1873 3129 Procl.
1899 3087 1961 3130 T.
1974 3087 2011 3129 I.

231 3147 454 3201 exagitata
485 3154 583 3189 sunt
595 3181 607 3200 ,
638 3162 721 3189 non
750 3147 926 3203 indigna
957 3163 1059 3191 sane
1088 3147 1252 3190 Plotini
1281 3162 1514 3203 praecone3
1547 3147 1634 3202 qui,
1666 3151 1714 3187 ut
1742 3145 2011 3202 Porphyrius

229 3207 364 3247 refert
391 3206 436 3247 in
465 3206 568 3248 Vita
599 3222 638 3262 p.
670 3207 711 3248 9.
742 3221 795 3248 ne
826 3208 1004 3248 humane
1035 3207 1283 3261 loqueretur
1314 3204 1696 3264 ἄναμημνίσκεται
1723 3205 1866 3263 potius
1885 3218 2009 3261 quam

231 3260 620 3322 ιἰιινιιμιμνήσκεται
650 3265 793 3306 dicere
821 3266 1009 3308 malebat
1022 3298 1034 3318 ‚
1067 3272 1111 3307 et
1141 3264 1227 3306 alia
1255 3265 1508 3321 hujusmodi.

349 3321 411 3378 [d]
446 3323 472 3364 l.
505 3337 540 3364 c.
572 3338 612 3378 p.
643 3323 843 3368 LXVIII.

349 3381 410 3436 [e]
444 3381 654 3424 Classical
684 3382 832 3426 Journ.
864 3383 917 3427 T.
947 3381 1065 3426 XVI.
1097 3388 1141 3424 et
1170 3381 1311 3424 XVII.

2154 1745 2158 1820 1

2155 1823 2158 1949 l

2155 1954 2158 2004 1
