2158 3848
275 207 403 267 478
806 219 1041 263 LIBER
1084 220 1512 266 SECUNDUS,

274 356 336 411 et
376 367 528 423 ova,
573 359 868 431 tanquam
911 350 1112 410 fontes
1157 360 1219 410 et
1262 353 1566 434 principia
1610 354 1808 427 vitae,
1862 370 2044 414 vene-

270 452 513 513 ratione
555 450 819 532 quadam
865 449 1098 528 dignati
1141 460 1310 510 sunt..
1738 473 1739 477 ¹

1022 617 1118 699 ς.
1202 620 1261 680 4.

388 799 390 803 .
434 746 540 807 Ex
601 764 723 806 ovo
784 745 1055 805 nascitur
1113 745 1351 809 Phanes
1411 751 1545 810 sive
1611 751 1736 811 alio
1794 752 2045 811 nomine

266 846 454 910 Motis
497 857 559 906 et
583 847 976 926 Ericapaeus.
1066 843 1348 906 Clemens
1392 866 1452 926 p.
1481 849 1625 910 672.
1665 852 1736 913 τὸ
1784 855 1846 922 ἐξ
1873 846 2083 914 ἄπεί-.’

268 971 383 1032 ρου
427 949 574 1027 ὕλης
619 945 982 1026 οἶποκυηθὲν
1037 947 1323 1028 ἔμψυχον
1367 948 1498 1010 ὠὸν
1541 952 1606 1011 ἐκ
1646 958 1756 1029 τῆς
1797 952 2044 1014 ὑποκει-

265 1051 451 1132 μένης
505 1046 611 1110 καὶ
664 1046 759 1109 ἀεὶ
813 1044 1066 1127 ῥεούσης
1118 1047 1266 1125 ὕλης
1317 1046 1689 1130 κινούμενον
1729 1051 2045 1114 παντοδα-

266 1149 386 1218 πὰς
440 1147 717 1231 ἐκφαίνει
769 1145 1030 1229 τροπάς’
1103 1145 1403 1211 Ἐνὸόθεν
1455 1148 1579 1234 γὰρ
1631 1157 1740 1230 τῆς
1794 1176 2045 1235 περιφε-

265 1248 432 1333 ρείας
457 1273 465 1282 ”
493 1246 655 1324 ζῶόν
688 1251 775 1309 -ἐτι
835 1244 1219 1327 ἅῤῥενόθηλυ
1282 1247 1704 1323 εἶδοποιεῖται,
1780 1249 2045 1334 προνοίᾳ

263 1356 376 1412 τοῦ
419 1346 667 1417 ἐνόντος
711 1351 780 1410 ἐν
823 1349 995 1428 αὐτῷ
1036 1346 1217 1410 θείου
1261 1347 1645 1430 πνεύματος,
1701 1351 1777 1414 ὃν
1822 1349 2043 1430 Φάνη-

264 1472 344 1511 τα
379 1447 645 1532 Ὀρφεὺς
687 1453 888 1519 καλεῖ,
950 1446 1046 1508 ὅτι
1102 1448 1297 1509 αὐτοῦ
1354 1446 1745 1531 φανέντοςΠ]
1796 1451 1868 1513 τὸ
1912 1459 2042 1515 πᾶν
2099 1530 2101 1535 Α

264 1551 499 1632 ἔλαμψε
553 1555 644 1630 τῷ
689 1548 902 1633 φέγγει
954 1554 1068 1608 τοῦ
1114 1547 1641 1629 ὃιαπρεπεστάτου
1701 1557 1833 1614 τῶν
1875 1571 2042 1614 στοι-

252 1648 446 1730 χείων
488 1648 684 1729 πυρὸς
728 1651 796 1710 ἐν
849 1654 939 1729 τῷ
994 1647 1170 1732 ὑγρῷ
1215 1644 1803 1731 τελεσφορουμένου.
1893 1648 2042 1722 Qui·
2110 1651 2112 1653 '

260 1748 375 1809 bus
419 1745 753 1829 persimilis
799 1755 895 1806 est
937 1746 1253 1827 Hipponis
1290 1747 1549 1827 Rhegini
1595 1748 1890 1824 doctrina,
1936 1754 2042 1830 qui

260 1848 385 1909 duo
431 1867 564 1909 esse
609 1848 812 1914 voluit
850 1866 1057 1906 rerum
1101 1848 1436 1927 principia,
1496 1850 1820 1910 humorem
1875 1851 2043 1930 frigi-
2103 1926 2109 1934 Ἰ

260 1948 409 2009 dum
465 1959 527 2008 et
579 1946 846 2007 calidum
900 1949 1138 2025 ignem,
1204 1946 1599 2032 γεννώμενον
1653 1950 1723 2012 δὲ
1781 1952 1852 2014 τὸ
1913 1962 2040 2035 πῦρ

259 2051 380 2114 ὑπὸ
426 2050 656 2118 ὕδατος
697 2054 1120 2126 κατανικῆσαν
1162 2048 1278 2127 τὴν
1319 2056 1432 2111 τοῦ
1475 2048 1890 2133 γεννήσαντος
1922 2051 2041 2116 δύ-

257 2175 453 2234 ναμιν
511 2156 812 2229 συστῆσαι
866 2147 980 2212 τὸν
1010 2148 1273 2232 ’κόσμον
1318 2149 1558 2227 Origen.
1603 2151 1828 2212 Philos.
1872 2151 2038 2213 XVI.

265 2248 404 2312 104.
450 2248 576 2309 Sed
616 2267 868 2356 pergam
905 2245 1238 2310 Clementis
1281 2250 1475 2310 verba
1516 2252 1773 2312 referre:
1815 2253 1887 2316 τὸ
1921 2252 2038 2334 μὲν

257 2350 374 2417 οὖν
424 2349 949 2436 πρωτοσύστατον
1009 2350 1138 2415 ὠὸν
1195 2351 1690 2434 ὑποθερμανθὲν
1743 2354 1864 2416 ὑπὸ
1922 2361 2036 2417 τοῦ

220 2455 495 2516 ’ἔσωθεν
540 2450 702 2528 ζώου
746 2449 1075 2536 ῥήγνυται,
1132 2452 1333 2514 ἔπειτα
1378 2451 1447 2515 δὲ
1489 2452 1840 2537 μορφωθὲν
1881 2479 2037 2538 προ-

254 2554 492 2637 έρχεται
532 2549 751 2614 ὁποῖόν
790 2575 853 2612 τι
893 2549 999 2612 καὶ
1035 2551 1300 2632 Ὀρφεὺς
1344 2552 1500 2637 λέγει

372 2719 436 2780 [ἰ]
466 2722 576 2766 Noti
613 2723 711 2763 sunt
749 2717 900 2776 graeci
939 2716 1128 2761 homines
1170 2718 1252 2761 hoc
1289 2720 1455 2763 nomine
1494 2718 1601 2763 dicti
1629 2698 1801 2763 Phanes
1829 2718 2033 2766 Halicar-

256 2781 426 2824 nassius
466 2779 657 2824 Herodo.
696 2777 780 2820 ΙΙΙ.
819 2774 861 2820 4.
903 2775 1146 2819 Messenius
1187 2777 1316 2821 Paus.
1357 2779 1432 2821 IV.
1473 2778 1541 2821 17.
1571 2777 1613 2821 5.
1653 2779 1866 2822 Althaeae
1894 2781 2035 2824 frater

255 2839 402 2885 Schol.
444 2839 554 2883 Ven.
589 2838 668 2882 IX.
696 2835 796 2880 564.
835 2835 1005 2878 Phanes
1045 2840 1091 2878 et
1117 2836 1293 2879 Faunus
1324 2837 1530 2881 Centauri
1570 2837 1714 2880 Noun.
1755 2838 1883 2882 Dion.
1911 2839 2030 2885 XIV.

259 2898 357 2943 191.
387 2898 513 2941 Haec
543 2897 579 2940 si
604 2894 877 2939 delicatiores
906 2893 1157 2951 fastidiant,
1190 2896 1338 2952 paucis
1368 2896 1505 2940 numis
1536 2896 1620 2939 sibi
1649 2894 1900 2954 comparare
1928 2913 2030 2956 pos-7

255 2964 356 3000 sunt
384 2956 666 3000 Glossarium·
683 2960 758 2997 aut
785 2954 1046 2997 Hebraicum
1077 2959 1153 2996 aut
1180 2954 1400 2999 Persicum
1432 2960 1508 2998 aut
1537 2955 1893 3010 Samscriticmmq:
1913 2957 2028 3000 unde

256 3015 490 3074 quamlibet
526 3014 770 3072 ingeniosas
809 3012 1117 3069 etymologiae,
1160 3014 1197 3056 si
1236 3015 1360 3057 modo
1403 3015 1623 3057 literarum
1663 3014 1873 3058 elementa
1913 3014 2027 3060 ‹lidi-

256 3069 416 3127 cerin't‚
457 3074 755 3131 expiscentur3
796 3085 934 3128 neque
974 3085 1058 3114 non
1097 3071 1305 3115 Polonica
1343 3078 1388 3115 et
1415 3072 1669 3129 Hungarica
1699 3073 1938 3128 vocabula,
1960 3078 2027 3123 ‘ut

252 3133 526 3176 Daehnertus
568 3133 832 3176 demonstrat
871 3130 927 3173 ad
962 3130 1197 3186 Bulangeri
1237 3131 1446 3189 Antiquit.
1475 3132 1655 3175 revelat.
1686 3147 1729 3190 p.
1760 3131 1860 3176 637.
1890 3147 2023 3190 quae-

253 3191 445 3235 rentibus
485 3191 678 3242 deerunt.
748 3189 1025 3233 Jablonskius
1064 3189 1117 3231 de
1156 3190 1287 3233 Vocc.
1319 3191 1506 3247 Aegypt.
1536 3205 1578 3247 p.
1609 3190 1708 3233 373.
1738 3191 2022 3234 Ausoniamm

255 3246 468 3305 Φανάκης
496 3245 588 3293 εἰέκ-ι
619 3245 827 3304 Φανήτης
854 3249 938 3291 huc
968 3249 1146 3291 arcessit
1174 3252 1219 3291 et
1247 3249 1560 3306 Aegyptiacum
1593 3251 1738 3299 Φενεξ
1766 3250 1796 3292 i.
1818 3263 1860 3306 q.
1892 3245 2018 3292 αἰών.

250 3310 438 3352 Aeonem
479 3313 620 3351 autem
633 3341 647 3362 ‚
683 3308 919 3351 Phanetem
948 3312 994 3351 et
1023 3307 1169 3350 Osirin
1198 3307 1375 3351 eundem
1405 3322 1499 3350 esse
1529 3307 1711 3361 statuit3
1742 3322 1852 3365 quae
1880 3307 2021 3350 omnia
2081 3333 2085 3343 ι

251 3367 418 3412 lubrica
446 3374 544 3411 sunt
573 3374 618 3410 et
646 3367 825 3410 incerta.
1339 3394 1341 3396 -
