2176 3886
801 183 1377 230 ELEUSINIA.
1879 177 1980 276 Q

203 319 427 390 cuisse,
481 331 663 373 nemo
710 315 847 391 jam
903 318 1155 376 retineri
1212 317 1468 398 poterit,
1523 320 1846 396 quominus
1901 318 1983 379 ad

201 431 501 475 summam
559 413 954 474 sacerdotalis
1009 415 1323 475 doctrinae
1379 415 1720 489 adscribat,
1793 437 1981 498 quan-

199 524 330 574 tum
374 513 558 586 velit,
603 531 727 572 non
770 514 971 574 solum
1016 517 1327 577 revelatae
1369 517 1681 596 religionis
1721 515 1980 593 decreta,

198 612 309 672 sed
361 613 470 671 illa
526 615 743 686 etiam,
805 633 963 694 quae
1021 613 1408 675 Cabbalistae
1464 615 1542 675 ab
1585 614 1981 694 Archangelis

198 732 334 773 cum
378 711 621 772 Adamo
668 717 1115 775 communicata
1158 724 1220 774 et
1263 714 1344 774 ad
1389 717 1520 793 ejus
1558 723 1840 796 posteros
1878 716 1983 776 de-

194 815 399 874 rivata
441 812 733 890 tradunt,
779 813 857 873 de
899 815 1115 875 mundi
1158 814 1526 889 Aziluthici,
1583 815 1876 875 Briathici
1922 825 1984 875 et

195 911 507 972 Jeziratici
564 916 891 991 contagiis,
951 915 1028 973 de
1081 915 1261 995 lapsu
1318 918 1699 989 animorum,
1757 915 1835 975 de
1884 935 1984 976 se-

195 1012 475 1072 culorum
545 1012 899 1074 decursibus
965 1024 1027 1074 et
1080 1034 1285 1074 rerum
1342 1017 1616 1075 omnium
1669 1035 1985 1093 regenera-

148 1136 156 1141 ·
195 1114 363 1172 tione
385 1115 482 1193 [⁸].
536 1112 711 1172 Haec
751 1132 878 1173 non
919 1133 1079 1174 unus
1125 1115 1227 1177 vel
1274 1113 1399 1174 duo
1426 1115 1651 1175 ‘dicent
1684 1102 1814 1189 sed,
1859 1134 1982 1196 quo

195 1232 378 1272 causa
430 1214 719 1293 nequior,
767 1233 852 1273 veo
907 1216 1144 1295 plures3
1202 1225 1264 1275 et
1306 1215 1739 1296 quaerentibus
1782 1215 1982 1291 nobiS,

193 1331 314 1392 qua
367 1314 473 1372 via
526 1314 892 1390 mysterium
946 1317 1228 1376 veritatis
1274 1316 1354 1376 ad
1400 1317 1669 1377 Graecos
1715 1315 1981 1375 defluxe-

190 1414 304 1485 rit,
361 1410 530 1472 haud
583 1431 759 1473 mora
815 1416 957 1489 erit,
1013 1418 1162 1495 quin
1205 1427 1482 1478 veterem
1526 1435 1704 1477 suam
1749 1414 1827 1474 de
1872 1413 1985 1476 Ce-

193 1532 407 1593 crope,
461 1514 685 1572 Danao
706 1558 723 1587 ,
781 1511 1019 1574 Cadmo
1077 1517 1448 1577 cantilenam
1509 1518 1817 1594 occinant,
1877 1527 1986 1576 aut

190 1613 544 1690 Dionysum
589 1614 900 1694 quendam
945 1615 1225 1675 Indicum
1270 1617 1804 1696 Protoplastorum
1849 1633 1984 1674 ora--

193 1714 328 1773 cula
383 1732 590 1772 secum
631 1715 699 1772 in
744 1714 1068 1775 Graeciam
1126 1716 1513 1775 transtulisse
1556 1716 1983 1775 vaticinentur.

361 1811 593 1871 Contra
649 1832 757 1885 ea,
812 1816 867 1872 si
924 1813 1335 1874 demonstrari
1390 1815 1650 1893 poterit,
1722 1813 1986 1872 Graeco-

189 1931 327 1971 rum
382 1913 683 1989 mysteria
747 1912 1100 1972 erudiendis
1165 1913 1487 1973 hominum
1544 1914 1804 1990 ingeniis
1859 1932 1987 1972 non

190 2013 504 2085 instituta,
571 2029 770 2092 neque
828 2030 866 2070 a
927 2013 1115 2070 sacris
1173 2013 1441 2093 publicis
1500 2012 1836 2094 quidquam
1892 2013 1985 2073 di-

87 2186 99 2204 ·
194 2131 374 2175 versa
417 2113 640 2186 fuisse,
700 2113 1044 2172 maximum
1090 2113 1386 2174 clericalis
1430 2116 1773 2194 sapientiae
1816 2115 1984 2177 colu-

159 2233 332 2285 ,men
377 2215 655 2273 excisum
700 2215 848 2287 erit;
906 2231 1044 2271 cum
1091 2232 1212 2293 quo
1259 2215 1443 2273 simul
1486 2213 1833 2273 fabularum
1880 2234 1983 2276 ve-

191 2324 391 2374 terum
444 2313 981 2393 interpretationes
1037 2315 1334 2390 mysticas
1389 2313 1468 2374 ab
1524 2310 1645 2373 ista
1689 2316 1982 2394 opinione

190 2413 498 2494 profectas
552 2432 732 2471 ruere
785 2431 1033 2472 necesse
1078 2423 1171 2472 est
1181 2434 1197 2489 ;
1254 2413 1475 2494 quibus
1520 2413 1739 2474 ablatis
1785 2413 1982 2474 deter-

191 2532 384 2595 soque
437 2513 869 2591 allegoriarum
925 2522 988 2571 et
1039 2513 1463 2590 symbolorum
1506 2515 1679 2588 fuco,
1734 2516 1981 2576 nativus

192 2615 571 2694 antiquitatis
640 2613 810 2672 color
863 2632 1131 2693 veraque
1187 2615 1372 2675 facies
1430 2626 1724 2696 tanquam
1783 2636 1816 2674 e
1869 2633 1980 2696 pa-

189 2714 511 2794 limpsesto
560 2703 874 2774 enitescet.
970 2715 1205 2794 Itaque,
1261 2735 1680 2796 quemcunque
1739 2717 1979 2775 exitum

191 2815 342 2874 haec
394 2814 682 2875 habitura
737 2825 831 2875 est
885 2813 1285 2895 disceptatio,
1339 2819 1405 2876 in
1458 2827 1784 2896 utramque
1837 2833 1980 2895 par-

192 2924 320 2975 tem
363 2914 530 2975 haud
573 2915 699 2978 levi
743 2917 862 2975 erit
903 2927 1237 2976 momento.
1338 2916 1463 2977 Sed
1505 2919 1863 2997 priusquam
1903 2933 1976 2973 eo

313 3099 381 3155 [a]
413 3100 467 3143 V.
499 3100 540 3142 le
570 3099 734 3156 Moyne
763 3100 819 3143 ad
842 3101 981 3145 Varia
1010 3102 1148 3145 Sacra
1177 3117 1218 3160 p.
1242 3100 1342 3146 849.
1384 3101 1643 3144 Reuchlinus
1667 3099 1820 3143 Cabal.
1841 3099 1894 3143 L.
1916 3098 1975 3141 ΙΙ.

199 3155 300 3198 698.
337 3158 515 3201 omnia
546 3159 713 3212 haec,
763 3159 930 3216 inquit,
982 3161 1050 3203 ad
1078 3176 1179 3204 nos
1210 3177 1274 3205 ex
1304 3161 1641 3216 Pythagora
1670 3160 1974 3210 fluxerunt,

202 3228 346 3270 quae
384 3215 511 3274 ipse
551 3218 762 3275 partim
804 3220 871 3262 ab
901 3220 1236 3277 Aegyptiis,
1264 3219 1478 3278 partim
1509 3219 1576 3262 ab
1605 3217 1891 3262 Hebraei·
1920 3220 1975 3258 et

203 3272 526 3319 Chaldaeis
567 3280 745 3334 atque
788 3277 937 3334 apud
979 3279 1185 3335 Magos
1225 3277 1445 3322 didicit.
1513 3278 1638 3322 Haec
1666 3276 1862 3321 doctrina
1889 3279 1977 3319 tam

203 3335 326 3375 vetus
357 3337 422 3376 eet
434 3367 446 3389 ,
475 3337 525 3378 ut
548 3335 637 3390 iam
665 3349 747 3394 pro
775 3350 889 3381 nova
918 3337 1171 3382 celebretur.
