2158 3848
0 0 8 217 Ιι

0 224 6 249 k

0 287 7 375 ἕ

0 381 5 464 ἓ

0 488 8 550 51

0 552 40 629 5

767 237 1227 283 onpnch.
1768 225 1892 288 383

102 369 443 430 Diversum
483 369 626 428 huic
666 368 816 438 furit,
883 374 955 424 ut
1008 365 1267 445 opinor,
1323 365 1566 426 Musaei
1608 378 1894 455 Σφαῖρα,

103 489 347 529 carmen
390 469 887 528 astronomicum.
948 486 1009 527 v.
1054 467 1315 526 Passow
1360 465 1438 525 de
1481 467 1641 527 Mus.
1686 487 1747 548 p.
1791 472 1893 531 46.

99 570 241 628 licet
283 569 463 627 aliter
507 568 772 648 accipiat
803 566 1035 628 Bakius
1081 567 1162 627 ad
1206 567 1498 627 Posidon.
1540 588 1601 649 p.
1637 568 1738 628 34.
1800 570 1896 630 Ex
1948 600 1949 603 ¹

98 669 222 727 alio
292 687 510 745 genere
577 669 1203 749 technopaegniorum
1275 678 1370 728 est
1436 667 1699 729 Homeri
1765 672 1893 750 epi-

94 786 375 845 gramma
417 770 484 827 in
526 768 802 843 Midam,
849 771 947 829 cui
990 771 1057 828 in
1087 767 1236 829 Cod.
1262 768 1458 851 Vatic.
1503 788 1735 830 nomen
1759 778 1829 833 K
1843 769 1894 817 '—

94 876 237 938 κλος
278 867 677 948 adscriptum,
724 889 844 948 quo
873 870 1255 950 Philoponus
1301 889 1551 960 quoque
1588 873 1784 930 utitur
1825 872 1893 930 in

94 969 139 1026 Ι.
184 968 366 1028 Anal.
411 969 578 1027 Post.
623 989 684 1050 p.
730 970 831 1030 34.
877 970 933 1029 b.
1020 970 1225 1048 Hujus
1275 973 1443 1030 enim
1487 972 1714 1048 singuli
1756 991 1893 1033 ver-

2 1076 43 1120 “.
97 1087 205 1128 sus
250 1071 342 1128 ita
387 1069 754 1129 conformati
809 1079 980 1143 sunt,
1050 1078 1138 1127 utv
1178 1089 1542 1150 quocunque
1598 1071 1897 1130 collocen-

99 1179 199 1228 tur
243 1169 493 1242 ordine,
539 1172 846 1229 sententia
892 1169 1112 1229 cadem
1157 1172 1412 1243 existat,
1471 1172 1631 1230 sicut
1673 1172 1737 1230 in
1781 1172 1898 1245 his,

93 1287 252 1348 quae
303 1270 594 1354 Τρίγωνα
641 1279 890 1331 vocant.
932 1290 994 1331 v.
1038 1271 1324 1330 Eustath.
1369 1271 1622 1352 p.›397.
1667 1272 1768 1332 20.

265 1368 500 1430 XXXI.
587 1369 887 1455 Σωτήρια
933 1371 1230 1431 Timoclis
1275 1381 1382 1431 aut
1426 1371 1709 1449 Pergini,
1748 1392 1896 1452 quo-

20 1479 32 1487 “
92 1487 229 1528 rum
274 1480 521 1550 praeter
564 1490 792 1532 nomen
834 1473 990 1533 nihil
1034 1483 1257 1546 restat,
1318 1492 1518 1552 neque
1577 1491 1892 1551 argumen-

92 1579 226 1630 tum
272 1590 348 1630 ex
390 1572 796 1652 inscriptione
837 1575 1115 1653 patescit.
1203 1573 1554 1650 Hesychius
1597 1573 1897 1658 Σωτήρια

89 1671 534 1751 interpretatur
579 1681 868 1755 σῶστρα,
930 1693 1052 1753 quo
1099 1682 1365 1755 utroque
1407 1676 1662 1734 nomine
1707 1675 1897 1735 dona-

89 1772 186 1829 ria
213 1751 293 1830 xet
337 1773 634 1831 sacrificia
677 1772 993 1847 dicuntur3
1063 1773 1252 1837 θύειν
1314 1774 1589 1856 σωτήρια
1632 1776 1894 1836 Diodor.

90 1869 287 1929 XVII.
338 1873 477 1932 loo.
523 1871 711 1936 θύειν
755 1881 1006 1955 σῶστρα
1043 1874 1278 1934 Pallad.
1305 1875 1517 1955 Epigr.
1543 1874 1894 1937 CXXXIX.

89 1989 152 2052 p.
205 1971 344 2031 143.
390 1971 460 2031 Τ.
504 1973 612 2035 III.
657 1972 880 2033 Achill.
928 1973 1063 2034 Tat.
1103 1976 1151 2034 Ι.
1202 1975 1581 2060 χαριστήρια
1624 1978 1731 2040 καὶ
1776 1979 1895 2054 ζω-

93 2069 309 2157 άγρια,
342 2073 662 2140 ἀπέθυσεν
714 2073 956 2134 Aelian.
1012 2075 1096 2135 H.
1152 2076 1270 2138 An.
1315 2077 1424 2138 XI.
1471 2078 1571 2138 31.
1643 2088 1896 2163 σῶστρα

90 2173 198 2235 καὶ
232 2173 610 2258 χαριστήρια
651 2176 936 2255 Inscript.
983 2176 1174 2258 Spon.
1218 2178 1476 2246 Miscell.
1520 2199 1582 2260 p.
1634 2180 1773 2239 132.
1820 2181 1896 2256 cf.

93 2273 426 2354 Spanhem.
470 2265 589 2356 Ep.
634 2275 716 2335 ad
752 2276 994 2336 Morell.
1039 2297 1100 2357 p.
1130 2278 1276 2338 464.
1323 2279 1705 2340 Schleusner.
1732 2280 1893 2343 Nov.

96 2373 279 2434 Thes.
335 2374 406 2434 Τ.
451 2375 525 2435 V.
585 2373 829 2458 255.[¹¹]
935 2378 1126 2458 Apud
1193 2381 1507 2460 Romanos
1578 2380 1895 2442 Soteria

91 2485 394 2536 vocantur
451 2479 725 2538 carmina
779 2479 1211 2555 gratulatoria,
1271 2491 1424 2543 vota
1482 2493 1544 2542 et
1597 2484 1894 2543 sacrificia

90 2595 209 2659 pro
253 2587 618 2659 recuperata
661 2577 880 2653 salute,
928 2589 1226 2661 extatque
1270 2601 1345 2641 eo
1390 2585 1644 2643 nomine
1681 2586 1892 2645 inscri—

91 2687 268 2758 ptum
316 2678 501 2738 Statii
545 2697 823 2753 carmen,
869 2681 1036 2761 quod
1082 2702 1220 2742 cum
1264 2684 1383 2744 hoc
1411 2684 1682 2766 Orphico
1729 2697 1893 2747 c‘om-

94 2779 273 2859 ponit
314 2777 367 2838 J.
415 2776 481 2839 C.
527 2779 797 2860 Scaliger
838 2782 905 2841 in
949 2783 1118 2844 Poet.
1161 2786 1268 2846 ΙΙΙ.
1315 2808 1362 2846 c.
1406 2787 1544 2848 103.
1635 2786 1885 2860 Quaeri-

97 2884 196 2936 tur
238 2897 319 2941 an
360 2899 486 2940 non
529 2882 797 2941 similius
841 2881 1028 2945 fuerit
1064 2887 1464 2968 Empedoclis
1492 2893 1889 2973 Καθαρμοῒς,

96 2994 292 3058 neque
333 2990 462 3042 tam
506 3000 836 3064 corporum
880 3005 1065 3067 quam
1121 2991 1471 3050 animorum
1516 2989 1889 3051 medicinam

98 3346 168 3376 res
208 3335 283 3378 sed
329 3335 461 3379 solius
498 3337 618 3383 Iovis
662 3342 993 3386 Conservatoris
1032 3347 1239 3410 sole-mnia
1279 3335 1487 3408 Σωτήρια
1519 3349 1636 3392 Plut.
1669 3351 1721 3393 V.
1757 3351 1880 3393 Arat.
1974 3393 1981 3399 ,

17 3399 21 3447 2
100 3406 137 3435 c.
169 3391 237 3436 58.
269 3394 425 3451 Polyb.
457 3395 535 3441 1v.
565 3395 636 3443 49.
832 3413 866 3456 χ
