2158 3848
245 203 371 267 528
776 220 1015 265 LIBER
1057 221 1490 266 SECUNDUS.

241 370 533 434 praesens
579 361 820 414 vertere
864 354 1059 412 coacti
1112 361 1285 425 sunt,
1347 352 1610 411 fortasse
1665 352 1747 412 ad
1795 354 2026 431 signifi-

242 453 507 514 candum
527 497 545 526 ,
621 451 922 513 mundum
992 453 1155 512 hunc
1230 452 1381 512 olim
1458 451 1662 512 denuo
1723 462 2029 514 restaura-

239 563 376 614 tum
420 555 516 614 iri.
602 551 1107 612 Fundamentum
1163 552 1352 629 igitur
1406 552 1590 631 hujus
1647 554 1935 614 carminis
1989 571 2029 613 a

241 653 632 730 Theogoniae
699 660 949 711 auctore
1018 652 1295 731 positum
1364 671 1499 712 esse
1555 654 1688 731 ajo;
1775 655 2030 733 eJusque

237 753 539 813 ambitum
583 749 1045 831 quodammodo
1092 771 1127 810 e
1162 750 1406 811 Proculi
1448 751 1693 813 indiciis
1740 754 2027 832 cognosci

235 871 423 933 posse
463 870 590 910 non
633 869 819 930 nego;
885 850 995 911 sed
1053 849 1205 931 quid
1258 851 1338 911 ab
1395 852 1553 926 illis,
1617 873 1771 933 quos
1829 854 2026 913 Euse-

235 953 375 1013 bius
442 960 505 1011 et
572 950 877 1012 Stobaeus
951 956 1320 1031 sequuntur,
1407 953 1465 1011 ei
1521 953 2026 1033 superstructum,

238 1051 389 1133 quid
434 1070 610 1126 casu,
670 1072 908 1126 errore,
955 1053 1212 1112 consilio
1257 1051 1547 1112 abrasum
1591 1053 1810 1127 fuerit,
1859 1051 2028 1131 judi-

240 1173 379 1214 care
424 1171 659 1215 vereor.
746 1151 830 1212 Ut
870 1162 1081 1213 tamen
1122 1153 1262 1212 aliis
1305 1153 1413 1215 via
1458 1152 1806 1234 expeditior
1846 1154 2026 1225 foret,

238 1252 484 1313 deserui
526 1254 835 1313 rationem
893 1253 971 1312 ab
1014 1253 1289 1331 Heringa
1334 1252 1592 1316 Observ.
1637 1253 1746 1313 XI.
1801 1251 1904 1314 95.
1964 1262 2029 1312 et

239 1354 512 1413 Gesnero
557 1355 776 1412 initam
795 1396 812 1425 ,
858 1355 963 1432 qui
1006 1355 1217 1415 varios
1262 1372 1499 1426 versuS,
1543 1352 1862 1413 undelibet
1905 1353 2025 1413 col-

237 1454 460 1525 lectos,
519 1454 585 1511 in
641 1471 834 1511 unum
891 1463 1336 1526 contexuerunt
1391 1471 1640 1532 corpus;
1706 1460 1838 1532 quo
1887 1452 2028 1512 effe-

239 1564 404 1614 ctum
462 1565 585 1628 est,
671 1563 742 1612 ut
794 1571 978 1613 nemo
1035 1554 1157 1612 nisi
1215 1554 1322 1633 qui
1376 1552 1615 1632 singula
1668 1553 2028 1612 testimonia

234 1673 446 1715 rursus
492 1672 531 1713 a
574 1672 641 1713 se
697 1655 966 1715 invicem
1021 1654 1437 1734 separaverit,
1494 1652 1657 1711 clare
1699 1651 2027 1733 pervidere

236 1757 466 1835 possit,
513 1753 662 1834 quid
705 1754 999 1814 Proculus
1045 1753 1353 1833 discrepet
1396 1751 1474 1812 ab
1517 1751 1842 1834 Apulejo,
1877 1752 2027 1835 quid

241 1858 403 1915 inter
477 1855 638 1914 hunc
721 1864 784 1913 et
860 1855 1233 1932 eclogarium
1306 1852 1671 1914 Stobensem
1764 1856 2024 1915 intersit.

231 1955 363 2018 Nos
409 1966 618 2015 autem
675 1973 801 2013 non
854 1955 1056 2015 solum
1102 1955 1220 2014 hoc
1277 1973 1496 2015 cavere
1542 1955 1885 2029 voluimus,
1945 1974 2024 2014 ne

234 2058 370 2137 quis
414 2056 577 2116 hunc
622 2054 902 2115 ordinem
949 2065 1010 2114 et
1051 2073 1444 2135 progressum
1503 2056 1788 2115 carminis
1831 2055 2024 2115 fuisse

232 2166 442 2238 putet,
487 2157 593 2236 qui
634 2157 701 2215 in
747 2155 1006 2215 Gesneri
1050 2154 1323 2214 editione
1368 2155 1636 2228 obtinet,
1679 2154 1791 2226 sed
1834 2157 2025 2216 etiam
2070 2193 2074 2198 -

233 2258 572 2337 suspicioni
642 2257 846 2316 locum
910 2255 1304 2337 reliquimUS,
1390 2256 1822 2336 primigeniam
1891 2257 2024 2335 eJus

231 2357 502 2416 formam
574 2356 1084 2438 interpolantium
1151 2356 1407 2416 arbitrio
1467 2375 1629 2416 nunc
1698 2356 2023 2418 dilatatam

234 2475 396 2515 nunc
439 2455 799 2517 adstrictam
845 2475 1014 2530 esse,
1069 2476 1330 2536 quorum
1375 2457 1636 2516 alterum
1679 2475 1770 2531 ex
1812 2456 2023 2516 crebra

238 2554 515 2634 ejusdem
560 2555 739 2618 verbi
780 2558 989 2642 γένετο
1045 2559 1374 2616 iteratione
1433 2567 1496 2616 et
1553 2557 1770 2616 ceteris
1815 2556 2022 2617 amba-

235 2656 411 2735 gibus
457 2665 745 2737 apparet,
818 2656 1080 2716 alterum
1123 2657 1280 2716 mihi
1338 2657 1405 2714 in
1445 2655 1548 2714 Fr.
1592 2655 1753 2716 VIII.
1813 2675 1874 2718 v.
1924 2655 2021 2716 11.

235 2755 748 2817 animadvertisse
790 2755 1041 2830 videor,
1085 2755 1193 2816 ubi
1237 2765 1482 2836 praeter
1505 2755 1703 2815 Metin
1746 2764 1809 2815 et
1829 2755 2022 2816 Amo-

235 2876 370 2918 rem
412 2857 620 2938 plures
666 2855 816 2916 deos
859 2857 1209 2916 nominatos
1255 2875 1387 2916 esse
1432 2854 1814 2916 crediderim.
1871 2856 2020 2917 Pro-

238 2958 411 3018 culus
466 2958 627 3018 hunc
681 2974 931 3019 versum
985 2957 1232 3037 saepius
1293 2966 1554 3037 usurpat
1605 2958 1673 3017 in
1729 2955 1887 3016 Tim.
1941 2957 2018 3017 Π.

241 3058 380 3118 137.
440 3053 491 3141 ᾧ
547 3058 653 3120 καὶ
710 3059 742 3121 ὅ
789 3057 947 3127 Ζεὺς
1003 3054 1317 3143 ἀνάλογον
1360 3056 1571 3137 Μῆτίς
1623 3062 1690 3120 τε
1743 3063 2019 3133 καλεῖται,

238 3158 345 3221 καὶ
386 3158 636 3240 δαίμων
679 3160 712 3222 ὃ
771 3157 958 3228 αὐτὸς
1001 3158 1122 3221 Ἓν
1177 3156 1492 3240 κράτος,
1548 3157 1656 3228 εἷς
1710 3156 2016 3240 δαίμων

235 3259 502 3344 γένετο
546 3253 783 3344 μέγας
827 3257 1061 3342 ἀρχὸς
1106 3256 1491 3322 ἁπάντων.
1537 3258 1605 3315 in
1632 3256 1702 3316 L.
1725 3258 1832 3318 111.
1876 3252 2015 3315 156.

239 3358 271 3421 ὅ
318 3358 696 3444 ὃημιουργος
741 3361 858 3440 ἔχει
903 3358 1092 3429 αὐτὸς
1135 3362 1202 3422 ἐν
1245 3362 1449 3440 ἑαυτῷ
1503 3357 1618 3437 τὴν
1660 3354 1775 3422 τοῦ
1799 3356 2012 3439 Ἔρω-
