2158 3848
257 177 382 238 256
790 191 1029 235 121131323
1072 192 1551 240 SECUNDUS..

255 324 451 394 tione,
508 339 591 380 ex
648 320 915 393 artibuS‚
970 322 1195 395 literis,
1250 322 1526 382 moribus
1570 326 1933 385 memoriam
1977 339 2038 386 et

192 466 194 468 ψ
253 423 513 499 vestigia
557 422 690 499 ejus
734 421 996 480 latenter
1038 422 1341 500 impressa
1384 433 1562 482 eruat
1575 425 1678 505 [*].

420 521 522 582 Ad
590 522 773 598 hujus
842 529 1049 579 autem
1119 524 1494 599 quaestionis
1565 506 2037 603 explicationem

251 620 687 704 percommode
732 619 980 692 accidit,
1024 619 1192 698 quod
1224 620 1457 701 Orphei
1498 642 1726 684 nomen
1769 634 1864 684 tot
1906 636 2038 685 tan-

251 726 453 801 tisque
497 720 767 780 inventis
811 719 1191 778 illustratum
1243 721 1452 802 itaque
1505 744 1643 784 cum
1701 727 1873 784 omni
1926 744 2038 806 pu-

252 822 411 880 blica
473 821 841 900 privataque
898 818 1273 878 Graecorum
1330 822 1624 899 religione
1684 826 2038 905 copulatum

251 931 374 994 est,
431 930 532 993 ut,
591 920 646 978 si
689 919 841 977 nihil
887 919 1194 992 omnium,
1254 938 1412 1000 quae
1458 919 1536 979 de
1580 941 1653 981 eo
1697 925 2039 1004 praedicari

249 1022 469 1094 solent,
514 1019 792 1080 Homero
837 1027 1054 1078 notum
1099 1019 1289 1078 fuisse
1333 1031 1650 1100 appareat,
1694 1028 1901 1104 ipsum
1932 1025 2038 1084 ad-

249 1122 368 1181 huc
423 1123 488 1180 in
544 1119 754 1180 abdito
813 1119 1068 1178 latuisse
1122 1137 1370 1179 necesse
1415 1122 1514 1180 sit.
1603 1122 1706 1182 Sic
1750 1126 1915 1183 enim
1961 1124 2038 1184 de

250 1221 498 1302 Orpheo
555 1221 931 1299 accepimUS,
989 1238 1129 1277 eum
1190 1229 1250 1278 et
1306 1231 1618 1282 cantorem
1677 1223 1869 1283 fuisse
1913 1225 2039 1283 exi-

247 1324 444 1382 mium
504 1331 566 1380 et
618 1320 889 1380 fatorum
946 1320 1346 1399 interpretem
1403 1331 1466 1380 et
1519 1322 1861 1383 medicinae
1905 1333 2038 1383 arte

247 1423 480 1482 clarum
534 1430 597 1480 et
651 1421 1053 1497 mysticarum
1123 1422 1595 1482 cerimoniarum
1647 1424 2038 1485 inventorem

246 1524 511 1582 unicum.
571 1540 628 1581 v.
684 1517 838 1598 Cap.
880 1520 927 1578 Ι.
975 1519 1188 1578 Talem
1233 1540 1383 1582 vero
1430 1522 1744 1581 hominem
1788 1534 2038 1604 tamque

243 1622 576 1682 multarum
641 1638 846 1678 rerum
919 1620 1229 1678 conscium
1297 1621 1538 1681 nullum
1595 1621 1776 1682 nobis
1830 1632 2039 1682 narrat

243 1724 350 1782 ille
406 1722 739 1782 fidissimus
788 1720 1178 1799 antiquitatis
1232 1723 1519 1796 nuncius3
1577 1721 1688 1780 sed
1726 1716 1852 1780 valii
1908 1742 2036 1781 me-

245 1821 433 1882 dendi
474 1822 828 1881 facultatem
875 1820 1121 1895 tribuit,
1176 1822 1284 1880 alii
1327 1824 1644 1881 scientiam
1688 1842 1894 1882 rerum
1939 1823 2038 1881 fu-

244 1933 538 1996 turarum,
581 1922 742 1980 hunc
785 1920 1127 1980 sacerdotio
1172 1920 1525 2000 praeditum
1561 1921 1814 1996 inducit,
1857 1923 2035 1982 illum

244 2033 424 2083 cantu
468 2022 816 2102 fidibusque
858 2021 1226 2100 pollentem3
1272 2022 1436 2101 quod
1483 2031 1553 2082 ut
1597 2023 1813 2102 cuique
1838 2024 2035 2082 mani-

245 2125 471 2183 festum
530 2124 642 2195 sit,
698 2122 953 2194 faciam,
1009 2121 1176 2201 quod
1222 2123 1354 2199 jam
1412 2122 1519 2182 diu
1574 2122 1806 2181 factum
1852 2141 2034 2202 opor-

243 2227 362 2284 tuit
403 2222 513 2283 sed
546 2241 729 2282 nemo
766 2221 966 2281 adhuc
999 2223 1226 2301 exequi
1259 2223 1461 2284 voluit
1478 2219 1554 2303 [b]
1604 2231 1787 2301 atque
1823 2241 2034 2281 omnes

243 2325 439 2398 locos,
483 2323 702 2405 quibus
749 2324 956 2402 aliqua
995 2324 1258 2384 istorum
1303 2341 1629 2382 munerum
1672 2323 2034 2399 significatio

243 2425 518 2503 subjecta
562 2434 689 2497 est,
738 2422 956 2481 ordine
1001 2422 1390 2482 enumerabo.

413 2525 499 2582 Et
541 2525 815 2604 primum
859 2521 1108 2601 quidem
1152 2523 1501 2584 sacerdotes
1547 2541 2032 2582 commemoran-

242 2634 343 2685 tur
382 2625 479 2684 hi:
541 2621 712 2702 apud
756 2619 1011 2681 Cicones
1054 2622 1277 2681 Maron
1316 2623 1626 2703 Apollinis
1670 2622 1809 2680 luco
1853 2641 2032 2702 prae-

240 2727 483 2807 positus
543 2722 659 2783 Od.
702 2721 811 2782 IX.
862 2722 1000 2781 197.
1059 2724 1267 2782 fictum
1310 2723 1527 2802 procul
1571 2721 1759 2781 dubio
1803 2739 2031 2781 nomen

244 2825 778 2903 assimilatumque
820 2822 960 2881 urbi
999 2821 1323 2882 Maroniae
1356 2824 1491 2901 jam
1536 2822 1614 2882 ab
1658 2821 1859 2900 Augia
1901 2841 2029 2882 me-

241 2936 535 2985 moratae.
575 2943 637 2986 v.
682 2923 874 2983 Procl.
921 2920 1259 2982 Chrestom.
1302 2943 1363 3003 p.
1408 2922 1546 2983 XII.
1590 2923 1783 2984 Bekk.
1863 2923 2030 2982 Inter

360 3052 413 3108 [Ἴ
445 3052 544 3094 Hoc
574 3050 876 3094 ratiocinativo
905 3050 1118 3107 probandi
1146 3064 1304 3106 genere
1331 3050 1427 3107 ipse
1451 3049 1588 3093 utitur
1612 3050 1772 3092 Strabo
1795 3048 2028 3091 seditiosae

241 3111 480 3153 sententiae
510 3115 683 3152 auctor:
714 3112 935 3168 μοχθηρῷ
965 3113 1135 3166 σημείῳ
1158 3112 1325 3169 χρῆται
1353 3112 1443 3159 πᾶς
1473 3106 1496 3152 ὃ
1529 3110 1579 3153 ἐκ
1608 3111 1687 3152 τοῦ
1715 3106 1780 3166 μὴ
1810 3109 2030 3166 λέγεσθαί

240 3186 283 3212 τι
324 3167 414 3213 ’ὑπὸ
454 3171 534 3211 τοῦ
570 3171 757 3223 ποιητοῦ
799 3167 1066 3226 ἀγνοεῖσθαι
1102 3169 1247 3212 ἐκεῖνο
1292 3165 1366 3211 ὑπ’
1413 3166 1551 3211 αὐτοῦ
1589 3163 1943 3226 τεκμαιρόμενος
1968 3165 2023 3208 L.

242 3224 609 3342 ΧΠ.[ῗ·ῗ41.Ἳιιρ6ι·
649 3284 899 3327 Nitzschius
928 3284 974 3326 in
1003 3290 1223 3326 comment.
1255 3285 1312 3327 ad
1342 3284 1501 3341 Odyss.
1531 3284 1614 3327 ΙΙΙ.
1644 3280 1744 3328 439.
1777 3280 2021 3328 accuratius

242 3343 350 3387 haec
378 3357 456 3400 pro
488 3342 630 3400 operis
660 3344 827 3387 ratione
856 3347 1047 3400 tractare
1076 3344 1275 3386 instituit.

2151 3119 2158 3148 -
2149 2907 2158 3097 *Q--n
2142 2724 2149 2734 N
