2158 3848
150 162 277 223 584
685 173 919 218 maun
962 144 1394 219 sacuNnu'S.

150 305 392 366 Proculi
435 304 627 367 verba
670 304 918 384 ἡἽππα
963 302 1173 367 λίκνον
1217 303 1315 366 ἐπὶ
1356 309 1464 382 τῆς
1506 309 1774 385 κεφαλῆς
1814 306 1929 365 θε-

146 408 332 490 μένη,
379 415 440 464 et
482 424 638 485 quae
683 402 973 481 deinceps
1019 401 1097 462 de
1142 404 1344 485 capite
1389 403 1633 462 animae
1674 401 1926 463 munda-

149 525 267 566 nae
310 513 642 584 argutatur.
690 501 998 574 Quoniam
1043 520 1193 562 vero
1238 503 1354 562 hoc
1397 504 1650 562 nomine
1694 512 1757 562 et
1782 523 1934 566 van-

148 625 263 665 nus
310 615 371 664 et
415 622 608 662 cunae
638 602 1088 686 significantur,
1132 601 1273 661 hinc
1317 601 1548 682 duplex
1590 591 1738 663 nata
1780 605 1936 664 sacri

148 707 339 764 moris
384 701 828 782 interpretatio.
885 700 1263 777 Hesychius}
1306 703 1603 783 Λικνίτης
1647 703 1938 767 ἐπίθετον

149 802 462 867 Διονύσου
520 802 641 864 ἀπὸ
686 809 819 864 τῶν
863 800 1122 875 λίκνων,
1170 804 1237 864 ἐν
1283 801 1372 871 οἷς
1415 802 1493 864 τοὶ
1541 803 1764 867 παιδία
1807 828 1938 866 κοι-

147 913 409 986 μῶνται.
465 901 653 981 idque
708 902 939 980 recepit
983 899 1286 980 Orpheus.
1372 899 1501 962 Alii
1544 921 1694 963 vero
1737 904 1938 964 venti-

147 1003 391 1063 labrum
444 1003 561 1061 hoc
618 1002 810 1060 animi
855 1003 1032 1081 quasi
1075 1000 1390 1063 vannandi
1434 1011 1495 1062 et
1538 1021 1577 1062 a
1619 1002 1938 1083 palearum

148 1103 418 1163 adhaesu
508 1100 813 1160 liberandi
903 1102 1300 1162 simulacrum
1379 1121 1514 1162 esse
1589 1103 1938 1165 voluerunt.

149 1204 344 1263 Varro
391 1201 558 1284 apud
605 1202 892 1263 Servium
939 1201 1019 1261 ad
1066 1203 1285 1281 Georg.
1329 1203 1375 1262 I.
1418 1202 1556 1262 166.
1599 1203 1941 1281 Μ’γεῐὶοει

148 1323 470 1383 vannus⁴
502 1303 762 1362 Iacchi
817 1301 1003 1361 ideo
1049 1304 1196 1377 ait,
1256 1301 1460 1382 quod
1503 1302 1773 1362 Liberi
1815 1303 1941 1363 Pa-

149 1406 300 1463 tris
346 1421 565 1462 sacra
608 1401 696 1461 ad
755 1396 1302 1482 purgationem
1359 1403 1662 1462 animae
1705 1405 1941 1482 perti-

106 1495 109 1499 ’
148 1501 438 1561 nebant
517 1512 591 1561 et
667 1504 781 1562 sic
857 1501 1211 1562 homines
1295 1501 1461 1578 ejus
1534 1502 1942 1577 mysteriis

151 1601 724 1682 purgabantur,
770 1604 975 1678 sicut
1018 1605 1295 1663 vannis
1339 1601 1733 1660 frumenta
1776 1620 1941 1682 pur-

153 1716 448 1780 gantur.
547 1703 749 1763 Hinc
805 1712 924 1762 est
983 1703 1187 1783 quod
1241 1702 1535 1762 dicitur
1589 1700 1948 1762 Osiridis*

151 1802 489 1862 membra
546 1823 583 1863 a
628 1803 1004 1883 Typhone
1049 1803 1442 1863 dilaniata
1483 1803 1638 1862 Isis
1684 1802 1944 1862 cribro

154 1906 784 1983 superposuisse.
886 1903 1071 1963 Nam
1126 1903 1328 1962 idem
1375 1912 1494 1962 est
1535 1902 1772 1962 Liber
1814 1903 1943 1963 Pa-

154 2013 301 2076 ter,
345 2005 420 2062 in
466 2005 684 2081 cujus
729 2005 1140 2080 mysteriis
1184 2021 1484 2064 vannus
1531 2011 1676 2075 est,
1722 2002 1811 2062 ab
1858 2023 1942 2062 eo

153 2102 356 2183 quod
399 2102 688 2161 liberet
734 2102 1026 2177 dictuS‚
1072 2122 1293 2182 quem
1335 2102 1697 2182 Orpheus
1743 2122 1783 2162 a
1827 2104 1944 2163 Gi-

154 2202 521 2281 gantibus
582 2203 780 2263 dicit
837 2222 1003 2262 esse
1061 2203 1561 2282 discerptum.
1661 2202 1945 2284 Orpheus

154 2321 307 2364 vero
378 2322 576 2383 neque
645 2304 937 2382 Gigantes
995 2305 1111 2364 hoc
1141 2327 1152 2367 χ
1165 2304 1382 2364 fecisse
1436 2302 1588 2362 dicit
1613 2299 1688 2385 [¹¹]
1747 2323 1947 2385 neque

157 2404 398 2462 animae
443 2404 800 2482 purgandae
844 2405 1143 2482 Zagreum
1185 2405 1463 2484 praeficit
1505 2402 1616 2463 sed
1662 2405 1946 2466 Semelae

152 2502 368 2574 filium,
414 2504 511 2560 cui
554 2504 713 2562 hunc
755 2504 1052 2563 honorem
1082 2514 1265 2583 atque
1289 2505 1675 2583 provinciam
1703 2502 1946 2584 Jupiter

157 2600 533 2661 demandare
576 2603 827 2665 videtur
869 2605 933 2661 in
978 2604 1259 2664 versibus
1303 2605 1472 2675 istis,
1529 2621 1683 2681 quos
1730 2603 1944 2680 Olym-

155 2692 456 2783 piodorus
513 2701 592 2762 ad
650 2703 804 2762 Plat.
850 2703 1106 2762 Phaedr.
1153 2725 1199 2763 c.
1245 2702 1507 2763 XXXII.
1550 2701 1752 2762 Fisch.
1796 2723 1940 2784 pro-

162 2801 357 2862 ducit:
418 2803 451 2866 ὅ
510 2802 817 2874 Διόνυσος
873 2802 1106 2874 λύσεώς
1162 2808 1330 2868 ἐστιν
1387 2809 1612 2877 αἴτιος,
1683 2792 1782 2867 διὸ
1839 2805 1946 2868 καὶ

164 2903 382 2974 λυσεὺς
427 2903 459 2967 ὅ
505 2905 655 2974 θεὸς
697 2904 803 2966 καὶ
838 2903 1102 2988 Ὀρφεύς
1147 2927 1339 2989 φησιν

422 3028 722 3101 Ἄνθρωποι
759 3031 817 3085 δὲ
852 3030 1127 3101 τεληέσσας
1164 3029 1454 3099 ἑκατόμβας

304 3114 596 3183 πέμψουσιν
631 3115 855 3188 πάσῃσιν
892 3116 945 3169 ἓν
981 3115 1136 3188 ὥραις
1171 3116 1500 3189 ἆμφιέτεσσιν

281 3267 350 3326 [k]
382 3271 662 3315 Recentiores
704 3273 1008 3331 mythograpbi
1052 3288 1136 3317 non
1177 3289 1277 3318 raro
1293 3274 1524 3330 *Gigantes
1554 3280 1600 3322 et
1631 3274 1816 3318 Titanes
1846 3287 1945 3331 per-

162 3333 350 3382 mutant,
391 3336 439 3374 ut
482 3332 562 3375 hoc
603 3333 697 3376 loco
739 3332 929 3376 Servius.
1001 3331 1089 3377 Sed
1129 3334 1241 3379 idem
1272 3334 1426 3378 fecisse
1456 3333 1717 3378 Pausaniam
1746 3332 1873 3377 VIII.
1901 3331 1943 3376 3.
