2158 3848
799 258 1249 327 oRPnicA.
1788 245 1911 307 751

132 408 248 468 que
291 386 607 451 secundas
635 405 813 464 agere
857 394 921 444 et
942 385 1199 466 Orpheo
1243 389 1420 466 quasi
1460 385 1748 450 dictatori
1773 389 1916 451 sub-

129 488 364 548 servire
432 485 737 549 videmus.
820 485 922 547 De
984 485 1097 548 fflo
1141 485 1391 547 Plinius
1446 485 1587 547 XX.
1643 485 1703 548 5.
1763 487 1918 571 (15.)

131 586 496 666 Orpheus
561 588 1061 649 amatorium
1098 587 1368 648 inesse
1427 585 1916 666 staphylino

129 687 385 759 dixit,
460 685 816 748 fortasse
887 687 1260 767 quoniam
1324 685 1707 748 Venerem
1769 690 1918 748 sti-

127 787 417 847 mulari
478 785 623 848 hoc
680 786 857 847 cibo
917 796 1215 849 certum
1276 796 1410 847 est.
1478 786 1715 867 vAtque
1769 787 1921 849 haec

129 887 377 968 quidem
416 886 502 948 de
545 887 920 950 animalibus
959 899 1028 949 et
1069 886 1276 949 herbis
1319 887 1616 965 singulari
1649 886 1918 967 quadam

126 998 435 1068 potestate
503 987 608 1050 vel
674 986 758 1050 ad
827 987 1203 1051 medendum
1271 988 1376 1050 vel
1436 987 1517 1048 ad
1563 988 1919 1052 nocendum

125 1087 456 1169 praeditis;
499 1086 664 1149 unde
707 1086 868 1149 libro
910 1089 1035 1168 ipsi
1077 1106 1307 1149 nomen
1342 1088 1619 1172 Ἰδιοφυῆ
1651 1087 1920 1153 inditum

125 1188 393 1252 videtur.
429 1187 651 1268 Neque
694 1206 806 1265 ego
850 1198 1181 1267 praecepta
1220 1187 1363 1270 περὶ
1405 1186 1762 1271 φαρμάκων
1803 1190 1921 1251 hoc

124 1291 380 1350 nomine
415 1288 815 1360 excluoerim,
860 1285 941 1347 de
985 1286 1207 1366 quibus
1251 1305 1402 1348 non
1415 1288 1556 1350 sine
1591 1289 1920 1370 reprehen-

123 1389 298 1448 sione
352 1387 628 1450 Galenus.
684 1386 762 1446 de
808 1384 1029 1450 Antid.
1090 1379 1162 1448 L.
1217 1388 1294 1450 Π.
1350 1408 1398 1448 c.
1443 1390 1502 1448 7.
1547 1389 1691 1452 909.
1730 1389 1805 1452 Β.
1849 1390 1918 1451 Τ.

123 1487 295 1549 XIII.
367 1487 735 1550 ἐκτίθεσθαι
799 1487 912 1558 τὰς
981 1485 1226 1552 τούτων
1293 1489 1451 1568 (τῶν
1505 1490 1918 1573 flamniam)
1949 1528 1951 1530 ·

124 1587 453 1658 σκευασίας
520 1586 855 1671 μοχθηρόν
922 1613 1030 1670 μοι
1097 1588 1304 1662 δοκεῖ,
1387 1614 1605 1674 mmo
1670 1600 1918 1656 πολλων

121 1686 660 1771 ἐπιχειρησάντων
684 1695 823 1760 ταῖς
861 1685 1167 1753 τοιούτων
1204 1697 1640 1776 συγγραφαῖς,
1696 1687 1787 1757 ὧν
1830 1699 1916 1755 si-

119 1811 226 1852 σιν
282 1789 558 1872 “Ὄρφεύς
625 1789 659 1852 ὃ
728 1789 1077 1868 ἐπικληθεὶς
1136 1788 1433 1876 Θεσλόγος
1487 1793 1594 1855 καὶ
1633 1787 1825 1874 Ὦρος
1876 1793 1912 1856 ὅ

121 1887 484 1970 Μενδήσιος
522 1889 634 1952 καὶ
668 1887 1047 1972 Ἡλιόδωρος
1090 1926 1175 1935 -
1219 1889 1482 1962 τούτους
1531 1891 1650 1974 μὲν
1680 1895 1800 1956 οὐκ
1833 1895 1916 1957 ἄν

119 2016 212 2059 τις
253 1989 651 2072 θαυμάσειεν
696 1991 1009 2073 ἐμμέτρως
1051 1989 1556 2071 ἐπιχειρήσαντας
1595 1999 1734 2064 ,ταῖς
1775 2018 1917 2076 περ-ι

109 2087 363 2154 τούτων
423 2090 792 2162 σκευασίαις.
897 2091 1064 2154 Hinc
1107 2093 1295 2154 etiam
1330 2094 1700 2188 intelligitur
1735 2093 1913 2176 Apu

118 2191 227 2268 leji
279 2192 715 2253 testimonium·
766 2211 1064 2272 quorsum
1119 2202 1357 2272 spectet
1405 2193 1595 2274 Apol.
1652 2215 1743 2275 p.
1759 2193 1915 2256 455..

119 2291 685 2382 Memorassem
732 2291 1151 2354 Theocriti
1195 2295 1426 2373 paria
1464 2302 1541 2354 et
1574 2295 1738 2356 alia
1765 2294 1914 2356 Ho—

119 2392 315 2453 meri
383 2402 459 2452 et
530 2391 831 2472 Orphei
899 2393 1276 2472 plurima,
1338 2403 1416 2455 et
1472 2414 1563 2456 ex
1621 2414 1913 2457 comoe-

121 2490 279 2553 diis
320 2502 402 2553 et
446 2492 896 2571 tragoediis
941 2496 1264 2571 graecis.
1345 2495 1649 2576 Loquitur
1690 2498 1791 2559 hic
1830 2496 1914 2560 de

117 2601 253 2654 arte
295 2594 551 2671 magica,
594 2594 774 2672 cujus
815 2594 911 2655 illi
956 2594 1203 2658 effectus
1249 2598 1494 2675 poetice
1539 2599 1914 2678 perscripse-

116 2701 292 2768 runt,
353 2692 636 2774 Orpheus
681 2704 888 2756 autem
933 2696 1252 2757 scientiam
1298 2697 1615 2777 professus
1659 2705 1787 2772 est,
1843 2709 1914 2759 ut

119 2803 383 2874 apparet
449 2813 527 2857 ex
593 2796 704 2869 iiis,
757 2814 921 2876 quae
973 2795 1038 2858 P.
1093 2797 1140 2857 Ι.
1201 2817 1248 2856 c.
1304 2797 1352 2857 I.
1408 2797 1468 2857 3.
1525 2796 1691 2859 dicta
1750 2783 1909 2860 sunt.

123 2891 306 2967 Quod
349 2893 611 2957 Tzctzes
631 2916 634 2920 ’
654 2896 841 2974 Exeg.
883 2915 944 2976 p.
988 2896 1083 2958 17.
1127 2897 1241 2976 τὴν
1285 2899 1428 2981 παρ’
1467 2900 1688 2982 Ὀρφεῖ
1714 2925 1910 2986 μεγα-

121 2994 584 3080 λεγκωμίαστον
638 2994 938 3081 Μαγικήν
995 2999 1309 3071 nominat,
1380 2997 1460 3057 ad
1518 2998 1762 3061 Lithica
1815 3021 1908 3061 re-

121 3094 269 3154 ferri
310 3103 552 3175 potest,
616 3093 727 3154 sed
784 3095 950 3156 idem
1011 3097 1327 3177 Orpheum
1388 3099 1528 3183 περὶ
1583 3101 1908 3183 ἐπῳὸικῶν

120 3195 226 3257 καὶ
263 3203 550 3280 μαγικῶν
595 3197 914 3277 scripsisse
957 3196 1220 3259 affirmat
1265 3201 1350 3275 (v.
1396 3197 1459 3258 P.
1504 3199 1579 3261 ΙΙ.
1626 3221 1673 3261 c.
1712 3202 1799 3283 7.)
1845 3213 1906 3262 et

120 3294 309 3354 libros
366 3294 598 3378 Orphei
641 3296 1035 3378 Musaeique‚
1098 3298 1175 3357 de
1219 3298 1443 3379 quibus
1488 3300 1664 3361 Plato
1710 3302 1903 3384 loqui—

122 3403 256 3467 tur,
314 3394 656 3457 Scholiasta
708 3418 769 3477 p.
823 3397 957 3459 150.
1018 3399 1256 3459 Ruhnk.
1313 3400 1451 3484 περὶ
1495 3402 1755 3486 ἐπῳδῶν
1798 3404 1903 3466 καὶ
