2158 3848
791 229 1366 275 ELEUSINIA.
1569 223 1572 227 ’
1883 220 1969 281 87

191 375 423 428 catur.
483 360 859 439 Augustinus
904 359 983 419 de
1027 358 1161 423 Civ.
1204 360 1283 422 X.
1328 360 1429 422 21.
1490 360 1654 422 Hoc
1695 380 1967 425 nomeu

190 461 418 545 (heros)
464 468 527 521 'a
593 459 896 521 Junone
970 459 1263 520 dicitur
1327 469 1690 534 tractum,
1770 483 1965 543 quae

185 563 676 644 graece‘Hpa,
736 569 809 619 et
850 559 1027 620 ideo
1073 562 1337 621 nescio
1383 563 1548 641 quis
1592 561 1817 621 filius
1858 581 1966 621 se-

184 661 507 724 cundum
562 661 1026 721 Graecorum
1082 661 1394 721 fabulas
1455 661 1680 721 heros
1724 660 1967 721 fuerit

182 770 705 841 nuncupatuS,
771 762 914 822 hoc
987 761 1368 834 videlicet
1423 762 1646 824 velut
1701 764 1966 838 mysti-

184 883 340 924 cum
383 861 893 939 significante
935 862 1236 937 fabula,
1279 861 1479 942 quod
1520 882 1651 922 aer
1683 859 1967 923 Junoni

182 962 636 1043 deputetur,
702 962 834 1022 ubi
905 964 1184 1025 volunt
1251 963 1531 1022 heroas
1587 962 1963 1023 habitare.

180 1061 410 1124 Arnob.
466 1060 539 1121 V.
598 1062 697 1122 32.
785 1063 1060 1142 Itaque
1115 1063 1242 1142 qui
1302 1062 1530 1136 dicit,
1609 1081 1766 1123 cum
1822 1082 1966 1123 sua

183 1161 603 1224 concubuit
644 1159 961 1242 Jupiter
1004 1173 1266 1237 matre,
1309 1160 1575 1225 Jovem
1621 1182 1756 1242 pro
1802 1163 1965 1244 plu-

180 1265 340 1338 via,>
412 1280 555 1343 pro
611 1262 900 1322 tellure
957 1260 1313 1323 Cererem
1370 1264 1739 1323 nominat.
1840 1262 1966 1322 Sic

179 1373 254 1423 et
313 1371 586 1443 raptus
657 1359 965 1423 Cereris
1036 1362 1257 1423 aliud
1328 1363 1661 1435 dicitur,
1743 1361 1966 1422 aliud

179 1463 733 1542 significatur,
823 1473 896 1523 et
973 1463 1112 1524 sub
1193 1464 1504 1542 vulgari
1583 1464 1963 1544 simplici-

179 1572 348 1624 tate
419 1565 800 1623 sermonis
858 1564 1057 1625 latet
1111 1566 1322 1623 ratio
1382 1572 1682 1624 secreta
1737 1573 1811 1624 et
1866 1562 1965 1621 al-

180 1662 440 1724 titudo
482 1664 846 1725 involuta
887 1666 1266 1742 mysterii.
1364 1665 1724 1742 Fulgentius
1766 1662 1965 1740 Myth.

179 1764 249 1824 L.
303 1764 351 1823 I.
406 1764 602 1823 Praef.
656 1783 718 1844 p.
764 1763 865 1827 21,
922 1764 1237 1843 repulso
1283 1764 1690 1823 mendacio
1737 1763 1965 1821 Grae-

180 1866 345 1924 ciae
386 1863 757 1924 fabuloso
802 1873 1261 1938 commento,
1318 1863 1503 1943 quid
1558 1864 1967 1940 mysticum

177 1965 255 2023 in
307 1965 425 2024 his
469 1982 763 2044 sapere
801 1962 1083 2023 debeat
1127 1963 1559 2038 cerebrum,
1604 1981 1964 2041 agnosca-

176 2082 367 2139 mus3
413 2084 533 2144 quo
578 2062 835 2123 exordio
876 2063 1190 2124 inducitur
1241 2064 1492 2124 fabulae
1533 2064 1964 2145 interpretatio

178 2164 520 2243 allegorica,
588 2165 797 2245 quales
853 2163 1043 2224 hodie
1097 2183 1339 2246 quoque
1396 2166 1644 2225 cerebra
1697 2165 1978 2240 mystica*

179 2264 495 2325 exsudant.
550 2265 622 2324 cf.
663 2265 733 2324 L.
776 2265 853 2324 II.
898 2285 946 2323 c.
997 2263 1093 2323 15.
1150 2274 1212 2324 et
1273 2265 1367 2325 16.
1464 2263 1548 2325 Et
1600 2265 1748 2324 illae
1787 2265 1964 2344 ipsae

178 2364 748 2424 Ecclesiasticorum
791 2364 1055 2447 θεωρίαι
1095 2365 1393 2448 μυστικαί
1422 2364 1772 2445 quid'aliud
1800 2373 1962 2437 sunt,

100 2511 102 2513 -
179 2483 367 2545 quam
409 2466 846 2545 explicationes
891 2464 1189 2525 librorum
1217 2484 1534 2525 sacrorum
1562 2464 1962 2544 allegoricae'.l

178 2565 398 2645 quibus
451 2566 516 2625 in
568 2565 741 2626 libris
798 2563 969 2625 aliud
1024 2564 1445 2626 secundum
1501 2566 1814 2627 literam
1857 2564 1962 2626 vel

176 2665 605 2741 historiam,
649 2666 819 2727 aliud
849 2666 1289 2728 secundum
1331 2669 1793 2745 mysterium
1840 2665 1962 2724 dici

174 2764 543 2827 Ambrosius
585 2767 655 2827 L.
700 2767 778 2827 de
820 2766 961 2827 vid.
1003 2789 1065 2851 p.
1116 2767 1253 2829 145.
1298 2767 1447 2829 '1¹.1.
1494 2769 1858 2829 Philastrius
1884 2764 1962 2824 de

175 2863 362 2925 Haer.
404 2886 465 2948 p.
512 2865 612 2927 51.
654 2868 811 2930 Bibl.
855 2869 1028 2948 Bing.
1074 2869 1143 2930 T.
1187 2870 1290 2930 IV.
1335 2870 1400 2929 P.
1444 2872 1489 2930 I.
1535 2870 1760 2949 aliique
1804 2865 1961 2926 affir-

178 2974 351 3025 mant
400 2967 670 3048 plurimi.
754 2968 882 3031 Nec
925 2969 1114 3032 distat
1155 2970 1488 3051 quidquam
1533 2989 1572 3029 a
1613 2967 1960 3046 symbolico

182 3081 396 3141 genere
462 3065 724 3131 dicendi.
829 3070 1060 3132 Anecd.
1125 3072 1317 3152 Bekk.
1385 3071 1454 3130 T.
1509 3071 1556 3130 I.
1612 3069 1755 3130 384.
1813 3067 1959 3136 ἁλὸς

184 3165 377 3231 θείοιο
421 3169 517 3253 (ΙΙ.
560 3170 661 3230 24.
704 3171 873 3253 214.)
914 3182 1228 3256 μυστικῶς
1272 3173 1467 3243 οὕτως
1514 3166 1957 3256 προςαγορεύε-

183 3284 306 3328 ται·
378 3270 642 3334 σπονδαὶ
710 3271 834 3357 γὰρ
901 3274 1007 3337 καὶ
1077 3273 1381 3357 ὃμεστίων
1444 3273 1549 3336 καὶ
1608 3274 1792 3355 ἱερῶν
1855 3268 1960 3331 καὶ

190 3364 378 3429 ὁσίων
444 3370 549 3432 καὶ
596 3373 894 3454 τραπέζης
961 3375 1255 3439 κοινωνία
1322 3372 1523 3457 τούτῳ
1584 3367 1959 3456 χαρακτηρί-
