2158 3848
251 217 378 279 752
782 227 1019 274 121ss}ss
1063 231 1497 276 SECUNDUS.

252 361 624 444 καθαρσίων
691 362 797 423 καὶ
864 359 1285 446 μειλιγμάτων
1356 362 1460 424 καὶ
1531 367 1662 424 τῶν
1735 361 2038 425 τοιούτων

249 465 513 543 scriptos
572 462 762 521 fuisse
819 458 1012 519 tradit
1067 469 1177 519 aut
1229 459 1464 520 famam
1508 479 1768 541 sequens
1812 472 1921 522 aut
1964 481 2041 521 ex

246 583 316 622 re
371 566 510 644 ipsa
564 563 977 639 conjecturam
1036 557 1282 619 ducens.
1397 559 1682 621 Ceterum
1742 562 1833 620 ita
1888 562 2042 621 mihi

247 661 626 744 persuadeo,
694 661 845 719 haec
903 660 1112 719 omnia
1167 669 1515 721 commenta
1567 679 1758 721 unum
1813 660 2040 721 habere

248 780 572 822 commune
616 758 1124 832 fundamentum,
1168 760 1464 840 illamque
1509 771 1791 822 veterum
1825 770 2041 842 poeta-

245 882 385 922 rum
442 860 749 934 fabulam,
808 861 914 940 qui
973 859 1288 941 Orpheum
1346 870 1480 920 arte
1523 870 1803 920 materna
1843 862 2042 921 flumi-

246 982 396 1023 num
454 962 667 1042 lapsus
726 958 1074 1040 celeresque
1130 970 1352 1022 ventos
1395 969 1742 1020 morantem
1785 959 2043 1021 induxe-

243 1071 409 1136 runt,
454 1063 684 1123 sensim
726 1062 792 1120 in
836 1061 993 1120 hanc
1037 1059 1438 1138 degenerasse
1482 1063 1771 1141 speciem,
1814 1070 1885 1120 ut
1918 1078 2044 1120 non

246 1160 580 1223 modorum
640 1162 1019 1222 musicorum
1063 1163 1379 1223 suavitate
1424 1161 1534 1221 sed
1577 1163 1812 1221 rituum
1857 1163 2045 1240 magi—

246 1281 460 1323 corum
508 1261 758 1320 diritate
802 1271 1006 1321 tantas
1050 1280 1148 1321 res
1195 1262 1464 1322 effecisse
1508 1261 1863 1321 crederetur
1903 1281 1937 1321 e
1964 1262 2044 1320 ci-

246 1361 549 1421 tharoedo
609 1362 676 1418 in
721 1362 1063 1421 veneficum
1112 1380 1343 1422 versus,
1433 1360 1635 1434 Quam
1678 1379 1890 1421 recens
1936 1380 2043 1420 au-

244 1471 370 1522 tem
428 1463 579 1521 haec
635 1462 720 1521 sit
776 1462 1068 1540 antiquae
1123 1460 1328 1519 famae
1388 1459 1756 1540 depravatio
1800 1479 1879 1519 ne
1921 1461 2042 1520 Pli-

245 1564 418 1622 nium
480 1560 732 1643 quidem
775 1561 1070 1621 fefellisse
1113 1560 1395 1634 videtur,
1439 1561 1546 1641 qui
1587 1580 1656 1620 re
1700 1554 2042 1621 accuratius

244 1664 525 1744 quaesita
594 1663 866 1743 primum
935 1663 1215 1721 omnium
1285 1660 1624 1720 Osthanem
1698 1658 1776 1719 de
1835 1659 2044 1738 Magia

243 1758 733 1824 commentatum
786 1780 923 1823 esse
966 1765 1324 1843 seminaque
1369 1763 1500 1840 ejus
1547 1762 1697 1821 artis
1740 1761 1807 1819 in
1852 1759 2044 1820 Grae-

243 1867 339 1925 cia
383 1866 684 1945 sparsisse
725 1865 990 1943 reperit,
1036 1863 1300 1930 libenter
1335 1862 1656 1944 Orpheum
1700 1859 2042 1922 crediturus

245 1986 280 2024 e
351 1966 702 2045 propinquo
760 1965 1078 2036 intulisse,
1138 1965 1205 2022 si
1261 1982 1414 2022 non
1472 1980 1753 2044 expers
1811 1958 2041 2020 sedes

242 2068 416 2145 ejus
462 2074 637 2125 tota
684 2064 985 2124 Thrace
1020 2064 1366 2142 Magices
1410 2063 1710 2131 fuisset
1742 2059 2039 2121 L.XXX.

243 2166 414 2247 2.[⁸].
503 2162 792 2226 Ceterum
848 2165 959 2224 illa
1015 2183 1290 2245 quoque,
1345 2182 1504 2248 quae
1549 2163 1770 2222 Graeci
1811 2159 1958 2220 inde
2003 2179 2042 2221 a

242 2268 608 2345 Lyricorum
664 2264 1052 2345 temporibus
1109 2264 1187 2324 de
1245 2264 1460 2326 divina
1515 2264 1751 2344 Orphei
1806 2263 2041 2322 musica

243 2367 506 2428 fabulati
552 2375 726 2442 sunt,
786 2369 842 2427 si
886 2388 921 2426 e
967 2368 1219 2426 testium
1266 2365 1571 2425 aetatibus
1619 2364 2039 2436 aestimentur,

240 2487 321 2527 ne
390 2477 630 2526 tantam
695 2467 945 2548 quidem
1018 2468 1402 2547 antiquitatis
1463 2467 1732 2547 speciem
1790 2463 2038 2537 haben-t,

242 2579 533 2649 quantam
592 2567 812 2635 ,fabula
879 2568 957 2627 de
1026 2569 1411 2647 Amphione,
1480 2586 1666 2647 quam
1722 2563 2036 2626 Homerus

243 2668 494 2750 quidem
551 2686 624 2726 eo
681 2666 853 2740 loco,
899 2686 1019 2747 quo
1079 2668 1428 2727 Thebarum
1486 2668 1827 2726 munitores
1884 2665 2037 2725 cele-

243 2770 417 2843 brat,
475 2778 544 2828 ut
597 2770 874 2845 ignotam
927 2768 1397 2847 praetermittit,
1454 2766 1770 2846 Europiae
1827 2775 2034 2826 autem

244 2869 529 2930 conditor
614 2867 992 2929 carminibus
1063 2869 1191 2927 suis
1262 2867 1526 2927 inseruit
1594 2867 1851 2926 Pausan.
1890 2866 2033 2928 IX.

245 2969 303 3029 5.
346 2970 407 3030 4.

363 3141 430 3199 [Β]
464 3139 655 3196 Magiam
686 3154 797 3197 quae
827 3139 1000 3198 proprie
1031 3139 1094 3181 sic
1125 3138 1306 3191 dicitur,
1337 3152 1520 3196 peregre
1549 3137 1764 3182 invectam
1795 3153 1891 3181 esse
1919 3137 2032 3180 inter
2090 3154 2092 3156 ’

244 3213 389 3243 omnes
418 3201 630 3242 convenit.
661 3199 953 3242 Philostratus
982 3197 1125 3255 Epist.
1155 3197 1314 3240 XLVI.
1344 3197 1443 3240 935.
1482 3200 1588 3247 ξένα
1618 3198 1696 3239 καὶ
1723 3194 1779 3240 τὰ
1806 3193 2030 3256 γράμμα-

241 3274 323 3315 w,
355 3259 405 3303 ἐκ
437 3262 654 3312 Φοινίκης
680 3256 778 3332 γὰρ
799 3250 935 3314 ἦλθε,
976 3259 1053 3300 καὶ
1072 3253 1305 3316 Σειρήνων
1335 3252 1515 3315 νύμφαι
1545 3257 1621 3299 καὶ
1650 3252 1678 3310 ἡ
1705 3252 1890 3313 Μάγων
1917 3259 2030 3299 θεο-

242 3319 403 3388 λογία,
453 3313 521 3366 οἷς
572 3320 712 3360 πᾶσιν
752 3315 882 3366 ηδιον
915 3312 1141 3385 χρώμεθα
1172 3312 1199 3366 ἢ
1250 3320 1343 3365 τοῖς
1386 3316 1633 3384 ἐγχωρίοις.
1674 3328 1755 3370 pro
1797 3309 2030 3373 Σειρήνων

243 3375 448 3434 νύμφαι,
482 3384 627 3428 certa,
659 3376 702 3418 ni
732 3376 886 3428 fallor,
919 3375 1113 3432 suppetit
1143 3374 1383 3419 emendatio
1415 3375 1580 3431 Σηρῶν
1611 3370 1743 3430 ὑφαί.
