2158 3848
809 250 1262 294 ORPHICA.
1799 239 1922 302 771

142 401 203 461 p.
224 395 226 397 ·
247 379 388 441 403.
403 381 499 461 [Ἴ.
570 377 798 439 Veruin
842 381 1013 439 enim<
1052 390 1202 440 vero
1247 380 1302 439 si
1346 378 1624 440 diversas
1670 384 1928 464 epitheti

140 481 307 540 illius
362 481 832 560 significationes
890 485 1242 552 fenearum,
1304 473 1459 538 nihil
1515 488 1770 557 egemus·
1805 485 1927 543 isto

135 581 437 660 perfugio.
535 574 775 657 Tragici
843 580 946 638 his
986 579 1219 658 quibus
1276 588 1447 639 ortus
1505 576 1543 638 a
1597 578 1756 642 J'ove
1815 593 1926 656 est,

136 678 358 740 Jovem
402 683 674 761 patrium
717 666 1080 751 inacribunt,
1124 667 1467 758 Aeschylus
1503 678 1754 740 Tantali
1785 700 1930 759 gen-

135 781 365 855 timum,
410 782 747 861 Sophocles
794 779 1068 853 Herculi,
1111 771 1454 861 Euripides
1479 780 1753 841 Orestae.
1801 779 1928 840 Sed

134 879 250 939 hoc
294 882 633 960 significatu
677 881 1084 942 Athenienses
1131 880 1252 943 Δία
1295 890 1592 965 πατρῷον
1633 883 1927 942 invocare

132 993 260 1039 non
314 988 634 1062 poterant,
696 983 844 1063 quia
896 994 1020 1039 non
1073 1000 1111 1040 a
1169 979 1328 1043 Jove
1382 992 1575 1059 genus
1619 981 1926 1042 ducebant

43 1152 52 1157 -
130 1079 241 1139 sed
285 1081 364 1141 ab
406 1081 725 1163 Apolline3
769 1083 931 1142 hune
963 1074 1150 1158 igitur
1182 1090 1478 1164 πατρῷον
1512 1083 1927 1162 appellarunt,

130 1171 290 1240 sicut
345 1169 485 1242 Elei
528 1183 794 1243 Martem
853 1181 1158 1241 Oenomai
1211 1191 1462 1261 patrem·
1502 1175 1702 1240 Schol'.
1747 1179 1924 1239 Pinff.

131 1279 227 1339 01.
297 1280 464 1340 xm.
541 1270 680 1341 148.
748 1262 1122 1340 Heraclida-e
1185 1278 1414 1342 Jovem*
1463 1278 1758 1361 Aponus.
1813 1270 1920 1341 m.

127 1380 186 1439 8.
242 1380 302 1440 4.
331 1382 426 1462 [VJ.
516 1380 584 1440 Si
643 1382 779 1461 quis
822 1385 975 1442 vero
1018 1378 1491 1440 Atheniensium
1534 1377 1758 1442 Jovem
1802 1366 1923 1439 hoc-

127 1481 380 1539 nomine
448 1480 626 1555 citat,
685 1481 742 1540 is
796 1489 1094 1561 paternae
1151 1478 1620 1541 necessitudinis
1675 1480 1922 1557 religioe

124 1583 269 1639 nem
325 1571 544 1660 fasque
603 1582 919 1659 sanguinis
974 1580 1350 1654 obtestatur,
1406 1590 1477 1641 ut
1531 1579 1923 1659 Strepsiades

124 1678 236 1739 filii
279 1672 578 1740 auxilium
622 1681 963 1761 implorans
1006 1683 1135 1746 Ναὶ
1177 1683 1286 1746 ναὶ
1327 1681 1773 1759 καταιδέσθητι
1800 1706 1923 1743 πα-

125 1780 335 1863 τρῷον
390 1781 532 1844 Δία.
622 1779 742 1855 Qui
786 1798 1003 1843 versus
1049 1785 1103 1841 si
1147 1802 1222 1842 ex
1266 1781 1613 1859 tragoedia,
1660 1791 1729 1840 ut
1773 1767 1922 1839 Por-

124 1884 279 1940 s'ono
324 1866 566 1961 placet,
624 1883 959 1941 translatus
1015 1889 1138 1956 est,
1196 1882 1275 1941 ab
1332 1882 1599 1941 Hercule
1654 1880 1918 1957 Hyllum

126 1979 470 2041 obtestante
524 1982 626 2043 vel
687 2002 725 2041 a
781 1983 1031 2042 Priamo
1089 1964 1341 2042 Achilli
1373 1981 1765 2062 supplicante
1818 1980 1919 2039 vel

243 2154 305 2210 [t]
352 2153 493 2196 Aliam
547 2155 838 2209 conjecturam
893 2154 1126 2197 Platnerus
1172 2151 1353 2209 protulit
1401 2153 1446 2194 in
1489 2150 1542 2194 L.
1583 2150 1794 2207 Beit'rfige
1834 2165 1913 2193 zur

124 2212 361 2256 Kenntniss
391 2212 466 2254 des
496 2213 710 2256 attischen
741 2213 904 2255 Rechts
933 2228 975 2270 p.
1011 2214 1109 2256 100.
1141 2211 1292 2254 Jovem
1323 2211 1507 2266 patrium
1538 2210 1727 2267 antiquis
1743 2209 1914 2266 quidem

127 2270 463 2314 Atheniensibus
492 2271 713 2327 ignotum,
755 2277 908 2329 postea
938 2275 1082 2316 autem
1112 2269 1257 2312 nescio
1287 2270 1402 2311 unde
1432 2270 1688 2312 arcessitum
1719 2283 1829 2311 esse.
1859 2294 1918 2302 —-

125 2329 209 2373 His
249 2329 443 2372 omnibus
473 2330 548 2373 diu
578 2331 709 2374 editis
738 2345 794 2373 ex
825 2330 1007 2388 quadam
1038 2330 1276 2373 Hermanni
1306 2328 1586 2371 adnotatione
1617 2328 1801 2383 cognovi
1826 2327 1918 2383 jam

125 2389 227 2431 olim
269 2389 533 2432 Grammium
576 2390 620 2431 in
661 2390 827 2432 Histor.
870 2391 987 2432 deor.
1020 2404 1045 2431 e
1075 2388 1271 2442 Xenoph.
1301 2399 1450 2430 veram
1479 2386 1596 2428 illius
1626 2386 1807 2428 nominis
1838 2400 1915 2428 no-
1972 2428 1974 2431 .

122 2448 282 2490 tionem
308 2448 552 2491 tradidisse.
584 2448 766 2492 Librum
796 2450 909 2492 hunc
937 2448 1142 2505 consequi
1171 2460 1256 2490 non
1285 2447 1433 2505 potui,
1464 2445 1542 2488 sed
1570 2458 1715 2488 rarum
1746 2450 1834 2497 est,
1869 2451 1917 2487 ut

124 2506 207 2548 duo
239 2506 380 2549 omnia
408 2506 558 2550 eadem
589 2507 751 2551 dicant.

242 2593 312 2652 [V]
344 2593 550 2637 Eleusine
580 2594 662 2638 fuit
689 2595 894 2651 templum
925 2592 1216 2642 Ποσειδῶνος
1244 2588 1416 2652 πατρός
1444 2591 1574 2634 Paus'.
1600 2590 1636 2634 1.
1655 2589 1724 2632 38.
1755 2589 1916 2632 Emen-

124 2651 226 2696 (1αῆ
254 2650 467 2710 πατρῴου
484 2667 496 2678 ·
539 2653 760 2710 vulgatam
791 2653 984 2696 defendit
1013 2651 1294 2704 Siebelisius‚
1339 2655 1513 2702 causam
1542 2650 1758 2701 inferens,
1801 2645 1918 2704 quod

124 2710 318 2754 Arcades
358 2711 607 2768 Neptunum
645 2711 932 2770 Proserpinae
969 2717 1136 2769 patrem
1166 2709 1444 2753 crediderint.
1504 2708 1666 2750 Verum
1696 2703 1779 2750 hoc
1809 2704 1915 2749 nihil

125 2767 312 2826 pertinet
341 2770 397 2813 ad
426 2771 697 2824 Eleusinios,
746 2771 826 2829 'qui
855 2776 976 2814 certe
1005 2770 1050 2812 in
1078 2770 1162 2812 hac
1191 2783 1238 2810 re
1270 2783 1364 2810 cum
1394 2766 1608 2809 universis
1640 2765 1915 2808 Atheniensi-

129 2829 209 2871 bus
239 2836 568 2884 consenserunt,-
610 2843 751 2887 neque
779 2830 950 2874 memini
983 2828 1158 2871 deorum
1189 2827 1373 2884 aliquem
1404 2826 1460 2868 ob
1489 2824 1623 2868 filiam
1653 2824 1739 2868 sibi
1768 2830 1913 2867 natam

127 2901 362 2943 cognomen
403 2882 550 2947 πατήρ
593 2887 676 2931 ado
706 2891 839 2933 tasse.
919 2886 1138 2946 Πατρῷος
1167 2891 1309 2929 autem
1338 2883 1658 2927 Eleusiniorum
1688 2883 1917 2945 Neptunus

127 2946 423 3002 cognominari
449 2946 594 3004 potuit
619 2948 674 2990 v'e
721 2947 777 2990 ob
807 2944 1176 3006 Hippothoontem
1205 2943 1479 3000 Eponymuni
1509 2941 1657 2985 schol.
1692 2932 1800 2998 Eur.
1834 2940 1914 2984 Or.

124 3001 226 3047 952.
254 3004 441 3048 Nicand.
472 3004 596 3047 Alex.
629 3004 727 3048 128.
770 3005 986 3057 Hellanic.
1013 3005 1090 3049 Fr.
1134 3019 1176 3062 p.
1217 3003 1287 3046 57.
1329 3001 1399 3045 vel
1429 3001 1531 3059 quia
1561 2996 1915 3062 Eumolpidarum

129 3062 300 3118 generis
343 3069 495 3107 auctor
524 3064 632 3116 fuit3
673 3064 880 3120 majorum
921 3077 1026 3107 vero
1058 3063 1251 3120 gentium
1281 3061 1384 3104 deos
1415 3057 1572 3103 sensim
1601 3059 1735 3102 totius
1765 3057 1916 3116 populi

125 3119 313 3163 Penates
351 3122 547 3180 publicos
589 3121 729 3166 factos
770 3137 866 3166 esse
894 3137 1015 3166 nemo
1046 3121 1273 3165 mirabitur
1302 3125 1378 3163 aut
1406 3119 1598 3176 negabit.
1631 3118 1913 3174 Megarenses

129 3177 303 3222 coluere
331 3174 561 3226 Διόνυσον
588 3184 802 3239 πατρῷον
839 3181 970 3225 Paus.
995 3181 1031 3225 Ι.
1063 3181 1132 3223 43.
1163 3182 1352 3224 fortasse
1382 3179 1439 3222 ab
1468 3176 1654 3221 Alcatho
1686 3179 1912 3220 consecra-

127 3243 244 3290 tum,
274 3234 480 3295 Spartani
508 3240 760 3298 Neptunum
790 3242 1034 3286 Γενέθλιον
1062 3238 1146 3282 111.
1179 3237 1247 3281 15.
1290 3242 1366 3282 aut
1392 3236 1494 3294 quia
1524 3236 1758 3293 Taygetae
1786 3239 1913 3291 pater

127 3300 205 3338 aut
233 3294 289 3339 ob
321 3296 496 3341 similem
527 3299 736 3356 quandam
778 3314 975 3352 causam3
1016 3311 1114 3342 nam
1150 3298 1255 3341 θεοὶ
1295 3298 1497 3357 πατρῷοι
1536 3294 1665 3338 iidem
1705 3298 1913 3337 vocantur

125 3355 354 3411 γενέθλιοι
393 3356 538 3399 schol.
579 3354 735 3400 Aesch.
776 3358 897 3414 Sept.
939 3356 1039 3400 645.
1079 3365 1123 3400 et
1155 3357 1339 3399 fortasse
1370 3355 1738 3414 etiamyeve‘otot.
1802 3350 1912 3391 Car-

128 3413 405 3469 thaginenses
436 3415 604 3457 coluere
635 3430 801 3459 sacrum
832 3415 1144 3472 genitricis
1174 3412 1411 3458 Elissae
1443 3412 1576 3455 Silius
1606 3412 1640 3453 Ι.
1672 3409 1741 3451 25.

1405 3487 1572 3546 49*
