2158 3848
796 181 1276 287 οιιὶΡΗῙοΑ.4
1792 228 1913 290 515

134 378 345 438 Theol.
388 375 491 436 lv,
542 369 638 434 16.
676 364 1012 452 ’·206’.[παρ’
1069 371 1301 452 Ὀρφεῖ
1339 377 1639 453 φρουρεῖν
1683 376 1917 460 λέγεται

130 480 168 558 ἡ
207 474 565 559 Ἀδράστεια
620 471 739 535 τὸν
791 471 941 534 ἶῗλον
986 473 1124 547 (ser.
1168 469 1283 534 τὸν
1323 478 1457 535 τῶν
1500 471 1690 552 ὅλων)
1733 474 1917 556 δημι-

130 577 365 663 ουργὸν
386 575 513 638 ἱκαὶ
582 593 586 603 ”
993 590 1031 594 ‘⁷

268 684 480 740 Χάλκεα
515 682 721 756 ῥόπτρα
751 686 984 751 λαβοῦσα
1018 685 1103 736 καὶ
1137 679 1378 737 τύιιπανα
1410 681 1628 753 ἠχήεντα
1647 682 1695 751 [¹]

128 788 326 860 οὕτως
383 789 561 869 ἠχεῖν
621 786 770 857 ὥςτε
831 782 1072 856 πάντας
1132 786 1519 868 ἐπιστρέφειν
1578 791 1662 858 εἰς
1718 789 1918 868 αὐτὴν

124 890 272 961 τοὺς
331 887 545 960 θεούς.
643 884 899 970 Curetes
972 884 1289 945 custodiae
1362 887 1684 966 appositos
1747 886 1918 948 idem

127 999 435 1051 memorat
488 989 558 1049 L.
602 986 707 1048 VI.
768 986 865 1046 13.
923 986 1067 1045 382.
1126 985 1165 1065 ἦ
1225 984 1534 1071 ζωογόνος
1587 988 1713 1050 θεὰ
1771 990 1919 1060 τοὺς

126 1090 518 1175 πρωτίστους
560 1087 858 1172 ὖφίστησι
900 1093 1248 1168 Κουρῆτας,
1295 1087 1354 1147 οἳ
1397 1084 1794 1168 περιεστάναι
1823 1089 1918 1149 λε’-

124 1214 346 1276 γονται
387 1189 504 1253 τὸν
545 1196 678 1252 τῶν
720 1181 885 1250 ὅλων
923 1184 1314 1270 δημιουργὸν
1356 1186 1463 1247 καὶ
1503 1185 1919 1271 περιχορεύειν

125 1290 247 1352 ἀπὸ
296 1297 407 1368 τῆς
452 1289 620 1358 Ῥέας
676 1286 1136 1369 ἅναφανέντες,
1200 1304 1358 1365 quae
1411 1294 1482 1345 ut
1526 1285 1918 1365 Theogoniae

122 1387 513 1451 vindicemus
564 1385 805 1446 inducit
863 1403 979 1445 nos
1042 1386 1202 1445 alius
1258 1385 1535 1464 ejusdem
1598 1388 1917 1467 scriptoris

121 1490 293 1550 locus
337 1489 406 1549 L.
449 1487 523 1547 V.
570 1487 628 1547 3.
673 1484 818 1547 253.
873 1485 1152 1570 Ὀρφεὺς
1208 1487 1356 1557 τοὺς
1411 1494 1739 1569 Κουρῆτας
1793 1487 1918 1571 φύ-

126 1599 316 1661 λακας
358 1597 449 1672 τῷ
493 1588 599 1650 Διὶ
641 1587 979 1671 παρίστησι
1032 1593 1195 1668 τρεῖς
1250 1589 1471 1661 ὄντας,
1533 1587 1640 1649 καὶ
1694 1591 1753 1651 οἱ
1803 1592 1919 1651 θε-

126 1691 274 1773 σμοὶ
314 1698 446 1754 τῶν
488 1696 757 1771 Κρητῶν
810 1688 917 1751 καὶ
972 1687 1009 1767 ἡ
1049 1688 1361 1767 Ἑλληνικὴ
1404 1695 1578 1751 πᾶσα
1621 1684 1919 1774 θεολογία

124 1791 240 1872 τὴν
298 1790 593 1874 καθαρὸν
651 1788 758 1852 καὶ
821 1790 1142 1870 ἄχραντον
1205 1787 1371 1867 ζωὴν
1428 1793 1512 1858 εἰς
1566 1788 1682 1874 τὴν
1740 1787 1920 1860 τάξιν

123 1889 363 1971 ταύτην
405 1886 908 1972 ἄναπὲμπουσινό
970 1881 1160 1951 οῦδὲν
1214 1887 1339 1972 γὰρ
1396 1889 1543 1951 ἄλλο
1600 1888 1671 1951 τὸ
1727 1887 1919 1973 κόρον

121 1991 162 2072 ἢ
216 1991 289 2054 τὸ
350 1988 674 2075 καθαρόν·
737 1986 901 2069 quod
947 2005 1063 2067 pro
1119 1998 1482 2065 argumento
1541 1997 1664 2062 est,
1727 1987 1922 2068 Cory-

121 2090 341 2152 bantes
386 2109 631 2172 quoque
674 2086 822 2151 Jovi
866 2087 1193 2166 adjunctos
1237 2087 1462 2162 fuisse,
1508 2107 1770 2168 quorum
1808 2110 1919 2150 no-

124 2211 274 2251 men⁴
325 2209 363 2252 a
415 2190 600 2275 κόρος
661 2188 980 2250 derivatur
1035 2188 1108 2246 V.
1160 2187 1255 2247 14.
1321 2189 1466 2248 382.
1529 2189 1602 2247 cf.
1650 2187 1708 2249 5.
1772 2191 1917 2252 323.

125 2291 301 2352 Haec
360 2293 428 2351 in
489 2297 690 2351 totum
751 2286 995 2368 ignorat
1058 2286 1374 2348 Hesiodus
1441 2284 1559 2348 sed
1624 2289 1918 2353 damnum

128 2387 406 2453 vindicat
449 2388 872 2471 Apollodorus
916 2389 963 2447 Ι.
1015 2384 1067 2448 1.
1112 2389 1171 2447 7.
1224 2389 1261 2469 ἡ
1312 2389 1447 2453 Ῥέα
1497 2390 1611 2454 τὸν
1655 2392 1777 2454 Ala
1820 2393 1918 2455 δι’,

127 2489 286 2555 δωσι
340 2492 686 2575 τρέφεσθαι
743 2490 1024 2573 Κουρῆσί
1077 2514 1142 2552 τε
1203 2490 1309 2551 καὶ
1367 2495 1503 2560 ταῖς
1557 2493 1918 2564 Μελισσέως

127 2593 306 2656 παισὶ
364 2589 700 2675 Νύμφαις,
759 2589 1121 2674 Ἀδραστείᾳ
1192 2615 1256 2653 τε
1324 2590 1430 2654 καὶ
1486 2591 1646 2673 Ἴδῃ·
1696 2589 1918 2657 Ἀὗται

128 2692 247 2776 μὲν
287 2694 403 2757 τὸν
445 2693 643 2757 παῖδα
700 2694 961 2776 ἔτρεφον
1014 2699 1105 2774 τῷ
1162 2700 1271 2772 τῆς
1307 2692 1678 2774 Ἀμαλθείας
1719 2692 1916 2778 γάλα-

131 2811 258 2855 κτι·
306 2795 365 2876 οἱ
408 2793 476 2857 δὲ
507 2801 819 2876 Κουρῆτες
862 2798 990 2862 τοῖς
1033 2790 1259 2876 δόρασι
1301 2792 1415 2864 τὰς
1459 2793 1728 2864 ἀσπίδας
1765 2815 1917 2857 συν-

134 2894 390 2975 έκρουον
435 2903 546 2955 ete.
590 2912 851 2974 quorum
895 2911 1020 2952 non
1065 2893 1186 2952 nisi
1229 2891 1404 2973 prior
1446 2912 1591 2974 pars
1638 2913 1774 2953 cum
1806 2893 1917 2953 Or-

134 2991 330 3071 phieis
371 2994 641 3075 perfecte
686 2995 977 3072 congruit.
1064 2995 1163 3053 De
1190 2995 1405 3053 ceteris
1450 3004 1704 3074 uterque
1745 2993 1916 3054 idem

136 3090 415 3169 tradunt3
459 3094 537 3155 de
581 3093 822 3175 lapide,
875 3113 1054 3175 quem
1103 3095 1405 3156 Saturnus
1450 3113 1566 3175 pro
1610 3093 1770 3157 Jove
1814 3094 1919 3154 de-

257 3274 322 3348 [¹]'
361 3277 438 3322 Sic
485 3292 565 3337 pro
619 3276 860 3338 τύμπανον
907 3283 960 3323 αἴ
991 3295 1089 3334 ηκες
1136 3279 1291 3336 scripsi
1334 3278 1477 3322 Nonni
1520 3280 1716 3337 exemplo
1758 3278 1917 3322 XLIV.

140 3333 238 3379 139.
270 3337 477 3395 κυμβαλα
505 3334 713 3394 ἠχήεντα.
772 3337 919 3380 Verba
976 3341 1148 3392 αβοῦσα
1191 3340 1267 3382 καὶ
1296 3337 1506 3382 Proculus
1535 3338 1590 3382 de
1620 3353 1697 3382 suo
1729 3339 1919 3396 interpo-

140 3396 229 3439 suit
259 3395 436 3439 duorum
467 3409 665 3441 versuum
694 3397 838 3441 exitus
869 3397 1146 3453 conjungens.

1419 3469 1501 3530 33
1547 3473 1582 3509 *
