2158 3848
177 229 300 291 356
718 241 957 285 menn
999 239 1434 288 SECUNDUS,

181 375 504 464 yeveai'9[⁶]
565 369 979 457 πρεσβύτερος
1030 377 1158 432 τῶν
1212 375 1536 451 Τρωικῶν·
1611 370 1842 453 ἔγραψε
1872 364 1967 427 ’δὲ

182 474 594 560 μυθοποιίαν,
641 469 1099 556 ἐπιγράμματα,
1139 469 1393 550 ὕμνους.
1433 469 1697 551 Ὀρφεὺς
1735 464 1967 548 Ὀδρύ-

189 600 297 656 σης
341 571 653 653 gymnade?
702 568 1031 637 Διονύσιος
1074 567 1142 629 δὲ
1186 576 1411 633 τοῦτον
1462 567 1607 632 οὐδὲ
1650 567 1969 652 γεγονέναι

189 671 472 761 λέγει[“]·
537 672 703 750 ὅμως
749 669 1173 749 ἀναφέρονται
1216 674 1300 737 εἷς
1354 668 1548 733 αὐτόν
1607 668 1749 731 τινα
1792 663 1970 744 ποιή-

189 800 380 859 ματα.
463 769 738 851 Ὀρφεὺς
781 764 1218 850 Κροτωνιάτης
1262 770 1575 842 ἐποποιὸς,
1631 768 1706 830 ὃν
1754 770 1971 827 Πεισιἤ

194 871 440 956 στράτῳ
485 875 766 932 συνεῖναι
820 875 910 949 τῷ
953 865 1248 949 τυράννῳ
1297 867 1736 947 Ἀσκληπιάδης
1780 866 1972 949 φησὶν

194 978 260 1036 ἐν
302 981 391 1053 τῷ
436 973 590 1051 ἕκτῳ
634 967 863 1050 βιβλίῳ
902 974 1033 1030 τῶν
1058 974 1119 1028 Γ
1115 974 1552 1050 ραμματικῶν·
1601 970 1831 1051 ἔγραψε
1857 971 1973 1026 Δε-

194 1071 557 1153 καετηρίαν,
610 1067 1055 1154 Ἀργοναυτικὰ
1111 1067 1217 1129 καὶ
1260 1069 1415 1128 ἄλλα
1459 1065 1619 1128 τινά.
1701 1066 1975 1148 Ὀρφεὺς

196 1176 654 1254 Καμαριναῖος,
713 1164 787 1230 οὗ
833 1187 1029 1249 φασιν
1083 1168 1241 1231 εἶναι
1283 1167 1397 1246 τὴν
1453 1173 1537 1236 εἷς
1581 1167 1739 1248 ᾅδου
1783 1164 1976 1228 κατά-

193 1275 385 1354 βασιν
403 1266 504 1348 [i],
550 1287 707 1346 quae
752 1269 961 1343 omnia
1002 1265 1283 1325 Eudocia
1324 1286 1385 1345 p.
1431 1267 1574 1326 319.
1619 1286 1653 1324 e
1695 1265 1976 1346 pluribus

194 1372 260 1429 in
305 1388 493 1428 unum
538 1367 774 1443 redegit
817 1366 1172 1438 articulum,
1242 1365 1548 1438 adhibita,
1616 1385 1694 1424 ne
1744 1364 1976 1445 Orphei

197 1487 423 1528 nomen
481 1465 821 1525 identidem
879 1467 1235 1535 iteraretur,
1321 1466 1434 1524 hac
1499 1467 1977 1542 transgressione

198 1570 303 1631 καὶ
346 1570 557 1638 ἄλλος,
603 1566 708 1627 καὶ
751 1567 968 1646 ἕτερος.
1058 1562 1160 1621 Ad
1204 1563 1638 1642 complendum
1682 1563 1979 1644 Orphico-

198 1685 335 1726 rum
395 1684 652 1745 operum
712 1664 1117 1723 summarium
1173 1665 1441 1742 pertinet
1484 1663 1752 1723 Tzetzae
1807 1673 1888 1723 et·
1913 1660 1979 1722 C.

199 1766 479 1826 Lascaris
523 1766 806 1844 quamvis
848 1780 1065 1822 manca
1110 1771 1171 1820 et
1200 1761 1406 1824 brevis
1450 1764 1790 1839 adnotatio,
1833 1780 1981 1843 quo-

182 1850 340 1925 rum
395 1865 502 1923 ille
557 1865 622 1922 in
666 1863 936 1940 Prolegg.
982 1860 1063 1920 ad
1104 1861 1409 1942 Lycophr.
1463 1883 1525 1942 p.
1570 1862 1712 1924 259.
1770 1863 1980 1923 Muell.

203 1968 550 2050 Ἒγραψεν,
603 1964 833 2042 inquit,
893 1963 924 2023 ὅ
964 1963 1239 2044 Ὀρφεὺς
1274 1963 1467 2046 χωρὶς
1508 1971 1640 2029 τῶν
1683 1966 1982 2046 ἀστρολο-

202 2072 400 2149 γικῶν
442 2063 548 2125 καὶ
590 2065 912 2145 ἔπῳὸικῶν
955 2063 1059 2123 καὶ
1099 2071 1386 2148 μαγικῶν
1437 2064 1542 2125 καὶ
1583 2071 1714 2127 τῶν
1756 2065 1980 2146 ἑτέρων

206 2164 313 2225 καὶ
354 2163 593 2244 ὕμνους
636 2168 719 2231 εἷς
761 2162 884 2223 Δία
942 2162 1048 2223 καὶ
1088 2163 1235 2231 τοὺς
1278 2163 1527 2247 λοιποὺς
1567 2161 1775 2232 θεούς.
1860 2161 1980 2221 La-

158 2343 159 2346 *
209 2263 396 2322 scaris
440 2280 590 2323 vero
633 2263 700 2320 in
742 2261 1010 2338 Prolegg.
1052 2263 1119 2319 in
1164 2261 1352 2342 Orph.
1395 2263 1463 2321 in
1484 2262 1704 2322 Marm.
1732 2261 1980 2340 Taurin.

205 2381 269 2442 p.
312 2361 414 2420 93.
482 2359 800 2441 Orpheum
859 2371 1072 2420 narrat
1130 2363 1403 2441 primum
1466 2362 1624 2421 Lino
1684 2361 1980 2421 Thebano

208 2462 499 2537 magistro
545 2479 726 2519 usum
781 2468 913 2519 tum
969 2461 1046 2519 ab
1088 2460 1414 2541 Aegyptiis
1471 2462 1552 2522 ad
1595 2465 1844 2521 omnem
1887 2464 1981 2521 Sa-

208 2559 510 2641 pientiam
570 2558 877 2617 eruditum
932 2559 1099 2638 apud
1157 2562 1489 2642 populares
1545 2580 1690 2621 suos
1744 2571 1982 2621 tantam

210 2658 442 2717 famam
498 2657 808 2735 collegisse
863 2666 932 2715 ut
980 2659 1424 2738 antiquioribus
1473 2662 1680 2739 vpoetis
1723 2659 1981 2719 Musaeo

212 2757 488 2837 Linoque
531 2758 744 2815 tertius
789 2755 1261 2833 adscriberetur3
1305 2767 1438 2818 tum
1474 2759 1623 2818 haec
1665 2756 1877 2835 adjicit
1917 2778 1979 2838 p.

214 2858 315 2918 98.
358 2857 652 2921 Κατέλιπε
695 2855 765 2919 δὲ
810 2856 1268 2942 συγγράμματα
1294 2859 1545 2941 ιιετρικὰ
1587 2858 1691 2920 καὶ
1733 2858 1850 2920 ὅσα
1876 2858 1982 2920 καὶ

334 3026 402 3082 [g]
433 3026 483 3068 In
525 3025 661 3068 altero
690 3024 783 3067 loco
814 3024 972 3068 Suidas
1002 3040 1095 3069 eum
1125 3023 1171 3070 ιά
1197 3030 1374 3086 γενεαῖς
1401 3027 1556 3069 bellum
1586 3026 1822 3082 Trojanum
1851 3039 1981 3082 prae-

218 3084 398 3128 cessisse
438 3084 611 3135 scribit,
652 3084 734 3125 hoc
770 3087 836 3126 est
877 3083 1124 3127 LXXVIII.
1166 3086 1311 3141 annis,
1354 3100 1438 3129 non
1475 3085 1605 3127 CCC.
1636 3092 1685 3127 ut
1712 3084 1980 3140 Levesquius

216 3142 405 3200 turpiter
433 3147 551 3184 errat
578 3142 791 3185 Etudes
819 3141 882 3186 de
909 3142 1087 3186 l’hist.
1118 3157 1231 3188 auc.
1263 3145 1321 3187 Τ.
1345 3145 1405 3188 ΙΙ.
1433 3159 1475 3201 p.
1499 3143 1596 3187 113.
1626 3158 1666 3187 v.
1690 3143 1860 3187 Reines.
1885 3143 1979 3186 Ob-
2026 3153 2029 3157 ’

218 3214 330 3244 serv.
361 3199 417 3243 ad
447 3200 566 3242 Suid.
599 3215 632 3241 s.
663 3215 704 3243 v.

338 3285 402 3343 [ΙΙ]
434 3301 475 3330 v.
505 3299 637 3344 supra
665 3286 716 3328 C.
747 3286 800 3330 V.
828 3287 900 3330 fin.

334 3371 401 3429 [ἱ]
434 3373 699 3417 Postremum
727 3373 950 3418 articulum
980 3377 1138 3418 temere
1167 3374 1309 3419 omisit
1338 3374 1585 3420 Kuesterus.
