2158 3848
237 244 362 304 278
765 249 1001 294 LIBER
1043 249 1472 294 SECUNDUS.

241 390 618 468 gnationem3
703 395 849 446 tunc
918 389 1124 440 autem
1187 378 1606 439 Aristomenes
1661 397 1799 439 eas
1857 379 2012 444 clam

242 488 526 550 omnibus
568 498 767 547 terrae
810 479 1163 552 mandavit,
1206 479 1479 539 melioris
1523 480 1806 540 fortunae
1847 482 2015 542 vices

242 598 594 669 expectans3
654 587 770 644 hoc
815 583 978 642 enim
1023 580 1276 657 pignore
1317 590 1556 641 retento
1601 580 1851 642 salvam*
1882 579 2018 640 fore

239 688 608 749 Messeniam
667 693 844 744 vates
898 679 1248 739 cecinerant
1301 699 1348 739 c.
1391 683 1490 742 20.
1575 681 1789 740 Multis
1843 680 2018 740 annis

241 798 384 868 post
426 791 787 864 recuperata
830 780 1027 840 salute
1071 778 1379 856 Epiteles,
1425 799 1547 860 quo
1592 781 2018 842 duce‘Messe-

239 889 327 947 nii
368 884 714 956 redierunt,
771 880 1013 941 tabulas
1068 876 1284 936 effodit
1328 887 1390 936 et
1430 882 1495 938 in
1538 881 1676 939 luco
1723 879 2018 941 Carnasio

240 1006 364 1046 una
427 995 567 1045 cum
625 981 850 1059 Euryti
907 979 1112 1038 herois
1174 978 1414 1038 ossibus
1480 979 1756 1040 condidit
1804 1002 1862 1040 c.
1920 980 2019 1041 50.

238 1086 554 1146 Hactenus
611 1084 735 1142 ille.
821 1078 1067 1139 Deinde
1119 1076 1476 1138 Herodotus
1530 1091 1741 1140 narrat
1789 1080 2022 1141 Miltia-

239 1185 379 1245 dem
426 1186 648 1245 Parum
693 1184 1153 1261 oppugnantem
1173 1178 1406 1253 {Timus
1450 1177 1734 1240 aedituae
1779 1180 2022 1241 clande-

241 1288 418 1345 stinis
464 1283 715 1343 monitis
746 1280 1072 1341 accessisse
1114 1272 1299 1338 noctu
1344 1277 1426 1337 ad
1469 1279 2020 1359 opertumCereris

246 1390 400 1462 (τῶν
441 1381 731 1464 χθονίων
772 1377 973 1457 θεῶν)
1028 1378 1111 1449 ὥς
1154 1377 1488 1459 κινήσοντά
1542 1378 1603 1441 τι
1655 1388 1785 1445 τῶν
1829 1384 2022 1464 eino&-

238 1485 470 1566 ῥήτων·
533 1481 644 1541 sed
697 1479 875 1540 illum
931 1478 1172 1556 objecto
1233 1479 1488 1538 horrore
1529 1482 1817 1558 protinus·
1855 1481 2016 1541 refu-

238 1587 426 1663 gisse3
485 1574 667 1642 Timo
724 1588 930 1638 autem
984 1580 1050 1636 in
1096 1578 1200 1655 jus
1244 1587 1562 1652 vocatam,
1628 1581 1797 1661 quod
1838 1582 1918 1646 τὰ
1962 1586 2022 1652 ἐς

240 1688 459 1766 ἔρσενα
502 1679 696 1767 γόνον
740 1682 973 1760 ἄῤῥητα
1036 1678 1171 1760 ἱεροὶ
1213 1679 1320 1741 καὶ
1359 1679 1477 1758 τὴν
1515 1679 1817 1763 πατρίδος
1859 1681 2024 1744 ἅλω·-

240 1805 341 1846 σιν
397 1781 675 1841 hostibus
729 1778 1107 1859 prodidisset
1164 1777 1265 1836 VI.
1329 1777 1467 1838 134.
1493 1778 1567 1860 [Ἴ
1652 1776 1829 1840 Hinc·
1871 1778 2022 1842 satis

241 1884 457 1954 claret,
523 1880 820 1957 mysteria
879 1877 959 1937 ad
1017 1877 1246 1936 cultum
1291 1881 1616 1945 numinum
1662 1882 2026 1942 tutelarium·

238 1982 608 2063 pertinuisse
652 1994 911 2057 eamque
965 1979 1275 2058 imprimis
1332 1996 1576 2038 causam
1630 1978 1850 2055 fuisse,
1884 1998 2023 2041 cur

242 2082 460 2140 Graeci
522 2096 736 2138 eorum
797 2076 1091 2157 adspectu
1151 2079 1504 2156 peregrinos
1566 2079 2021 2155 interdicerent,

242 2198 503 2261 quorum
527 2179 961 2259 ‘praesentiam
1004 2194 1203 2256 neque
1232 2176 1352 2236 diis
1386 2187 1620 2255 gratam
1664 2196 1861 2260 neque
1901 2181 2022 2241 sibi

238 2282 452 2340 utilem
494 2268 803 2359 putarent.
893 2276 1017 2337 Sed
1060 2293 1172 2336 nec
1212 2276 1370 2338 illud
1415 2279 1732 2358 explicatu*
1758 2279 2020 2355 difficile,

240 2400 344 2438 cur
402 2378 483 2438 ad
538 2395 713 2437 sacra
765 2378 1062 2437 nonnulla
1116 2396 1195 2436 ne
1252 2378 1490 2439 civibus
1533 2378 1782 2458 quidem
1826 2384 2022 2442 omnia

239 2479 354 2538 bus
399 2478 555 2536 liber
597 2479 783 2536 fuerit
839 2489 901 2536 et
955 2485 1237 2557 promtus
1291 2477 1514 2538 aditus.
1601 2477 1759 2540 Na'm
1804 2468 1855 2540 si
1901 2479 2026 2563 qua

239 2588 412 2636 erant
468 2577 715 2635 urbium
774 2595 996 2635 arcana
1050 2576 1391 2655 praesidia,
1479 2578 1757 2639 Palladia
1817 2582 2020 2643 aliave

238 2696 496 2736 munera
540 2676 840 2736 divinitus
887 2683 1165 2754 accepta,
1223 2694 1325 2748 ea,
1387 2676 1683 2755 quamdiu
1727 2678 2019 2742 divinita-

239 2779 319 2836 tis
366 2778 720 2856 opinionem
764 2774 1139 2848 retinebant,
1183 2794 1310 2835 non
1346 2777 1515 2854 vulgi
1554 2778 1746 2839 oculis
1782 2784 2018 2861 exponi

238 2877 346 2936 sed
391 2886 623 2936 secreto
667 2876 789 2934 ritu
833 2875 951 2934 coli
983 2894 1230 2935 necesse
1258 2885 1416 2951 erat3
1462 2876 1571 2935 sed
1598 2878 2017 2941 obsolescente

238 2977 674 3054 superstitione
715 2975 1004 3056 pleraque
1045 2976 1409 3055 pervulgata
1451 2988 1610 3036 sunt.
1652 3015 1655 3018 >
1698 2976 1887 3057 Cujus
1918 3001 2015 3059 ge-

237 3076 401 3133 neris
457 3082 561 3156 (ne
615 3077 682 3134 in
735 3095 804 3134 re
851 3085 999 3138 nota
1058 3076 1286 3136 multus
1344 3077 1489 3157 sim)
1544 3076 1666 3136 duo
1723 3083 2015 3162 exempla

356 3216 417 3271 [r]
453 3216 660 3258 Similiter
698 3217 994 3274 exploratores
1032 3217 1266 3261 Dorienses
1305 3233 1332 3261 a
1363 3219 1491 3272 Crio,
1524 3221 1598 3290 qui
1627 3221 1838 3278 Apollinis
1867 3223 2009 3266 dome-

237 3274 334 3315 stici
365 3275 600 3330 (Οἰκέτου)
632 3280 816 3318 statuam
847 3276 960 3318 domi
990 3289 1092 3318 suae
1122 3278 1406 3330 asservabat,
1447 3277 1739 3323 διδασκονται
1778 3280 1860 3336 τὴν
1888 3279 2008 3324 ἅλω-

238 3345 310 3374 σιν
353 3335 427 3385 τῆς
467 3330 678 3390 Σπάρτης
705 3334 892 3376 Pausan.
922 3334 1003 3376 III.
1037 3335 1104 3376 13.
1134 3337 1177 3378 2.
1219 3336 1410 3378 Zabidus
1450 3336 1677 3380 Idumaeus
1707 3341 1875 3394 patriae
1902 3353 2008 3382 suae

234 3391 431 3432 hostibus
463 3391 671 3448 Apollinis
700 3392 878 3435 tutelam
908 3392 1100 3437 vendidit
1129 3394 1306 3451 Ioseph.
1338 3395 1490 3452 Apion.
1519 3396 1578 3439 ΙΙ.
1609 3397 1649 3440 8.
1679 3395 1777 3441 478.
