2158 3848
282 196 408 256 476
808 205 1042 251 LIBER
1084 206 1513 253 SECUNDUS.

280 366 363 403 το
408 339 565 403 κατὰ
611 337 847 419 ἐκείνην
889 343 1122 422 εἴρηται
1162 341 1280 421 τὴν
1333 338 1539 412 τάξιν·
1610 341 2049 427 ἐναργέστερον

280 439 349 504 δὲ
393 438 599 523 ὄφθὲν
643 442 710 502 ἐν
749 447 840 522 τῷ
882 446 1167 502 παντελεῖ
1206 438 1373 523 ζώῳ·
1417 442 1487 504 τὸ
1533 440 1658 527 γὰρ

427 547 673 621 Ὡρμὴθη
709 549 753 602 δ’
793 549 891 604 ἀνὰ
925 547 1107 603 κύκλον
1143 550 1445 624 ἀθέσφατον
1482 584 1549 594 --
1588 583 1653 593 --

280 653 420 737 περὶ
461 648 689 729 ταύτης
731 655 964 744 εἴρηται
1005 658 1096 733 τῷ
1124 652 1403 740 Θεολόγῳ
1443 663 1551 735 τῆς
1591 652 1890 735 θεότητος
1911 654 2051 736 (So-

276 753 397 832 lis).
485 749 839 831 Simplicius
881 745 1172 817 in,Ausc.
1214 754 1260 811 Ι.
1312 772 1374 834 p.
1418 754 1518 815 31.
1562 753 1620 815 b.
1663 760 1717 817 εὶ
1757 753 1827 818 δὲ
1870 752 2052 818 εὐκύ-

276 861 403 935 κλῳ
461 849 727 935 σφαίρης
779 849 1125 935 ἐναλίγκιον
1181 854 1350 938 ὄγκῳ
1402 854 1474 917 τὸ
1532 855 1608 918 ὄν
1661 875 1813 938 φησι
1829 848 1907 936 [¹]
1966 853 2052 935 μὴ

278 949 644 1033 θαυμάσῃς·
691 949 799 1014 διὰ
841 950 966 1036 γὰρ
1009 950 1124 1030 τὴν
1168 951 1417 1033 ποίησιν
1438 958 1867 1038 μυθολογικοῦ
1891 977 2052 1036 παρ-
2126 943 2127 946 ¹

276 1052 532 1117 άπτεται
574 1048 949 1133 πλάσματος.
1045 1051 1123 1115 Τί
1161 1050 1278 1117 οὗν
1319 1061 1504 1117 τοῦτο
1542 1053 1820 1137 διαφέρει
1862 1057 2052 1116 εἰπεῖν

267 1154 312 1239 ἢ
351 1151 732 1236 ὥςὊρφεύς
764 1151 931 1215 εἶπεν
961 1152 1178 1216 Ὠεὸν
1220 1152 1635 1239 ἀργύφεον.
1694 1151 1903 1215 Ovum
1936 1150 2053 1213 hoc

274 1252 768 1330 cosmogonicum
814 1261 1019 1333 utrum
1046 1251 1327 1334 Orpheus
1371 1273 1409 1313 a
1451 1253 1836 1334 philosophis
1858 1251 2054 1312 Phoe-

273 1352 542 1423 nicibuS,
598 1349 922 1431 Aegyptiis
934 1395 952 1425 ‚
1008 1351 1404 1429 Babylonicis
1447 1354 1749 1434 acceperit
1790 1370 1872 1411 an
1910 1369 2052 1411 suo·
2121 1403 2124 1407 Δ

274 1463 382 1534 pte
446 1451 690 1529 ingenio
751 1451 819 1508 in
888 1450 1044 1510 hanc
1127 1453 1616 1530 vulgatissimam
1700 1449 2053 1512 similitudi-

270 1571 414 1613 nem
431 1554 502 1630 [ἕ]
548 1549 866 1623 inciderit,
911 1569 1205 1631 quaerere
1247 1552 1552 1612 ludicrum
1579 1560 1708 1611 est.
1792 1552 1889 1621 Ex
1929 1549 2053 1611 Ae-

273 1655 445 1714 there
503 1661 566 1711 et
610 1649 778 1710 Chao
834 1661 1307 1731 progeneratum
1369 1672 1502 1713 esse
1560 1659 1822 1713 testatur
1864 1651 2051 1711 etiam

271 1753 563 1814 Proculus
607 1753 674 1812 in
718 1751 876 1810 Tim.
914 1753 967 1810 Ι.
1035 1752 1172 1813 138.
1238 1751 1317 1834 ἦν
1371 1755 1442 1818 τὸ
1503 1754 1634 1818 ὠὸν
1690 1757 1880 1817 ἐκεῖνο
1935 1757 2049 1814 τοῦ

270 1856 524 1937 αἰθέρος
569 1856 830 1938 ἔγγονον
884 1852 990 1914 καὶ
1042 1861 1157 1916 τοῦ
1193 1852 1423 1933 χάους,
1491 1850 1583 1918 ὧν
1627 1855 1660 1916 ὁ
1714 1852 1834 1935 μὲν
1887 1850 2046 1914 κατὰ

268 1957 339 2019 τὸ
384 1956 572 2037 πέρας
613 1953 897 2034 ἵδρυται,
953 1952 986 2013 ὃ
1031 1951 1101 2015 δὲ
1144 1955 1305 2017 κατὰ
1346 1954 1417 2017 τὸ
1464 1957 1737 2037 ἄπειρον.
1817 1953 1890 2016 Ὅ
1931 1948 2048 2033 μὲν

267 2054 389 2141 γάρ
435 2058 562 2117 ἐστι
607 2052 843 2133 ῥίζωμα
887 2049 1177 2128 πάντων,
1233 2062 1324 2136 τῷ
1367 2053 1437 2117 δὲ
1494 2052 1674 2117 οὐδὲ
1729 2051 2045 2135 πείραθ’

258 2157 497 2235 ὑπῆν·
546 2172 700 2232 quae
742 2153 933 2233 paulo
979 2152 1158 2212 aliter
1200 2172 1390 2234 supra
1432 2155 1661 2234 scripta
1703 2162 1861 2214 sunt.
1947 2149 2049 2211 An

267 2275 418 2318 vero
465 2272 783 2314 sacrorum
812 2253 1222 2332 Orphicorum
1266 2253 1530 2314 cultores
1552 2262 1883 2334 propterea
1910 2251 2049 2314 ovis

268 2355 704 2427 abstinuerint,
791 2352 958 2434 quod
1014 2373 1087 2421 ea
1141 2356 1475 2433 imaginem
1535 2351 1754 2413 mundi
1818 2351 2048 2423 referre

267 2464 584 2536 putarent,
650 2471 1026 2532 magnopere
1088 2454 1321 2515 dubito,
1417 2454 1780 2515 Plutarchus
1839 2453 1910 2513 L.
1968 2452 2046 2512 Il.

269 2556 485 2635 Symp.
529 2554 635 2612 ΙΙΙ.
686 2552 738 2611 l.
782 2554 884 2612 76.
931 2556 1075 2618 ιόὥν
1118 2553 1492 2636 ἀπεχόμενος
1536 2552 1842 2618 ὑπόνοιαν
1884 2578 2044 2636 παρ-
2093 2594 2096 2599 ι

267 2659 449 2737 ἔσχον
493 2654 811 2734 ἐνέχεσθαι
855 2652 1169 2739 δόγμασιν
1205 2657 1530 2737 Ὀρφικοῖς
1582 2653 1621 2733 ἢ
1669 2657 2047 2739 Πυθαγορι-

267 2763 396 2827 κοῖς
451 2755 557 2817 καὶ
603 2753 674 2817 τὸ
732 2754 859 2817 aibas
915 2755 1114 2837 ἀρχὴν
1156 2756 1447 2841 γενέσεως
1499 2751 1841 2840 ἡγούμενος
1885 2756 2045 2836 ἄφο-

268 2860 594 2922 σιοῦσθαι·
671 2872 792 2934 quo
827 2853 928 2913 ‘ab
983 2855 1160 2914 initio
1215 2874 1417 2917 novus
1472 2850 1784 2915 inducitur
1839 2854 2045 2917 convi-

388 3040 450 3100 [ἶ]
486 3041 726 3086 Parmenid.
756 3055 797 3098 p.
827 3040 897 3083 76.
927 3041 1200 3085 Fuelleborn.

346 3148 349 3150 ·
386 3131 452 3187 [ἔ]
486 3130 627 3172 Varro
669 3130 841 3185 Fragm.
885 3145 926 3186 p.
955 3128 1054 3171 318.
1098 3130 1195 3187 Bip.
1241 3130 1465 3172 Coelum
1507 3135 1593 3172 est
1635 3135 1816 3183 testa,
1872 3126 2039 3174 vitel-

271 3191 374 3232 lum
416 3196 606 3241 terra‚
646 3189 801 3230 inter
843 3188 952 3230 illa
991 3189 1094 3230 duo
1125 3189 1318 3231 humor
1348 3190 1519 3245 quasi
1550 3190 1605 3231 in
1635 3189 1814 3231 sinum
1846 3189 2041 3231 clusus

270 3249 416 3300 aeri,
445 3248 498 3289 in
530 3261 636 3303 quo
667 3247 840 3289 calor.
896 3247 1113 3289 Diaconus
1144 3248 1470 3304 constantinop.
1500 3247 1570 3290 72.
1617 3248 1727 3299 Quis
1757 3247 1901 3290 varias
1931 3245 2038 3287 ade-o

269 3313 444 3350 naturas
475 3306 631 3348 clausit
659 3306 703 3348 in
735 3307 863 3348 ovis?
892 3333 949 3339 ——
979 3309 1118 3360 Aera,
1149 3306 1262 3363 quod
1292 3313 1411 3350 terra
1441 3312 1534 3358 est3
1575 3304 1691 3363 quod
1721 3306 1878 3350 flavum
1908 3303 2040 3346 deno-

269 3372 336 3410 tat
364 3366 531 3422 ignem,
564 3364 716 3408 Album
747 3364 882 3408 undas
913 3371 958 3407 ct
987 3370 1126 3409 terras
1156 3365 1315 3410 testula
1345 3365 1453 3411 (lura
1481 3366 1630 3410 refert.
1781 3378 1783 3383 ·
