2158 3848
815 210 1271 256 carnion.
1805 201 1930 262 343

149 362 342 422 quae
399 344 575 420 ipse
632 342 884 422 primo
932 336 1158 396 libro
1219 337 1310 399 de
1371 339 1527 400 diis
1589 342 1930 404 dixerat.

146 444 483 512 Postremo,
527 450 602 501 ut
622 451 926 502 numerus.
953 437 1364 518 compleatur,
1404 438 1752 502 adscribam
1778 443 1934 504 Dio-

148 541 285 603 dori
345 539 688 618 quamlibet
743 538 912 598 exile
968 539 1422 600 testimonium:
1474 542 1753 625 Ὀρφεὺς
1797 546 1933 614 υἱὸς

143 639 262 722 μὲν
302 637 382 719 ἦν
411 637 722 724 Οἰάγρου,
767 637 1018 721 παιδείᾳ
1059 639 1130 702 δὲ
1161 641 1280 703 καὶ
1302 641 1579 725 μελῳδία
1608 642 1726 704 καὶ
1756 640 1933 721 ποιή-

146 761 238 802 σει
277 739 435 803 πολῦ
490 740 773 820 προέχων
831 747 963 804 τῶν
1004 744 1572 825 μνημονευομένων
1589 761 1603 772 ·
1660 743 1768 805 καὶ
1809 741 1933 827 γὰρ

143 840 380 921 ποίημα
405 840 694 910 συνέταξε
715 839 1211 921 θαυμαζόμενον
1252 843 1359 904 καὶ
1399 843 1562 906 κατὰ
1603 842 1720 922 τὴν
1763 841 1935 925 ᾠδὴν

146 940 432 1022 ἐμμελείᾳ
474 941 780 1023 διαφέρον
822 977 907 985 -
950 976 1036 989 -·-
1091 941 1199 1004 καὶ
1240 942 1321 1004 τὰ
1374 942 1514 1024 περὶ
1564 951 1672 1022 τῆς
1712 946 1935 1006 θεολο-

141 1042 283 1127 γίας
325 1039 856 1125 μυθολογούμενα
896 1041 1135 1122 μαθών
1163 1039 1574 1122 «ἀπεδήμησεν
1616 1049 1714 1112 εἰς
1732 1047 1936 1128 Αἴγυ-

140 1166 302 1205 πτον
342 1141 522 1205 κάκεῖ
558 1140 752 1205 πολλὰ
797 1140 1291 1223 προςεπιμαθών
1348 1143 1638 1227 μέγιστος
1697 1144 1934 1228 ἐγένετο

140 1249 273 1305 τῶν
309 1237 611 1317 Ἑλλήνων
655 1241 724 1302 ἔν
764 1263 831 1301 τε
883 1246 1021 1311 ταῖς
1063 1246 1331 1310 τελεταῖς
1385 1242 1491 1304 καὶ
1532 1247 1670 1311 ταῖς
1710 1246 1935 1305 θεολο-
2000 1315 2002 1320 ¹

140 1340 303 1426 γίαις
356 1339 464 1402 καὶ
515 1336 818 1420 ποιήμασι
870 1341 979 1403 καὶ
1030 1341 1364 1425 μελῳδίαις
1406 1341 1509 1401 IV.
1556 1339 1659 1402 25.
1714 1342 1935 1423 quibus

139 1441 314 1504 lectis
354 1457 539 1505 nemo
576 1449 857 1528 ¹quaeret
880 1440 1541 1522 ampliu85-quodnam
1585 1442 1745 1503 illud
1786 1463 1936 1524 poe-

140 1560 248 1600 ma
289 1540 479 1604 fuerit
506 1538 743 1619 Orphei
769 1539 930 1599 ³stilo
976 1551 1297 1601 exaratum
1342 1552 1404 1602 et
1428 1562 1542 1622 per
1576 1545 1786 1604 omnia
1806 1543 1936 1604 He-

142 1660 324 1701 roum
367 1640 615 1721 pulpita
658 1639 996 1716 vulgatum.
1040 1675 1123 1687 —-
1165 1642 1336 1703 Nihil
1370 1643 1505 1720 jam
1549 1661 1708 1723 opus
1761 1643 1936 1706 vide--

142 1750 245 1802 tur
287 1739 682 1807 Plutarchum
699 1781 718 1812 ‚
773 1738 1047 1800 Sextum
1106 1751 1169 1800 et
1224 1752 1459 1817 ceteros
1502 1743 1826 1803 inferiores
1869 1746 1936 1803 in

139 1841 419 1903 medium
460 1839 848 1919 protrahere3
908 1851 1086 1920 patet
1141 1842 1305 1900 enim
1351 1844 1622 1902 carmina
1667 1842 1938 1923 Orphica

138 1943 237 2002 his
281 1940 503 2001 seculis
546 1938 854 2019 plurimos
893 1939 1183 2001 habuisse
1225 1941 1502 2001 lectores,
1587 1943 1800 2026 Neque
1827 1942 1937 2002 do-

141 2053 273 2103 ctos
316 2042 633 2101 Romanos
677 2039 756 2099 ab
800 2041 920 2101 hoc
973 2041 1181 2101 studio
1237 2040 1663 2117 abhorruisse,
1731 2052 1936 2102 osten-

141 2143 291 2203 dent
332 2141 661 2213 Varronis,
714 2139 954 2218 'Nigidii
1013 2151 1076 2202 et
1117 2141 1420 2202 Macrobii
1476 2143 1598 2202 loci
1651 2143 1936 2203 nonnulli

139 2245 284 2304 hinc
332 2241 622 2314 delibati,
657 2240 888 2320 *quibus
929 2241 1190 2322 posthac
1231 2252 1479 2303 utemur
1492 2262 1510 2318 3
1552 2245 1700 2323 quin
1744 2245 1935 2303 etiam

139 2342 380 2423 puellas
422 2340 660 2421 Orphei
700 2341 965 2400 lectione
1008 2340 1279 2403 imbutas
1335 2344 1607 2404 ostentat
1648 2341 1935 2404 Claudia-

140 2462 260 2504 nus
303 2442 382 2502 de
423 2440 896 2524 Nupt.,Honor.
941 2451 1004 2500 et
1045 2441 1202 2505 Mar.
1246 2442 1326 2503 X.
1371 2444 1515 2504 233.

820 2557 988 2607 Latios
1023 2547 1116 2605 nec
1151 2560 1348 2607 volvere
1385 2560 1538 2607 libros

289 2646 470 2695 desinit
505 2653 591 2693 aut
629 2643 831 2708 Grajos,
868 2645 973 2708 ipsa
1008 2644 1247 2710 genitrice
1281 2646 1538 2710 magistra,

284 2732 537 2781 Maeonius
574 2745 885 2797 quaecunque
908 2746 1073 2779 senex
1108 2740 1193 2780 aut
1230 2730 1468 2780 Thracius
1507 2732 1728 2796 Orpheus
1815 2782 1823 2791 ,

285 2827 369 2867 aut
404 2818 716 2886 Mitylenaeo·
738 2817 1016 2865 modulatur
1052 2818 1264 2866 carmine
1302 2816 1508 2881 Sappho.

149 2915 256 2975 ubi
311 2915 545 2997 Orphei
598 2933 827 2975 nomen
877 2933 958 2974 ne
1013 2915 1268 2975 honoris
1328 2934 1511 2976 eausa
1570 2924 1932 2996 usurpatum

148 3025 433 3097 putemus
475 3015 773 3102 admonet
818 3015 975 3082 alius
1019 3016 1190 3086 locus
1235 3017 1445 3097 Epigr.
1475 3014 1702 3077 XXIV.
1751 3015 1846 3076 ll.

293 3131 510 3200 Orpheos
545 3134 633 3181 alii
666 3131 825 3191 libros,
851 3134 1042 3195 impune
1077 3134 1323 3181 lacessunt

363 3229 454 3266 nec
488 3226 575 3267 tua
610 3234 829 3266 securum
865 3225 942 3279 te,
981 3218 1148 3280 Maro,
1186 3220 1314 3266 fama
1347 3217 1479 3266 vehit
1492 3219 1568 3282 [¹⁸].

271 3314 332 3372 [π]
366 3306 649 3365 Clauflianum
689 3316 826 3373 ipsum
855 3316 991 3359 omnin
1016 3314 1317 3360 reconditioris
1346 3316 1570 3361 doctrinae
1599 3316 1931 3361 curiosissimum

153 3372 287 3417 fuisse
315 3373 475 3432 passim
503 3373 685 3420 adnotat.
712 3374 935 3419 Gesneru·
963 3379 1011 3421 et
1036 3375 1083 3420 in
1112 3375 1317 3433 Prolegg.
1348 3389 1392 3433 p.
1422 3373 1499 3420 v1.
