2158 3848
686 217 1259 265 ELEUSINIA.
1744 206 1866 268 173

90 360 342 419 mutatis
396 353 672 416 vestibus
726 369 942 414 sexum
996 351 1244 411 mentiri
1285 349 1575 410 alienum.
1662 352 1867 413 Philo-

89 458 306 518 chorus
375 453 676 514 Venerem
730 448 1008 511 affirmat
1075 468 1211 510 esse
1264 450 1478 509 lunam
1533 459 1621 513 et.
1656 454 1715 511 ei
1770 471 1867 513 sa-

89 557 376 617 crificium
416 553 620 612 facere
659 553 829 612 viros
875 569 1016 611 cum
1059 560 1234 613 veste
1276 549 1594 624 muliebri,
1650 552 1867 610 mulie-

86 674 181 715 res
236 673 375 714 cum
413 652 649 724 virili,
701 651 908 731 quod
965 650 1235 711 eadem
1289 661 1364 710 et
1418 668 1578 711 maes
1621 652 1867 710 aesti-

85 733 341 815 matur.
382 761 454 810 et
508 751 796 811 femina
848 752 1118 828 Macrob.
1174 751 1281 812 111.
1325 751 1384 811 8.
1440 750 1610 812 Nihil
1654 770 1869 832 suspe-

85 857 238 914 ctius
295 853 397 912 his
444 851 820 912 Graecorum
862 852 1426 930 Archaeologorum
1482 854 1866 931 conjecturiS,

83 955 186 1034 qui
233 953 430 1011 nimia
485 954 865 1032 antiquitatis
897 952 1333 1014 'admiratione
1375 951 1627 1013 ludicris
1669 971 1872 1034 popu-

81 1053 310 1112 laribus
376 1062 438 1112 et
495 1052 664 1133 apud
718 1071 931 1114 omnes
983 1053 1246 1131 receptis
1300 1054 1573 1111 rationes
1630 1072 1871 1130 graveS,

80 1154 185 1214 vel
227 1173 264 1213 a
305 1153 696 1233 physiologia
736 1156 1031 1233 repetitas
1074 1154 1180 1215 vel
1222 1153 1310 1214 ab*
1343 1153 1634 1227 historia,
1677 1152 1870 1231 subji-

81 1273 216 1313 cere
281 1253 498 1313 solent.
606 1254 678 1313 In
740 1253 1181 1334 Oschophoriis
1234 1253 1705 1315 Atheniensium
1761 1273 1870 1315 cur

72 1355 332 1432 juvenes
397 1372 694 1435 pompam
766 1353 1058 1415 ducentes
1113 1354 1447 1414 muliebres
1507 1362 1710 1415 vestes
1765 1374 1871 1431 ge-

76 1464 217 1513 rant
267 1454 626 1515 Plutarchus
681 1455 947 1535 explicat
998 1453 1072 1515 V.
1140 1455 1320 1515 Thes.
1379 1476 1426 1514 c.
1473 1453 1706 1514 XXIII.
1761 1472 1869 1514 cur

77 1553 258 1632 Argis
305 1565 596 1634 'tempore
638 1555 798 1616 festo
832 1555 1336 1632 Hybristicorum
1382 1565 1640 1634 uterque
1685 1573 1867 1623 sexus

77 1653 355 1714 habitum
409 1657 571 1714 inter
627 1674 696 1715 se
751 1665 1118 1728 commutet,
1163 1656 1515 1733 Polyaenus
1557 1653 1720 1714 VIII.
1765 1651 1866 1714 35.

79 1771 186 1812 cur
229 1752 711 1835 Quinquatribus
757 1755 1033 1816 tibicines
1081 1755 1344 1818 Ovidius
1382 1756 1550 1822 Fast.
1584 1753 1687 1813 VI.
1722 1753 1866 1822 653.

0 1929 2 1943 .
79 1853 242 1927 692„
286 1857 391 1935 qui
434 1858 489 1915 si
535 1855 816 1917 viderent
859 1875 1037 1935 quae„
1059 1854 1246 1915 hodie
1284 1854 1454 1935 apud
1483 1853 1866 1921 Christianos

0 1949 1 1956 '
75 1956 442 2034 praesertim
487 1957 647 2016 circa
687 1966 932 2036 tempus
979 1953 1356 2036 Carniprivii
1399 1956 1686 2021 similiter
1732 1956 1868 2015 fier-i

0 2077 5 2114 ι
82 2055 312 2128 solent,
358 2055 591 2116 dictum
632 2057 865 2118 factum
908 2059 1261 2119 invenirent
1303 2056 1570 2136 aliquam
1607 2073 1867 2124 ¹causam

77 2153 199 2215 'sibi
265 2155 656 2236 credibilem,
724 2158 905 2218 nobis
962 2156 1302 2222 ridendam.
1401 2155 1521 2216 His
1577 2174 1727 2218 vero
1784 2157 1866 2216 si-

7 2280 9 2283 ·
76 2254 373 2315 millimae
437 2257 610 2317 fuere
666 2257 1042 2318 Graecorum
1096 2258 1635 2336 Romanorumque
1688 2274 1865 2336 pom-

75 2371 243 2435 pae,
268 2354 584 2437 iidemque
623 2356 840 2418 turbae
882 2367 1249 2439 personatae
1291 2358 1495 2430 lusuS,
1538 2356 1747 2437 plures
1783 2355 1863 2416 ob

76 2471 322 2530 oausa83
364 2459 634 2536 primum
675 2459 819 2538 'quia
861 2468 1154 2519 cuncta
1196 2457 1329 2527 sub
1373 2457 1679 2535 ignotis
1714 2455 1865 2527 las-

0 2582 23 2642 ἱιζ
76 2554 289 2616 civia
330 2557 682 2618 vestibus
724 2558 981 2632 audet,
1038 2568 1174 2619 tum
1218 2560 1363 2639 quia
1398 2558 1680 2618 homines
1716 2557 1865 2618 elati

0 2645 25 2726 ·}
75 2654 330 2718 levitate
382 2658 738 2741 laetitiaque
780 2659 1122 2720 exultantes
1170 2660 1379 2720 omnia
1422 2667 1636 2719 contra
1678 2677 1863 2739 quam

23 2776 25 2811 ς
82 2772 217 2817 mos
285 2767 348 2817 et
403 2760 563 2818 ratio
602 2759 771 2834 ¹fert,
839 2760 1039 2820 facere
1091 2762 1390 2838 gestiunt,
1463 2757 1655 2833 modo
1710 2757 1860 2819 deos

25 2888 27 2892 ,
82 2855 268 2916 modo
311 2857 538 2921 bestias
582 2859 919 2935 imitando,
974 2879 1229 2943 seseque
1271 2863 1337 2921 in
1383 2877 1597 2934 omnes
1637 2860 1860 2937 figuras

2 2953 24 2963 ”
83 2958 590 3020 transformando.
634 2958 894 3022 Athenis
929 2965 988 3026 οἱ
1009 2961 1428 3046 πομπεύοντες
1452 2969 1543 3044 τῷ
1567 2958 1859 3043 Διονύσῳ
1922 3001 1929 3005 «

81 3055 243 3117 κατὰ
273 3058 532 3141 μίμησιν
573 3066 682 3139 τῆς
724 3062 861 3143 περὶ
904 3063 1100 3127 αὐτὸν
1129 3062 1465 3147 θεραπείας
1507 3059 1858 3144 ἐπόμπευον

83 3156 143 3216 οἱ
173 3154 291 3237 μὲν
321 3159 391 3222 τὸ
427 3167 558 3225 τῶν
593 3158 906 3245 Σατύρων
947 3171 1152 3247 σχῆμα
1189 3160 1507 3239 σώζοντες,
1550 3163 1610 3226 οἱ
1630 3160 1700 3226 δὲ
1724 3169 1855 3226 τῶν

77 3322 174 3426 3ιὲ
194 3324 348 3426 eztxcrbm·
385 3332 536 3374 ornata
571 3329 716 3374 multis
757 3330 919 3388 pomis,
957 3333 1127 3379 ficubus
1168 3338 1214 3378 et
1242 3333 1337 3381 uvis
1366 3333 1507 3391 passis
1520 3365 1534 3387 ‚
1575 3332 1686 3377 veho
1716 3331 1852 3390 impo-
