2158 3848
234 224 361 284 434
773 237 1008 280 LIBER
1052 235 1479 281 SECUNDUS.

237 367 665 445 cognominata
708 367 804 438 ὅτι
847 365 1151 452 ἐγεννήθη
1194 375 1270 447 τῇ
1314 367 1490 450 τρίτῃ
1520 365 1886 450 φθίνοντος,
1931 365 2015 435 ὥς

238 468 344 531 καὶ
378 469 695 547 Ἀθηναῖοι
738 468 961 552 ἄγουσι
1004 466 1232 526 Anecd.
1275 467 1467 526 Bekk.
1525 486 1585 547 p.
1632 466 1774 526 307.
1830 482 2018 545 quan-

241 585 423 646 quam
481 568 722 646 primae
777 584 1018 644 quoque
1075 574 1137 623 et
1208 567 1511 626 secundae
1578 565 1828 626 decadis
1887 564 2019 623 dies

240 668 407 727 tertii
468 665 624 723 deae
683 667 838 723 sacri
899 664 1090 723 fuisse
1151 663 1438 726 dicuntur
1499 666 1700 726 Schol.
1764 663 2018 726 Hesiod.

243 765 401 843 opp.
447 764 589 822 778.

1028 918 1081 999 ξ.
1171 917 1226 978 5.

411 1089 583 1149 Haec
628 1090 897 1152 breviter
939 1091 1246 1170 percurri,
1303 1090 1447 1170 quia
1489 1091 1554 1148 in
1599 1089 1832 1171 Orphei
1876 1105 2027 1168 quo-

245 1209 361 1271 que
404 1190 642 1249 Diebus
697 1190 967 1269 plurium
1025 1189 1283 1248 deorum
1341 1191 1575 1249 natales
1636 1197 2026 1249 enumeratos

245 1309 378 1349 esse
421 1289 793 1370 suspicabar.
879 1291 950 1349 In
1008 1291 1363 1351 universum
1421 1300 1630 1349 autem
1689 1291 1776 1349 sic
1819 1297 2025 1348 statuo

245 1409 383 1449 eum
443 1389 607 1448 diem
666 1391 958 1469 cujusque
1014 1387 1116 1447 dei
1178 1390 1446 1448 natalem
1506 1389 1806 1449 creditum
1875 1405 2027 1459 esse,
2103 1444 2111 1451 Ι

244 1508 363 1570 quo
432 1487 532 1547 die
603 1489 903 1547 solemnia
971 1489 1103 1566 ejus
1163 1508 1299 1547 cum
1357 1491 1628 1548 maxima
1695 1488 2030 1548 cerimonia

245 1588 713 1661 celebrarentur,
757 1589 932 1649 velut
973 1587 1285 1667 Apollinis
1330 1591 1686 1669 septimum,
1730 1606 1855 1646 non
1885 1588 2030 1666 quia

245 1688 356 1748 Sol
411 1698 648 1768 septem
706 1689 1039 1747 errantium
1100 1687 1226 1746 dux
1280 1698 1341 1746 et
1393 1691 1680 1770 princeps
1739 1685 2028 1766 idemque

243 1787 472 1868 Apollo
519 1790 991 1860 existimaretur,
1035 1799 1106 1846 ut
1131 1788 1318 1866 vulgo
1346 1791 1610 1848 sumitur
1626 1789 1698 1869 [³²]
1744 1786 1854 1847 sed
1887 1803 2029 1867 pro-

243 1897 383 1969 pter
427 1887 780 1966 Thargelia,
836 1889 1212 1969 Pyanepsia‚
1271 1886 1509 1948 Carnea
1567 1889 1811 1968 aliaque
1854 1905 2030 1946 sacra

244 1988 310 2045 in
366 1988 525 2046 hunc
582 1987 749 2047 diem
807 1989 1142 2063 cumulata3
1231 1990 1401 2067 cujus
1461 1990 1553 2048 rei
1611 1990 1915 2048 rationem
1975 1988 2030 2046 si

246 2088 381 2168 quis
438 2088 560 2147 alte
617 2107 655 2148 a
711 2089 882 2148 coelo
940 2108 1244 2148 arcessere
1286 2091 1569 2165 inclinet,
1635 2099 1776 2148 ante
1822 2089 2030 2148 omnia

244 2186 473 2247 viderit
517 2206 597 2246 an
640 2197 981 2247 ceterorum
1027 2189 1286 2250 deorum
1344 2198 1630 2269 tempora
1672 2189 1831 2248 festa
1875 2187 2029 2247 coeli

244 2282 636 2368 siderumque
681 2289 1186 2351 conversionibus
1233 2289 1531 2370 adaptare
1573 2291 1789 2369 possit.
1867 2289 2026 2347 Item
2094 2343 2104 2357 ,

364 2441 428 2498 [a]
461 2443 676 2487 Peru-itus
715 2448 782 2486 est
804 2412 996 2487 'Proculi
1034 2445 1154 2487 locus
1193 2447 1238 2488 in
1270 2447 1384 2490 Tim.
1414 2446 1494 2489 III.
1524 2446 1622 2488 200.
1658 2441 1906 2491 Ἀπόλλωνι
1947 2440 2029 2499 τὴν
2110 2503 2113 2505 ‚

246 2496 418 2543 ἑπτάδα
460 2499 646 2545 ἀνεῖσαν
686 2500 747 2550 ὠς
776 2507 1008 2558 συνέχοντι
1038 2501 1186 2552 πάσας
1215 2503 1292 2553 τὰς
1321 2509 1592 2562 συμφωνίας
1618 2531 1678 2537 —-
1708 2506 1785 2546 καὶ
1824 2502 2027 2560 ἑβδομα-

246 2561 384 2614 γέταν
423 2555 640 2614 ἐκάλουν,
684 2562 760 2602 καὶ
798 2558 880 2614 τὴν
920 2556 1121 2618 ἑβδόμην
1159 2565 1239 2605 τοῦ
1279 2566 1393 2607 θεοῦ
1435 2561 1564 2620 ἱερὰν
1602 2564 1775 2620 ἔλεγον.
1842 2564 1908 2616 Τῆ
1936 2558 2026 2617 γὰρ

241 2612 502 2660 Ἀπόλλωνα
527 2615 763 2676 χρυσάορα
793 2623 973 2676 γείνατο
1004 2615 1156 2673 Λητώ.
1190 2634 1274 2676 quo
1303 2621 1397 2662 loco
1431 2623 1502 2676 qui
1533 2621 1844 2678 ἑβδομαγένην
1873 2634 1897 2661 e
1921 2618 2005 2660 Plu

247 2675 398 2716 tarcho
440 2681 675 2732 reponunt,
715 2677 812 2731 jure
851 2677 1223 2732 reprehenduntur
1263 2693 1289 2719 a
1329 2679 1615 2721 Valckenario
1646 2679 1787 2720 Diatr.
1821 2675 1917 2719 115.
1948 2674 2026 2719 sed
2100 2668 2102 2670 ¹

248 2732 303 2774 ad
344 2734 552 2776 barbaros
588 2735 658 2777 hic
687 2735 957 2778 accusativus
987 2735 1245 2791 relegandus
1276 2750 1359 2778 non
1390 2744 1509 2790 erat,
1542 2735 1620 2781 τὸν
1650 2735 1757 2793 εὔχε’
1783 2750 1838 2791 ην
1865 2736 2026 2792 legitur

246 2790 292 2832 in
331 2792 481 2835 Annae
522 2793 643 2835 Alex.
683 2794 735 2835 L.
777 2793 872 2835 XV.
915 2792 1014 2835 468.
1057 2793 1111 2835 D.
1153 2793 1339 2849 εὐσέβην
1367 2796 1595 2850 Augustin.
1627 2795 1722 2838 Civ.
1751 2752 1804 2836 ξιξ.
1838 2794 1876 2835 1.
1909 2793 2024 2849 quod

247 2849 525 2894 Aeolensibus
554 2852 709 2894 tribuit
733 2852 920 2893 Gramm.
951 2851 1089 2893 Bekk.
1121 2853 1281 2894 Anecd.
1314 2869 1354 2909 p.
1387 2853 1511 2896 1233.
1541 2870 1582 2897 v.
1613 2854 1750 2909 Intpr.
1781 2853 1835 2894 ad
1868 2853 2023 2894 Thom.

248 2906 311 2949 M.
365 2924 407 2966 p.
458 2908 558 2952 424.
609 2908 937 2968 Ἑβδομαγέτας
990 2916 1131 2953 autem
1179 2911 1337 2953 dicitur
1375 2913 1530 2968 Apollo
1545 2945 1557 2964 ,
1613 2912 1714 2968 quia
1755 2911 1891 2954 sacris
1932 2911 2025 2966 ejus

247 2971 409 3023 septem
438 2968 560 3024 pueri
588 2969 849 3024 totidemque
879 2967 1048 3025 puellae
1079 2984 1273 3027 pompam
1304 2970 1531 3018 ducebant.
1572 2971 1674 3013 Non
1703 2970 1839 3013 minus
1868 2968 2026 3012 fortui-

246 3026 336 3066 tum
367 3030 458 3078 est,
508 3027 621 3083 quod
653 3027 744 3070 dies
774 3033 951 3083 quartus
981 3027 1199 3070 Mercurio
1230 3029 1449 3071 dedicatus
1477 3029 1673 3085 idemque
1701 3028 1744 3070 in
1777 3028 1898 3084 cyclo
1929 3027 2022 3070 die-

245 3094 338 3125 rum
379 3083 685 3128 hebdomadico
725 3099 798 3127 seu
818 3085 1076 3142 'planetario
1118 3087 1173 3129 ab
1211 3101 1263 3129 eo
1305 3088 1598 3130 denominatus
1639 3093 1707 3129 est
1743 3088 1832 3142 jam
1874 3085 2022 3156 primis

245 3138 472 3185 Ecclesiae
513 3144 680 3186 seculis.
723 3144 921 3187 Clemens
961 3144 1118 3189 Strom.
1150 3145 1248 3187 VII.
1279 3145 1378 3189 744.
1408 3144 1436 3200 ἡ
1466 3144 1618 3205 τετρὰς
1643 3143 1716 3204 Ἑρ
1756 3147 1811 3189 οῦ
1823 3178 1836 3200 ,
1867 3160 1896 3199 η
1925 3158 2020 3186 πα-

246 3199 442 3298 ριεκσκευὴ
479 3199 744 3262 Ἀφροδίτης
782 3203 1106 3261 ἑπιφημίζεται.
1138 3204 1364 3260 Augustin.
1394 3205 1438 3247 in
1468 3204 1623 3246 Psahn.
1654 3204 1694 3246 X
1737 3203 1818 3247 111.
1849 3217 1892 3259 p.
1921 3200 2022 3243 751.

293 3287 304 3298 .
335 3256 388 3300 V.
429 3259 589 3302 Bened.
631 3261 817 3304 tertia
846 3261 1085 3304 sabbati
1114 3263 1293 3316 feria,
1325 3277 1481 3320 quem
1512 3263 1659 3306 diem
1689 3262 1899 3305 Martis
1928 3273 2021 3301 vo-

246 3321 378 3358 cant
406 3343 465 3350 —
494 3324 704 3374 quarta
733 3319 908 3372 feria,
949 3321 1044 3375 qui
1074 3320 1350 3363 Mercurii
1393 3321 1513 3363 dies
1543 3321 1767 3363 dicitur
1795 3334 1821 3361 a
1852 3331 2019 3375 paga-

243 3373 328 3415 nis
359 3381 416 3417 et
446 3390 472 3418 a
501 3377 691 3419 multis
723 3378 1197 3421 Christianorum.
