2158 3848
870 234 1315 279 onrnch.
1855 218 1976 278 765

214 384 347 427 esse
390 365 798 435 demonstrat,
851 362 962 421 hos
1017 370 1220 419 autem
1278 369 1600 421 ventorum
1656 361 1832 421 ssatus
1889 383 1980 422 re-

213 485 381 542 gere3
467 480 810 546 quanquam
889 469 1131 542 poterat
1209 460 1392 518 etiam
1471 459 1586 518 hoc
1664 462 1876 521 afferre
1945 482 1982 522 a

212 563 481 624 Luciano
550 571 836 622 testatum
903 563 967 620 in
1025 557 1283 620 Conviv.
1359 578 1415 638 p.
1471 557 1570 617 66.
1629 556 1698 620 Τ.
1754 561 1860 622 ΙΧ.
1917 564 1979 622 in

212 661 453 722 Anaceo
524 672 673 723 vota
738 681 852 742 pro
920 663 1272 742 nuptiarum
1342 676 1619 742 successu
1690 671 1983 740 concepta

213 779 361 821 esse.
458 760 686 822 Verum
752 762 871 822 hae
938 762 1380 822 Dioscurorum
1442 768 1503 817 et
1562 757 1982 840 Tritopatrum

210 860 645 922 similitudines
711 862 1002 922 fortuitae
1069 869 1211 920 sunt
1281 869 1341 918 et
1397 859 1775 934 levissimae3
1840 878 1983 920 nam

213 960 441 1022 Aeolus
507 981 749 1043 quoque
816 967 877 1022 e't
944 961 1033 1020 dii
1097 960 1318 1019 marini
1389 976 1599 1019 omnes
1653 967 1981 1021 ventorum

207 1061 536 1141 imperium
580 1061 832 1136 habent3
876 1058 1316 1120 dissimilitudo
1351 1067 1556 1118 autem
1593 1061 1753 1118 inter
1786 1068 1985 1118 utros-

209 1179 326 1240 que
379 1163 670 1222 maxima.
769 1159 934 1233 Quid
987 1161 1151 1218 enim
1205 1159 1481 1216 omnium
1534 1176 1691 1236 quae
1747 1157 1825 1216 de
1869 1155 1982 1217 Ca-

206 1269 445 1319 storum
489 1270 625 1319 ortu
639 1303 658 1333 ‚
703 1277 991 1332 numero,
1036 1258 1210 1329 fatis,
1254 1256 1489 1316 artibus
1532 1265 1595 1315 et
1627 1256 1982 1317 muneribus

206 1358 456 1438 prodita
496 1368 671 1432 sunt,
717 1360 1006 1426 convenit
1049 1357 1174 1416 illis
1212 1354 1376 1416 Solis
1413 1355 1757 1437 Terraeque
1798 1357 1982 1417 filiis?

207 1456 373 1530 Quid
428 1459 720 1538 Zagreus‚
780 1458 929 1539 quid
983 1456 1300 1517 Eubuleus
1356 1464 1417 1515 et
1470 1456 1787 1535 Dionysus
1842 1476 1979 1517 cum

204 1559 300 1617 his
356 1576 679 1619 commune
735 1568 799 1617 et
854 1559 1244 1637 conjunctum
1298 1555 1565 1616 habent?
1629 1555 1765 1617 Nisi
1823 1558 1983 1617 forte

202 1657 405 1737 placet
448 1655 754 1736 ejusmodi
809 1658 1286 1736 argumentatio:
1342 1666 1515 1730 sunt,
1574 1659 1679 1737 qui
1721 1658 1982 1718 Dioscu-

203 1758 288 1815 ris
345 1753 639 1818 Curetum
693 1776 920 1817 nomen
977 1758 1282 1830 tribuant,
1340 1754 1592 1816 Curetes
1637 1775 1787 1817 vero
1830 1776 1979 1817 non-

202 1875 512 1936 nunquam
557 1874 694 1916 cum
740 1853 979 1915 Cabiris
1023 1856 1496 1929 confunduntur,
1538 1858 1699 1915 inter
1730 1856 1842 1916 hos
1876 1876 1981 1916 au-

203 1967 331 2016 tem
374 1974 533 2016 unus
579 1966 690 2030 est,
736 1973 916 2034 quem
960 1955 1240 2014 nonnulli
1283 1955 1634 2031 Dionysum
1677 1957 1981 2036 interpre-

200 2064 427 2127 tantur,
472 2057 580 2134 qui
622 2058 758 2135 ipse
792 2054 1108 2115 Eubuleus
1145 2054 1368 2114 dicitur
1403 2063 1465 2113 et
1499 2055 1793 2132 Zagreus3
1838 2075 1981 2135 ergo

201 2157 408 2234 itaque
472 2154 622 2212 haec
692 2153 1116 2233 Tritopatrum
1181 2155 1315 2215 sive
1372 2154 1814 2223 Dioscurorum
1871 2175 1978 2214 no-

199 2256 371 2315 mina
424 2254 615 2313 fuisse
669 2252 1036 2313 sumendum
1093 2263 1203 2313 est.
1287 2252 1372 2312 At
1416 2255 1531 2313 hoc
1574 2254 1760 2314 modo
1806 2274 1978 2334 argu-

197 2353 461 2414 mentari
515 2353 718 2412 solent
770 2355 846 2426 ii,
911 2355 1015 2434 qui
1071 2353 1398 2413 lectoribus
1455 2355 1716 2414 incautis
1773 2355 1977 2415 fucum

200 2453 399 2513 facere
453 2453 725 2533 cupiunt.
823 2453 1126 2532 Equidem
1186 2472 1410 2512 nomen
1455 2453 1785 2532 Zagreus
1831 2457 1978 2534 quin

200 2571 348 2614 vere
390 2550 467 2611 ab
511 2550 981 2613 Hemsterhusio
1024 2555 1459 2633 interpositum
1505 2554 1615 2625 sit,
1659 2553 1825 2614 haud
1868 2554 1977 2615 du-

202 2652 553 2723 bitaverim,
597 2650 783 2731 idque
826 2653 892 2711 in
934 2653 1044 2712 illo
1088 2654 1228 2732 ipso
1274 2652 1832 2734 Tritopatreus
1878 2673 1977 2715 oc-

200 2751 360 2810 culte
414 2750 850 2830 comprehendi
903 2762 1086 2833 puto‚
1147 2751 1311 2812 unde
1366 2754 1419 2812 si
1462 2763 1807 2832 postremas
1851 2755 1975 2831 syl·
2020 2770 2023 2773 “

200 2849 374 2909 labas
427 2849 746 2924 recideris,
803 2863 1053 2933 superat
1108 2851 1235 2911 Tri
1253 2862 1361 2924 to,
1418 2870 1539 2932 quo
1583 2853 1803 2914 leniter
1845 2872 1974 2914 cor-

199 2957 367 3010 recto
427 2949 583 3010 hanc
638 2949 932 3012 efficimus
987 2953 1382 3013 sententiam:
1437 2950 1476 3011 J
1489 2970 1631 3014 ove
1687 2962 1761 3012 et
1804 2953 1973 3013 Pro-

202 3050 514 3128 serpina
557 3052 723 3109 nati
767 3049 1014 3127 Brito;
1059 3050 1126 3111 id
1170 3059 1377 3111 autem
1423 3052 1826 3134 Proserpinae
1873 3053 1971 3115 vel

201 3147 474 3209 Hecatae
539 3167 876 3227 cognomen
941 3152 1163 3224 fuisse,
1234 3151 1431 3230 colligi
1510 3151 1968 3234 quodammodo

200 3256 408 3327 potest
472 3266 548 3308 ex
605 3248 701 3310 his
716 3293 734 3323 ‚
819 3268 974 3330 quae
1031 3251 1433 3312 Grammatici
1485 3250 1564 3312 de
1618 3251 1969 3314 nominibus

205 3345 619 3433 Βριτόμαρτις
684 3357 748 3408 et
811 3348 1176 3431 Μελιτιόὸης
1233 3353 1646 3433 praecipiunt,
1702 3353 1771 3412 M
1782 3351 1965 3411 ello-
