2158 3848
703 243 1296 290 unssuslNun
1754 233 1880 293 209

102 384 426 464 Εὔμολπος
479 385 766 461 πολεμῶν
817 377 930 447 τὰς
966 374 1233 456 Ἀθήνας
1277 375 1375 436 ἐπὶ
1407 384 1530 467 ,τοῦ
1575 378 1876 462 νεωτέρου

96 482 424 565 Ἐρεχθέως
479 475 809 561 ἐφονεύθη·
867 479 1062 559 ἕτερον
1114 475 1184 538 δὲ
1227 475 1333 536 καὶ
1376 476 1551 536 ἄλλοι
1593 475 1709 537 δύο
1753 479 1881 539 υἱοὶ

102 581 242 663 παρ’
298 580 494 640 αὐτοῦ
544 577 876 659 Ἐρεχθέως
931 577 1312 660 οἷνῃρὲθεντο
1368 574 1505 653 (leg.
1551 577 1769 639 ἔπεσον
1812 576 1881 637 δὲ

102 679 206 742 καὶ
247 679 418 740 ἄλλοι
459 677 565 740 καὶ
606 674 723 739 δύο
767 675 895 739 υἱοὶ
937 678 1133 739 αὐτοῦ
1172 677 1316 759 παρ’
1336 675 1670 758 Ἐρεχθέως
1705 677 1883 739 ἄναι-

103 778 409 866 ρεθέντες)
454 780 522 840 ἓν
555 775 775 858 ’ἐκείνῳ
817 785 908 859 τῷ
950 778 1196 859 πολέμῳ
1241 784 1715 859 συμμαχοῦντες
1756 777 1885 838 Εὕ-

100 880 352 965 μόλπῳ,
416 875 681 960 Φόρβας
735 877 842 940 καὶ
889 876 1282 959 Ἰμμάραδος·
1338 875 1477 940 τότε
1534 875 1604 939 δὲ
1660 877 1758 938 ἐπὶ
1809 886 1885 957 τῇ

103 979 310 1063 εἰρήνῃ
365 979 446 1041 τὰ
500 974 814 1059 μυστήρια
868 975 1196 1059 Δήμητρος
1253 979 1533 1040 ἐτέλεσαν
1577 985 1641 1035 et
1685 976 1887 1037 Schol.

102 1082 257 1141 Vict.
313 1079 396 1139 ad
436 1078 507 1137 Il.
552 1076 778 1137 XVIII.
820 1076 966 1136 490.
1030 1076 1347 1156 Supplem.
1390 1076 1595 1153 Heyn.
1642 1076 1712 1135 T.
1756 1075 1888 1135 VII.

105 1183 249 1242 802.
304 1181 631 1243 ἀπέθανον
673 1178 795 1241 ὑπὸ
839 1186 973 1242 τῶν
1009 1178 1400 1254 Ἐλευσινίων
1435 1175 1812 1260 Ἰμμάραδος
1857 1178 1889 1238 ὃ

107 1279 475 1363 Εὐμόλπου,
545 1276 810 1348 Κλύτιος
849 1279 909 1341 ’ὃ
973 1276 1300 1364 Ἀγριόπου
1364 1286 1479 1340 τοῦ
1534 1275 1894 1349 Κύκλωπος,

91 1384 385 1468 Ἕγρεμος
410 1381 442 1443 ὃ
471 1377 851 1463 Εὐρυνόμου
892 1386 1007 1441 τοῦ
1026 1379 1186 1461 μετὰ
1215 1376 1593 1463 Φόρβαντος
1608 1378 1712 1458 [*]‚
1745 1396 1895 1458 quo-

105 1501 244 1542 rum
309 1482 631 1540 nominum
699 1480 994 1559 pleraque
1063 1481 1276 1557 ignota
1342 1488 1502 1538 sunt.
1612 1478 1899 1539 Eundem

106 1580 520 1642 Phorbantem
573 1580 838 1640 fortasse
893 1581 1192 1658 significat
1232 1579 1678 1659 Harpocratio:
1726 1586 1901 1662 Φορ-

109 1681 405 1764 βάντειον
448 1678 800 1761 ὠνομάσθη
846 1681 968 1743 ἀπὸ
1013 1689 1128 1743 τοῦ
1155 1678 1533 1762 Φόρβαντος
1568 1687 1682 1742 τοῦ
1714 1683 1901 1762 βασι-

113 1779 444 1850 λεύσαντος
485 1778 830 1862 Κουρήτων
871 1780 977 1842 καὶ
1018 1780 1119 1843 ὑπ’
1159 1781 1492 1862 Ἐρεχθέως
1535 1781 1905 1862 &evectos-95²!-

111 1907 218 1951 τος
232 1882 329 1962 [9].
371 1877 453 1959 ἦν
494 1879 563 1942 δὲ
607 1881 1011 1949 Ποσειδῶνος
1051 1877 1222 1953 υἱός,
1268 1898 1388 1959 quo
1433 1880 1637 1939 minus
1682 1880 1906 1938 mirum

116 1999 258 2040 eum
302 1997 440 2038 eum
485 1979 799 2059 Eumolpo
845 1982 1203 2039 societatem
1248 1980 1524 2041 inivisse.
1624 1979 1907 2040 Sturzius

113 2079 363 2160 quidem
424 2078 505 2139 ad
547 2078 794 2139 Hellan.
839 2099 901 2159 p.
947 2076 1047 2139 54.
1094 2077 1350 2140 Curetes
1393 2080 1789 2141 Euboeenses
1832 2079 1910 2139 ab

117 2180 616 2260 Harpocratione
661 2179 945 2241 denotari
988 2190 1187 2258 putat,
1232 2200 1494 2261 quorum
1539 2201 1678 2240 cum
1720 2180 1913 2240 Athe-

121 2280 436 2340 niensibus
493 2280 858 2339 commercia
911 2278 1172 2338 Nonnus
1216 2280 1500 2339 celebrat
1557 2279 1725 2340 XIII.
1775 2277 1914 2340 135.

126 2377 379 2440 Curetes
432 2397 687 2438 narrans
745 2397 885 2438 cum
941 2387 1140 2436 matre
1185 2374 1419 2438 Combe
1463 2399 1501 2439 a
1547 2381 1706 2440 Soco
1719 2378 1793 2461 [¹]
1838 2401 1915 2440 ex

122 2479 377 2539 Euboea
419 2479 634 2557 pulsos
678 2478 949 2557 primum
994 2477 1274 2538 Gnosum
1318 2478 1463 2538 dein
1484 2480 1917 2541 Marathonem

123 2579 436 2639 habitasse
492 2587 555 2637 et
608 2587 923 2658 postremo
979 2587 1124 2658 post
1180 2576 1495 2639 devictum
1553 2600 1591 2641 a
1645 2578 1918 2662 Cecrope

124 2679 355 2740 Soeum
394 2681 462 2739 in
503 2679 770 2758 patriam
815 2678 1134 2738 restitutos
1179 2697 1332 2751 esse,
1379 2682 1477 2740 cui
1514 2680 1766 2742 fabulae
1789 2702 1919 2742 me-

127 2783 326 2841 moria
394 2779 672 2860 coloniae
729 2797 764 2836 e
832 2779 1125 2858 tetrapoli
1179 2779 1574 2841 Marathonia
1627 2801 1666 2841 a
1719 2781 1919 2842 Xuthi

138 2879 278 2939 filiis
336 2878 637 2939 deductae
680 2876 934 2938 subesse
977 2878 1259 2955 videtur,
1300 2881 1446 2940 licet
1484 2881 1635 2941 haec
1680 2900 1920 2962 quoque

251 3003 307 3060 [Ἴ
335 3005 388 3047 V.
418 3004 518 3049 483.
549 3004 615 3047 ed.
644 3003 783 3047 Bekk.
813 3004 888 3047 ubi
917 3000 994 3062 pro
1026 3001 1219 3067 ἄροτρον
1249 3005 1345 3050 ἐκεῖ
1370 3006 1602 3057 Μαίνιὸζος
1632 3004 1655 3051 ὁ
1687 3009 1764 3052 καὶ
1792 3013 1920 3053 Βου-

140 3055 269 3118 (bruc
295 3062 435 3113 ἔζευξε
464 3062 732 3107 scribendum
758 3061 1056 3122 Ἐπιμενίδης.

256 3118 322 3175 [0]
351 3120 464 3165 Idem
495 3121 696 3164 sacellum
725 3122 909 3165 fortasse
939 3122 1013 3165 alii
1043 3122 1284 3166 Phorbanti
1315 3122 1480 3166 Thesei
1509 3123 1689 3180 aurigae
1717 3124 1789 3167 vel
1816 3139 1921 3183 pae-

142 3176 339 3219 dotribae
380 3179 619 3224 dedicatum
661 3184 864 3236 putarunt
902 3196 941 3223 v.
974 3181 1116 3224 Sturz.
1150 3181 1390 3237 Pherecyd.
1420 3195 1464 3240 p.
1493 3179 1594 3225 213.
1636 3182 1824 3227 Siebelis
1866 3184 1922 3226 ad

141 3235 243 3278 latri
278 3234 448 3292 Fragm.
470 3253 520 3309 p.
552 3238 621 3282 55.
656 3238 882 3294 Musgrav.
912 3240 966 3283 ad
997 3240 1150 3298 Suppl.
1181 3240 1281 3282 680.

258 3291 321 3362 [f]
353 3298 513 3352 Σωχον
549 3302 679 3340 vocat
717 3296 985 3352 Hesychius,
1027 3298 1191 3343 Σωκὸν
1231 3298 1428 3340 Zonaras
1469 3313 1511 3356 p.
1557 3298 1684 3346 1202
1730 3298 1924 3343 Comben

141 3352 390 3396 ἑπτατοκον
433 3354 619 3398 nominat
657 3355 839 3399 Nonnus
875 3362 1120 3415 septemque
1162 3357 1275 3401 filios
1314 3362 1534 3409 recenset,
1578 3358 1814 3401 centuriam
1844 3373 1921 3401 ex-

143 3410 233 3466 plet
263 3410 482 3454 Zenobius
513 3411 636 3456 Ceut.
667 3414 744 3455 v1.
776 3413 845 3456 50.
