2158 3848
174 225 299 285 372
732 233 968 277 LIBER
1012 231 1441 277 SECUNDUS.

180 365 392 432 στικόν
417 366 678 425 fortasse
708 383 746 423 a
784 362 1006 440 cinguli
1040 363 1197 420 sacri
1240 360 1575 421 traditione
1603 359 1834 422 nomen
1858 364 1968 421 ha-

179 469 318 542 bet,
363 486 484 547 quo
528 483 739 524 recens
782 464 1012 521 initiati
1055 472 1191 520 tum
1237 463 1301 520 in
1348 462 1789 522 Samothraciis
1834 464 1969 539 my-

181 569 383 629 steriis
429 577 559 625 tum
601 567 669 623 in
713 565 852 623 aliis
898 563 1103 620 ornari
1159 561 1455 621 solebant.
1517 563 1718 623 Schol.
1762 563 1967 644 Apoll.

182 671 228 728 I.
287 668 431 727 917.
499 665 637 747 περὶ
691 664 806 741 τὴν
862 661 1102 724 κοιλίαν
1170 663 1228 723 οἱ
1280 666 1661 745 μεμυημένοι
1730 663 1970 733 ταινίας

183 770 445 831 ἅπτουσι
491 771 838 846 πορφυρᾶς.
927 760 1199 820 Verbum
1243 761 1684 824 Bacchicarum*
1727 765 1972 841 religio-

180 886 329 925 num
374 865 696 945 proprium
741 861 1050 945 νεβρίζειν
1103 862 1388 920 nonnulli
1430 866 1517 922 sic
1566 867 1971 944 interpretan-

182 977 310 1038 tur,
390 965 473 1034 ὡς
538 972 651 1027 τοῦ
718 970 1041 1031 τελοῦντος
1108 962 1254 1032 τοὺς
1307 965 1714 1046 τελουμένους
1767 964 1972 1045 τούτῳ

182 1063 696 1140 καταζωννύντος
740 1065 917 1123 Phot.
962 1062 1108 1122 Lex.
1154 1081 1201 1121 s.
1245 1081 1306 1123 v.
1351 1062 1471 1122 His
1517 1074 1723 1124 autem
1770 1066 1975 1141 cingu-

183 1167 259 1224 lis
303 1166 683 1245 praecipuus·
729 1174 862 1223 erat
914 1165 1075 1222 inter
1132 1159 1392 1242 proebia
1449 1175 1510 1223 et
1568 1165 1840 1249 amuleta
1882 1164 1974 1221 lo-

185 1285 306 1326 cus.
393 1266 799 1325 Philostratus
845 1263 917 1322 V.
963 1262 1082 1343 Ap.
1128 1262 1260 1321 VII.
1306 1264 1406 1322 39.
1451 1265 1597 1323 318.
1660 1268 1718 1327 οἱ
1760 1262 1974 1350 γόητες

187 1367 406 1429 κεστὸν
452 1368 665 1434 αὐτοῖς
710 1366 933 1447 φέρειν’
954 1363 1232 1426 δώσουσι
1276 1365 1381 1425 καὶ
1425 1365 1646 1435 λίθους
1675 1365 1822 1434 τοὺς
1855 1363 1974 1447 μὲν

186 1471 250 1528 ἐκ
292 1474 422 1529 τῶν
462 1473 569 1544 τῆς
611 1473 722 1550 γῆς
767 1463 1166 1544 οἷποῤῥήτων,
1211 1464 1357 1533 τοὺς
1401 1465 1470 1527 δὲ
1515 1469 1583 1528 ἐκ
1618 1463 1869 1544 σελήνης
1908 1490 1972 1526 τε

183 1568 290 1629 καὶ
331 1567 644 1647 ἀστέρων,
688 1563 798 1623 ubi
844 1563 1127 1623 Olearius
1173 1562 1434 1622 adnotat
1484 1573 1782 1624 costum
1828 1583 1976 1622 me-

186 1666 540 1725 dicatum
607 1684 645 1724 a
708 1664 985 1725 Martiali
1061 1664 1201 1723 dici.
1309 1663 1561 1724 Festus:
1640 1663 1978 1723 Proebia
2054 1725 2062 1746 Ι

183 1766 509 1826 Verrius
555 1767 668 1823 ait
715 1768 986 1826 vocari
1033 1784 1119 1824 ea
1161 1764 1555 1838 remedia,>
1593 1783 1789 1844 quae
1828 1761 1975 1832 *Ca—

178 1869 259 1945 ja
314 1883 515 1924 uxor
571 1865 982 1944 Tarquinii
1039 1865 1292 1923 Prisci
1346 1866 1758 1926 invenisse
1815 1861 1974 1924 exi-

185 1967 561 2025 stimatur
605 1974 678 2023 et
731 1966 1261 2023 immiscuisse
1306 1982 1547 2022 zonae
1602 1966 1786 2024 suae
1829 1982 1976 2044 qua

183 2067 647 2146 praecincta
689 2073 955 2144 statua
999 2066 1164 2142 ejus
1212 2073 1330 2123 est
1373 2102 1458 2110 —
1520 2083 1616 2123 ex
1659 2083 1804 2145 qua
1848 2082 1976 2122 zo-

184 2185 279 2224 na
321 2165 883 2245 periclitantes
927 2176 1274 2224 ramenta
1317 2173 1646 2226 sumunt.
1737 2164 1978 2223 Tertul-

184 2267 387 2326 lianus
433 2264 509 2323 de
552 2263 757 2323 Anim.
801 2283 851 2322 c.
898 2263 999 2323 39.
1042 2266 1156 2323 ita
1202 2283 1459 2323 omnes
1503 2263 1978 2323 idololatria

187 2365 617 2424 obs'tetrice
704 2373 1134 2423 nascuntur
1220 2363 1392 2423 dum
1477 2366 1643 2444 ipsi
1727 2363 1978 2424 adhuc

187 2467 391 2524 uteri
451 2465 731 2523 infulis
788 2463 996 2543 apud
1050 2463 1273 2523 idola
1329 2464 1715 2524 confectis
1768 2463 2021 2547 redi-y

185 2566 362 2624 miti
405 2565 805 2642 genimina
859 2582 996 2623 sua
1058 2563 1648 2624 daemonio-rum
1710 2564 1978 2625 candi-

187 2749 434 2806 significare
463 2748 650 2801 videtur,
679 2749 756 2792 ubi
785 2762 911 2791 sacra
940 2762 1048 2791 vasa
1077 2754 1122 2790 et
1146 2748 1276 2804 signa
1306 2747 1660 2802 asservabantur,
1694 2747 1810 2790 utin
1830 2747 1975 2791 Grae-

189 2823 334 2851 corum
374 2812 620 2866 πομπείοις
662 2813 708 2849 et
746 2810 1062 2864 κοσμητηρίοις
1089 2807 1220 2849 Paus.
1251 2807 1310 2849 II.
1354 2807 1394 2848 7.
1439 2807 1477 2849 si
1513 2806 1809 2848 emendatione
1851 2821 1974 2862 opus,
2010 2856 2015 2861 ,

189 2863 447 2924 τελεστήρια
477 2870 685 2922 praestat.
726 2866 857 2908 Haud
889 2865 1146 2907 clariorest
1172 2866 1352 2921 Synesii
1380 2865 1500 2907 locus
1528 2880 1571 2921 p.
1602 2864 1670 2908 73.
1703 2879 1827 2921 quem
1846 2865 1976 2907 Stur-

190 2926 282 2968 zius
310 2925 426 2969 Dial.
456 2925 525 2970 Al.
557 2939 600 2981 p.
633 2923 729 2967 103.
769 2925 920 2980 Zoega
964 2924 1156 2967 Obelisc.
1187 2940 1230 2981 p.
1261 2923 1363 2967 512.
1402 2924 1562 2979 aliique
1593 2923 1822 2966 adhibent:
1854 2921 1975 2968 ὑπο-

191 2981 347 3033 δύντες
375 2984 444 3040 (οἱ
472 2983 729 3042 προφῆται)
775 2986 838 3032 εἰς
867 2979 969 3032 τοὺς
998 2981 1147 3043 ἱεροὺς
1167 2978 1428 3041 χηραμούς,
1462 2981 1548 3025 ἅττ’
1584 2979 1642 3024 ἂν
1670 2978 1974 3041 ἀπεργάσων-

189 3059 276 3097 ται,
307 3044 662 3101 περιστέλλουσι,
694 3043 772 3084 καὶ
801 3043 923 3086 ἔστιν
949 3040 1099 3090 αὐτοῖς
1113 3039 1403 3101 κωμαστήρια
1423 3040 1475 3084 τὰ
1500 3039 1683 3095 κιβώτια
1704 3038 1972 3100 κρύπτοντα,

190 3105 331 3158 φασί,
372 3097 534 3149 ταύτας
562 3099 640 3150 τὰς
669 3105 893 3163 σφαίρας,
936 3096 988 3149 ἃς
1016 3098 1039 3144 ὂ
1062 3101 1217 3170 ’δῆμος
1245 3098 1326 3143 ἐὰν
1356 3100 1429 3160 ἴδῃ
1446 3134 1458 3155 ,
1482 3100 1751 3156 χαλεπανεῖ.
1797 3101 1974 3141 Wesse-
2035 3139 2038 3143 ,

172 3159 346 3215 ¹lingius
388 3160 443 3202 ad
483 3159 612 3201 Diod.
653 3159 737 3202 III.
768 3160 808 3202 5.
851 3172 1152 3219 πωμαστηρια
1191 3159 1396 3215 corrigit,
1438 3154 1600 3206 ταύτας
1628 3156 1706 3206 τὰς
1735 3154 1976 3215 φαλάκρας

189 3217 302 3260 Mer.
344 3216 627 3260 Casaubonus
670 3232 743 3276 ap.
783 3217 957 3261 Selden.
999 3219 1113 3275 Opp.
1162 3218 1219 3260 T.
1260 3218 1343 3260 ΙΙΙ.
1383 3216 1482 3259 251.
1523 3218 1668 3273 inepte
1699 3217 1792 3258 sine
1821 3217 1969 3267 dubio,

188 3290 430 3333 quanquam
472 3276 696 3332 Sphaerae
732 3275 836 3319 illae
877 3276 982 3334 quid
1021 3276 1104 3319 sibi
1146 3276 1307 3329 velint,
1349 3289 1470 3318 nemo
1512 3276 1716 3332 explicat.
1764 3275 1970 3316 Fortasse

185 3349 265 3392 pro
305 3350 369 3378 κω
409 3333 597 3395 αστήρια
626 3335 898 3379 scribendum
928 3337 1006 3380 καὶ
1032 3331 1282 3396 μυστήρια,
1315 3335 1477 3379 habent
1505 3348 1676 3392 quoque
1704 3333 1770 3376 illi
1799 3337 1969 3376 secreta

188 3407 268 3436 sua
299 3394 358 3436 sci
380 3427 389 3437 .
420 3392 475 3438 τὰ
504 3390 688 3448 κιβώτια
718 3398 800 3438 etc.
