2158 3848
227 243 312 306 76
811 255 1049 302 Llnnn
1090 255 1396 302 enm-ns,

228 388 450 470 ὠφελεῖ
496 386 602 450 καὶ
653 381 823 473 παρὰ
874 390 1091 474 καιρὸν
1146 391 1251 453 καὶ
1301 387 1455 474 μετὰ
1497 380 1729 459 θνσίας
1770 387 1840 453 δὲ
1881 390 1986 452 καὶ

224 488 353 570 μετ’
411 488 611 569 εὐχῶν
650 489 756 552 καὶ
807 488 1268 576 προηγνευκότα
1321 489 1428 552 καὶ
1479 487 1986 571 προδιακείμενον

223 576 307 668 τῇ
342 586 584 673 γνώμῃ,
629 589 724 651 ὅτι
767 591 948 672 ἱεροῖς
987 586 1445 672 προςελεύσεται
1499 587 1605 650 καὶ
1645 589 1826 671 ἱεροῖς
1866 612 1985 652 πα-

223 693 434 759 λαιοῖς·
477 688 671 758 οὕτως
715 689 992 772 ὠφέλιμα
1032 686 1270 773 γίνεται
1301 687 1380 750 τὰ
1415 685 1749 771 μυστήρια,
1791 687 1986 758 οὕτως

221 791 309 857 εἰς
349 787 704 870 φαντασίαν
745 785 1089 870 ἐρχόμεθα,
1131 784 1227 847 ὅτι
1269 787 1366 850 ἐπὶ
1405 787 1653 870 παιδείᾳ
1692 786 1799 850 καὶ
1840 789 1987 850 ἐπα-

221 883 536 968 νορθώσει
586 893 700 949 τοῦ
732 886 891 970 ’βίου
931 882 1305 964 κατεστάθη.
1390 886 1633 969 Itaque,
1686 905 1809 968 quo
1852 881 1987 967 quis

219 985 431 1045 animo
485 983 567 1045 ad
618 985 767 1046 haec
824 1003 998 1046 sacra
1052 983 1328 1058 accedat,
1371 984 1567 1044 multo
1608 987 1749 1066 plus
1781 986 1987 1060 refert,

219 1100 406 1164 quam
445 1083 594 1166 quid
636 1085 714 1146 ab
754 1085 1182 1169 Hierophanta
1221 1084 1451 1145 audiat.
1491 1119 1578 1130 —
1618 1082 1826 1157 Quum
1867 1084 1991 1144 Va-

220 1184 590 1246 lentinianus
646 1204 818 1247 sacra
870 1194 1168 1247 nocturna
1210 1185 1583 1259 sustulisset,
1640 1202 1757 1264 pro
1802 1179 1990 1244 Grae-

218 1303 430 1346 corum
473 1287 817 1347 cerimoniis
861 1286 1219 1370 deprecatus
1261 1294 1356 1345 est
1386 1285 1817 1344 Praetextatus
1849 1300 1990 1364 pro-

219 1376 463 1446 consul:
505 1394 731 1451 τοῦτον
773 1388 888 1471 ἔφη
931 1388 1046 1452 τὸν
1085 1383 1286 1470 νόμον
1329 1384 1608 1469 ἀβίωτον
1642 1383 1987 1465 τοῖςἝλλη-

219 1506 286 1548 σι
326 1484 732 1567 καταστήσειν
772 1487 887 1551 τὸν
928 1486 1096 1570 βίον,
1139 1490 1194 1549 εὶ
1231 1486 1508 1570 μέλλοιεν
1532 1481 1885 1548 κωλύεσθαι
1907 1484 1988 1548 τὰ

217 1586 559 1666 συνέχοντα
609 1586 682 1650 τὸ
737 1583 1138 1671 ἀνθρώπειον
1178 1587 1354 1671 γένος
1397 1581 1713 1670 ἁγιώτατα
1753 1581 1989 1667 μυστή-

215 1709 325 1770 ρια
365 1684 525 1748 κατὰ
565 1676 811 1769 θεσμὸν
850 1689 1105 1749 ἐκτελεῖν
1148 1685 1372 1745 Zosim.
1406 1683 1510 1743 Iv.
1554 1683 1612 1744 3.
1673 1684 1991 1744 Eleusinia

216 1787 352 1847 sine
406 1784 596 1845 dubio
653 1786 993 1864 significans
1006 1829 1025 1860 ‚
1090 1803 1251 1866 quae
1302 1785 1489 1844 etiam
1542 1779 1755 1843 Cicero
1807 1784 1988 1862 Legg.

213 1885 292 1946 Π.
340 1883 438 1946 14.
478 1887 547 1944 in
587 1886 727 1966 ipsa
765 1885 925 1968 lege,
969 1902 1126 1967 quae
1170 1895 1264 1944 est
1306 1883 1385 1943 de
1423 1884 1769 1959 nocturnis,
1821 1885 1991 1946 exci-

211 1986 313 2067 pit
350 1986 735 2047 nominatim.

386 2084 560 2146 Haec
621 2086 750 2146 fere
814 2094 958 2146 sunt
1020 2086 1268 2166 potiora
1330 2093 1717 2164 argumenta,
1758 2082 1988 2165 ⁴quibus

213 2187 658 2261 mysteriorum
713 2183 1132 2246 buccinatores
1184 2186 1278 2245 uti
1330 2186 1531 2246 solent
1585 2182 1666 2244 ad
1691 2174 1987 2266 'compro-

215 2282 491 2346 bandum
504 2328 522 2359 ,
579 2284 1039 2367 Hierophantas
1083 2284 1612 2346 concionabundos
1656 2285 1855 2345 omnis
1899 2283 1992 2345 di-

216 2386 421 2445 vinae‘
454 2386 763 2462 religionis
822 2400 884 2445 et
924 2386 1178 2446 humani
1221 2381 1403 2445 officii
1441 2386 1744 2446 rationem
1788 2384 1988 2467 expli-

217 2484 432 2544 cuisse.
461 2496 470 2506 '
518 2482 734 2545 Cetera
747 2528 766 2558 ,
809 2503 964 2564 quae
1007 2486 1296 2559 afferunt,
1346 2495 1670 2546 versantur
1709 2487 1778 2546 in
1818 2485 1990 2546 simi-

215 2582 579 2643 litudinibus
623 2594 685 2642 et
724 2584 1258 2659 translationibus,
1317 2603 1573 2664 quarum
1616 2585 1764 2664 quid
1806 2604 1990 2666 quae-

219 2702 338 2763 que
389 2683 472 2743 ad
525 2683 956 2766 probationem
983 2686 1308 2759 conferat,
1368 2684 1711 2765 expendere
1766 2684 1988 2744 consti·
2079 2750 2094 2762 ,

217 2783 482 2856 tuimuS,
538 2784 716 2845 initio
772 2791 1000 2846 sumto
1033 2784 1111 2845 ab
1154 2783 1445 2862 Aeschyli
1489 2803 1703 2859 causa,
1746 2782 1825 2843 de
1868 2801 1988 2863 qua

218 2883 491 2962 primum
555 2887 812 2966 exposui
874 2887 942 2948 in
991 2884 1248 2951 Dissert.
1304 2883 1381 2946 de
1433 2885 1685 2964 Myster.
1735 2882 1984 2963 Argum.

219 2979 644 3046 Mncccxx.

982 3107 1039 3194 §-
1126 3111 1223 3174 12.

387 3280 744 3360 AeschyluS,
785 3301 971 3365 quum
1012 3283 1173 3344 forte
1214 3282 1418 3363 aliqua
1443 3282 1511 3341 in
1545 3280 1759 3342 fabula
1790 3279 1979 3340 dixis*

223 3386 318 3439 set
359 3380 591 3462 aliquid
632 3385 733 3445 vel
772 3381 1168 3467 spectandum
1211 3382 1604 3457 exhibuisset,
1645 3378 1813 3463 quod
1844 3398 1982 3440 cum
