2158 3848
231 176 355 236 218
822 187 1064 232 LIBER
1107 189 1415 233 PRIMUS.

227 322 297 383 τὸ
343 320 661 403 βλέφαρον
702 320 826 404 γὰρ
870 321 1110 405 δρομὰς
1154 324 1267 385 οὐκ
1312 324 1393 385 ἄν
1435 345 1526 390 τις
1571 325 1734 402 εἴπῃ
1792 323 1898 383 καὶ
1941 327 2005 386 ἐν

222 421 473 503 Ὀρέστῃ
516 418 930 485 Μανιάσιν
974 421 1444 504 λυσσήμασι,
1503 419 1581 478 de
1625 441 1743 500 quo
1789 421 2007 500 genere

227 519 422 581 multa
485 518 752 578 diximus
814 519 896 579 ad
955 520 1053 597 Aj.
1115 521 1256 581 271.
1359 521 1535 581 Idem
1596 520 1677 579 ad
1736 524 2007 601 priorem

225 621 621 682 Hierarchiae
651 619 879 678 Eccles.
923 620 1125 678 locum
1168 639 1229 700 p.
1259 621 1360 681 74.
1404 622 1479 682 A.
1525 621 1840 704 ἀφιέντων
1877 631 2008 686 τῶν

224 727 694 805 μαρμαρυγῶν,
754 719 860 780 καὶ
913 727 1034 782 νῦν
1078 721 1406 796 ἅττικίζων
1452 723 1740 792 συνέταξε
1783 723 1853 785 τὸ
1879 728 2008 802 ’ρη-

222 821 351 885 τόν.
443 818 644 891 Quam
700 817 976 879 diversas
1032 837 1132 878 res
1180 819 1294 878 *ille
1328 824 1799 901 composuerit,
1867 831 2008 880 ante

223 921 432 982 oculos
458 927 600 998 >est3
663 918 773 978 sed
817 928 879 978 et
919 919 1078 979 illud
1121 929 1381 1001 apparet
1421 920 1577 980 hanc
1621 923 1856 998 generis
1886 922 2006 981 ‘en—

223 1024 461 1100 allagen
505 1018 835 1100 aliquando
881 1027 996 1100 pr'o
1038 1021 1205 1080 cultu
1247 1021 1456 1080 fuisse.
1525 1019 1688 1079 Alia
1711 1003 2009 1080 nonnulla

222 1144 260 1183 a
284 1123 720 1182 Grammaticis
761 1123 989 1181 nostris
1023 1119 1256 1200 pariter
1293 1121 1570 1199 neglecta
1611 1120 1820 1180 attulit
1849 1121 2009 1180 Dor-

220 1223 432 1285 villius
477 1222 557 1282 ad
603 1219 831 1281 Charit.
875 1241 936 1301 p.
974 1222 1098 1280 293
1146 1231 1207 1279 et
1251 1219 1393 1281 549.
1480 1221 1579 1280 Ex
1620 1222 1748 1281 alio
1793 1240 2011 1298 genere

218 1325 478 1408 βραχέσι
523 1321 924 1403 σημειώσεσιν
967 1320 1195 1381 Euseb.
1241 1341 1288 1380 c.
1333 1321 1602 1381 Marcell.
1647 1322 1717 1381 L.
1760 1323 1806 1380 I.
1851 1318 1913 1401 p.
1947 1323 2008 1380 2.

219 1426 297 1484 D.
342 1429 477 1493 ταῖς
521 1424 682 1493 ὀξέσι
723 1459 808 1468 -——
863 1428 1000 1492 ταῖς
1043 1423 1307 1505 βραὸέσι
1363 1429 1496 1484 τῶν
1551 1427 1780 1504 ψυχῶν
1837 1420 2007 1480 Stob.

219 1527 256 1583 l.
302 1545 349 1583 c.
393 1543 454 1605 p.
504 1522 687 1582 1086.
737 1541 850 1582 suo
894 1523 1031 1581 loco
1078 1522 1571 1602 composuimus..
1608 1555 1610 1557 >

562 1924 1422 2030 EPIMETRUM
1473 1953 1661 2028 ΠΙ.

710 2143 717 2151 “
815 2136 893 2187 ad
940 2142 987 2201 ξ.
1042 2137 1123 2188 12.
1176 2144 1306 2188 not.
1354 2135 1411 2189 ff.

390 2324 728 2407 Sophocles
773 2321 978 2399 Antig.
1028 2320 1211 2397 1146.
1269 2319 1564 2379 Liberum
1605 2322 1859 2404 ἄστρων
1895 2347 2008 2401 χο-

222 2423 419 2511 ραγόν
483 2425 788 2504 appellat,
867 2420 1026 2485 κατά
1087 2445 1230 2486 τινα
1288 2421 1596 2503 μυστικὸν
1656 2419 1875 2507 λόγον,
1941 2430 2009 2480 ut

219 2526 421 2587 Schol.
467 2526 581 2599 ait3
649 2523 1012 2582 Eustathius
1067 2540 1128 2600 p.
1174 2518 1317 2579 514.
1368 2522 1582 2600 paullo
1627 2519 1841 2581 durius
1884 2548 2007 2604 μυ·-

221 2627 436 2690 στικὸν
467 2633 656 2707 λῆρον
688 2623 853 2682 dicit.
939 2620 1103 2680 Hinc
1141 2639 1293 2681 vero
1322 2639 1401 2678 ne
1429 2621 1835 2679 Theocrasiae
1870 2620 2005 2696 my-

219 2729 410 2787 sticae
453 2726 722 2805 suspicio
780 2722 1037 2782 ducatur
1093 2720 1365 2782 breviter
1409 2719 1868 2780 admonendum
1911 2722 2006 2781 vi-

222 2827 433 2901 detur,
474 2827 827 2902 Dionysum
870 2841 997 2883 non
1038 2820 1182 2881 ideo
1227 2820 1502 2881 siderum
1547 2819 1766 2880 ducem
1808 2819 2008 2876 nomi-⁴

220 2930 389 3001 nari,
451 2925 620 3007 quod
660 2925 826 2985 idem
873 2924 983 2984 Sol
1026 2925 1138 2997 sit,
1203 2922 1315 2982 sed
1369 2939 1454 2981 ex
1496 2929 1821 3002 poetarum
1867 2920 2006 2977 con-

222 3027 579 3101 suetudine,
625 3028 731 3106 qui
774 3025 1031 3085 deorum
1077 3025 1249 3101 orgia
1293 3036 1406 3082 sua
1450 3019 2005 3081 concelebrantium

222 3127 496 3189 adventu
538 3129 895 3189 universam
922 3134 1219 3184 ‘naturam
1264 3122 1642 3184 commoveri
1695 3130 1757 3180 et
1809 3119 2004 3179 exsul-

222 3239 354 3288 tare
396 3230 630 3305 fingunt
672 3231 763 3288 ita
805 3238 875 3287 ut
917 3236 1081 3286 terra
1135 3226 1590 3297 contremiscat,
1660 3223 1859 3281 maria
1901 3238 2003 3277 ex-

227 3337 524 3402 aestuent,
567 3329 903 3410 stellaeque
944 3329 1119 3408 ipsae
1163 3327 1510 3405 augustiore
1552 3324 1786 3383 lumine
1829 3337 2000 3380 coru-
