2158 3848
783 229 1244 274 oRPH1cA.
1772 214 1897 277 335

118 366 322 425 sanias
364 364 411 423 Ι.
436 361 537 422 22.
582 358 750 441 quod
792 356 870 419 ab
916 356 1181 418 oraculis
1223 355 1539 419 diversum
1582 360 1772 423 fuisse
1809 364 1902 426 vi-

118 465 325 535 detur,
369 469 433 521 et
476 460 720 521 duobus
761 458 914 519 locis
958 457 1120 518 VIII.
1167 457 1268 518 31.
1313 458 1423 522 IX.
1470 455 1569 520 35.
1624 462 1902 545 Ὄνομα,

115 564 327 646 κρίτου
374 565 518 643 ἔπη,
583 560 756 622 nullo
814 557 1031 619 addito
1074 557 1306 619 indicio
1321 601 1340 632 ‚
1408 578 1529 641 quo
1572 569 1787 642 pateat
1828 582 1903 624 ea

112 662 369 725 Musaeo
412 671 522 724 aut
546 660 795 741 Orpheo
839 661 1138 740 inscripta
1171 659 1390 719 fuisse.
1473 659 1614 721 Hoc
1654 663 1903 725 interim

112 760 544 825 Ruhnkenium
580 761 857 841 aliosque
911 762 1084 823 viros
1128 759 1521 821 doctissimos
1575 781 1703 824 non
1762 762 1901 824 abs·

112 864 360 935 terruit,
420 863 746 943 quominus
791 881 894 936 ea,
938 880 1096 942 quae
1140 861 1477 922 Pausanias
1521 863 1794 924 secundo
1837 860 1904 924 in

112 965 248 1030 loco
295 963 373 1022 de
406 963 768 1024 Gratiarum
809 961 1180 1043 parentibus.-
1217 971 1280 1020 et
1319 964 1673 1025 nominibus
1715 965 1905 1025 refert

113 1063 192 1124 ab
216 1063 617 1125 Onomacrito
645 1063 840 1136 dicta,
885 1080 970 1122 ex
995 1061 1229 1141 Orphei
1262 1062 1497 1138 hymno
1521 1062 1653 1123 LX.
1697 1074 1904 1126 sumta

113 1175 431 1244 putarent3
500 1164 667 1246 quod
708 1163 874 1223 idem
931 1163 1084 1222 mihi
1127 1162 1352 1221 rectius
1397 1161 1475 1222 de
1516 1165 1724 1243 priore
1765 1166 1902 1226 loco

111 1264 479 1323 contendere
522 1264 758 1326 videor.
845 1262 967 1322 Hic
999 1263 1164 1321 enim
1191 1262 1529 1322 Pausanias
1563 1263 1713 1324 dicit
1739 1265 1902 1325 Ono-

109 1367 434 1424 macritum
446 1365 717 1442 Dionysi
740 1365 912 1441 orgia
936 1361 1304 1436 condidisse,
1320 1361 1693 1445 Titanesque
1715 1368 1902 1426 inter-

108 1464 369 1524 fectores
415 1466 548 1542 ejus
594 1464 892 1537 edidisse3
937 1482 1098 1542 quae
1141 1462 1353 1522 fabula
1379 1484 1566 1543 quum
1611 1467 1677 1525 in
1705 1466 1902 1526 Theo-

110 1566 296 1642 gonia
319 1564 593 1649 Orphica
635 1565 1061 1645 copiosissime
1106 1574 1452 1638 enarretur,
1495 1564 1575 1625 ab
1612 1565 1751 1627 aliis
1795 1586 1902 1627 au-

109 1675 235 1724 tem
290 1667 545 1725 omnino
602 1673 865 1726 tractata
917 1682 1042 1723 non
1097 1667 1212 1738 sit,
1295 1666 1432 1743 conj
1440 1675 1718 1725 ecturam:
1760 1666 1902 1746 feci,

110 1765 283 1842 cujus
328 1764 539 1826 adhuc
579 1784 681 1825 me
722 1783 849 1827 non
891 1766 1228 1843 poenituit,
1290 1765 1659 1826 Pausaniam
1704 1766 1903 1826 Theo-

111 1866 360 1942 goniam
406 1864 641 1946 Orphei
695 1873 805 1926 aut
858 1875 1020 1924 certe
1074 1875 1316 1944 partem
1371 1867 1534 1943 ejus,
1599 1885 1755 1945 quae
1809 1875 1905 1925 est

111 1963 190 2023 de
234 1964 500 2042 Zagreo,
557 1966 962 2042 significasse,
1029 1963 1142 2024 sed
1196 1982 1313 2044 pro
1372 1964 1620 2045 Orpheo
1682 1983 1902 2027 verum

107 2063 499 2126 substituisse
571 2074 940 2138 auctorem,
1001 2063 1485 2125 Onomacritum.
1601 2064 1783 2139 Quod
1846 2069 1902 2127 si

108 2166 245 2244 quis
292 2184 438 2225 eum
480 2167 742 2225 miretur
795 2166 979 2225 tacite
1021 2165 1271 2238 fecisse,
1329 2167 1602 2244 primum
1647 2186 1902 2247 respon-

108 2262 273 2324 debo
319 2265 551 2325 multos
594 2275 876 2327 veterum
921 2264 1139 2325 eadem
1174 2264 1481 2326 brevitate
1505 2263 1737 2346 Cypria
1762 2267 1902 2327 Sta-

106 2365 259 2437 sini,
316 2363 644 2426 Oechaliae
674 2365 963 2436 ⁵Halosin
1019 2363 1386 2445 Creophyli,
1448 2355 1746 2446 Cercopis·
1779 2366 1900 2427 Ae-

108 2466 366 2542 gimium
408 2468 735 2526 nominare
792 2484 919 2525 non
964 2465 1205 2544 adjecto
1251 2467 1518 2527 auctoris
1563 2468 1900 2546 antiquitus

106 2566 475 2646 praescripti
515 2568 796 2641 nomine3
852 2565 1077 2627 deinde
1131 2567 1268 2627 fieri
1320 2584 1507 2646 posse
1560 2577 1630 2626 ut
1673 2566 1900 2628 Pausa-

111 2666 250 2727 nias
292 2665 362 2726 id
403 2678 930 2748 supervacaneum
961 2665 1214 2728 duxerit
1258 2668 1387 2727 suis
1410 2666 1683 2729 indicare
1712 2667 1898 2726 lecto-

111 2765 310 2840 ribus,
355 2767 579 2847 quibus
620 2760 967 2831 carminum
1013 2767 1090 2828 ab
1131 2769 1276 2847 ipso
1319 2775 1677 2829 notatorum
1721 2785 1896 2845 argu-

111 2876 318 2929 menta
359 2871 602 2947 cognita
637 2878 850 2944 sscrant3
903 2870 1042 2948 jam
1093 2868 1284 2930 semel
1329 2870 1496 2928 enim
1549 2870 1895 2947 iterumque

114 2982 222 3025 eos
265 2965 342 3029 de
382 2967 600 3033 fraude
643 2967 1048 3032 admonuerat
1089 2969 1231 3031 L.*I.
1276 2969 1376 3029 37.
1408 2969 1499 3031 τὰ
1541 2965 1894 3050 καλούμενα

105 3066 381 3150 Ὀρφικά
422 3087 654 3133 vocans
699 3074 764 3130 et
801 3071 871 3133 in
913 3070 1132 3132 eodem
1176 3070 1336 3131 libro
1382 3089 1430 3127 c.
1481 3067 1576 3127 14.
1631 3067 1739 3128 ubi
1783 3068 1893 3129 illa

114 3164 349 3246 Orphei
391 3170 499 3249 ἔπη
512 3212 531 3243 ,
572 3171 642 3230 in
682 3169 902 3249 quibus
929 3170 1298 3252 Triptolemi
1342 3186 1530 3246 genus
1572 3168 1890 3250 proditum

112 3276 275 3339 erat,
318 3279 742 3333 asseveranter
784 3272 996 3349 spuria
1039 3289 1172 3331 esse
1198 3270 1590 3351 pronunciat3
1633 3289 1891 3350 quorum

113 3367 247 3428 sive
290 3366 433 3439 hoc,
500 3371 634 3431 sive
687 3369 844 3430 illud
900 3370 1068 3431 idem
1115 3379 1210 3432 est
1262 3388 1486 3450 poema
1534 3369 1612 3430 de
1654 3389 1775 3450 quo
1819 3370 1887 3431 L.
