2158 3848
853 221 1305 266 ORPch-A.
1541 160 1544 163 -
1846 213 1972 274 637

193 355 399 415 Λαΐου
455 353 561 413 καὶ
595 351 953 418 τΟῗὸίσὶοὸος
1015 355 1338 432 Τισαμενῷ
1392 352 1510 432 μὲν
1566 356 1680 416 οὐκ
1739 359 1972 442 ἐγένετο

189 451 450 532 μήνιμα,
494 450 840 514 Αὐτεσίωνι
866 448 954 531 ,δὲ
997 456 1088 531 τῷ
1145 455 1493 532 Τισαμενοῦ
1537 452 1716 512 Paus,
1759 455 1867 515 IX.
1915 457 1971 519 5.

189 551 286 610 Ita
339 553 437 612 vis
480 551 590 609 illa
630 548 992 608 hereditarii
1036 549 1187 608 mali
1233 552 1300 613 ἔν
1335 572 1459 612 τισι
1500 559 1631 615 τῶν
1673 563 1877 637 γενῶν
1897 557 1972 635 [V]

191 651 460 729 erumpit
500 651 568 708 in
611 649 1235 729 apertumfurorem,
1277 669 1418 728 quo,
1465 662 1574 711 ceu
1618 653 1842 732 spiritu
1885 653 1977 711 di-

190 752 371 823 vino,
438 761 635 808 tactus
704 743 931 829 aliquis
996 750 1176 826 hujus
1242 749 1525 809 funestae
1580 751 1856 812 familiae
1915 761 1978 811 et

191 868 404 909 causas
450 849 842 909 domesticae»
871 849 1030 908 labis
1074 859 1137 907 et
1178 850 1457 924 remedia
1497 854 1824 930 praesagit,
1860 852 1978 917 ad-

189 950 520 1029 hibitisque
573 949 983 1028 piacularibus
1040 967 1267 1007 noxam
1326 968 1364 1007 a
1406 952 1766 1029 parentibus
1811 955 1978 1013 acee-

189 1061 362 1130 ptam
405 1052 470 1108 in
516 1069 698 1117 omne
739 1059 984 1127 tempus
1029 1047 1250 1107 abolet.
1337 1049 1451 1107 Illa
1505 1053 1739 1113 παλαιὰ
1794 1053 1978 1133 μηνί.

190 1175 359 1232 ματα
405 1158 552 1208 sunt
591 1149 764 1207 dirae
810 1147 1057 1205 ultrices
1102 1147 1238 1206 sive
1281 1156 1610 1224 parentum
1657 1152 1792 1212 sive
1829 1151 1978 1210 alio—

188 1270 325 1309 rum
386 1248 619 1306 nefarie
678 1248 1018 1305 occisorum
1062 1245 1271 1317 furiae·
1311 1254 1676 1308 temeratam
1723 1250 1978 1311 domum

190 1367 368 1408 caeca
433 1347 578 1406 tabe
612 1375 615 1378 -
645 1354 963 1423 urgenteS,
1033 1346 1070 1424 ἡ
1128 1354 1312 1426 μῆνις
1366 1357 1500 1411 τῶν
1554 1350 1977 1430 τετελευτηκό-

185 1454 318 1512 των
333 1449 460 1528 [W]‚
518 1464 781 1525 quorum
824 1455 1000 1504 tanta
1044 1455 1176 1504 erat
1218 1446 1466 1523 religio,
1522 1458 1592 1508 ut
1635 1470 1710 1508 ex
1754 1453 1977 1530 quovis

188 1549 651 1611 vehementiore
706 1546 900 1604 animi
961 1548 1318 1625 corporisve
1362 1548 1581 1608 affectu
1625 1552 1834 1610 statim
1878 1570 1979 1611 su-

188 1650 383 1729 spicio
452 1649 814 1719 incesseret,
899 1664 976 1704 ne
1046 1644 1306 1705 deorum
1372 1651 1654 1708 manium
1721 1653 1980 1711 numina

189 1752 350 1809 irata
405 1738 716 1807 haberent.
815 1747 912 1805 Ita
967 1744 1048 1804 ad
1090 1741 1386 1806 Anthiam
1444 1768 1520 1808 ex
1561 1768 1774 1809 amore
1815 1753 1979 1810 insa-

189 1852 474 1920 nientem
531 1854 921 1907 arcessuntur
989 1844 1243 1925 μοίντεις
1298 1848 1405 1909 καὶ
1461 1852 1638 1932 ἱερεῖς
1673 1886 1758 1896 —-
1796 1853 1855 1913 οἱ
1908 1848 1978 1914 δὲ

191 1947 458 2012 ἐθύοντο
515 1948 621 2009 καὶ
663 1946 1039 2010 ἐπέσπενὸον
1080 1947 1186 2008 καὶ
1229 1949 1510 2032 ἐπέλεγον
1554 1950 1772 2031 φωνὰς
1814 1954 1978 2035 βαρ-

190 2049 479 2132 βαρικὰς,
524 2045 954 2119 ἐξιλάσκεσθαι
998 2048 1273 2132 λέγοντες
1317 2047 1625 2130 δαίμονας
1664 2052 1773 2112 καὶ
1794 2077 1979 2135 προς-

191 2149 443 2213 εποίουν
488 2148 572 2217 ὥς
615 2152 703 2226 εἴη
748 2147 819 2209 τὸ
866 2147 1078 2210 δεινὸν
1123 2151 1188 2209 ἐκ
1230 2156 1361 2211 τῶν
1405 2150 1813 2229 ὑποχθονίων
1854 2151 1980 2211 Xe-

313 2335 381 2392 [V]
417 2334 598 2376 Aristot.
629 2333 756 2376 Rhet.
786 2334 845 2376 11.
872 2333 940 2376 15.
966 2331 1065 2376 237.
1099 2331 1221 2394 φορά
1252 2338 1316 2383 τίς
1346 2335 1467 2378 ἐστιν
1497 2336 1546 2379 ἐν
1576 2341 1669 2385 τοῖς
1697 2339 1878 2395 γένεσιν
1894 2336 1978 2380 ἀν-

192 2395 317 2453 δρῶν
348 2393 492 2448 ὥςπερ
524 2393 601 2434 καὶ
630 2393 681 2435 ἐν
714 2396 808 2441 τοῖς
836 2390 950 2435 κατὰ
981 2390 1059 2441 τὰς
1082 2389 1238 2450 χώρας
1266 2397 1581 2451 γιγνομένοις,
1614 2397 1691 2438 καὶ
1716 2390 1888 2450 tartare,
1922 2393 1979 2438 ἂν

192 2447 218 2509 ἦ
242 2452 423 2510 ἀγαθὸν
452 2450 501 2495 τὸ
531 2454 676 2508 γένος,
709 2451 996 2508 ἐγγίγνονται
1028 2449 1104 2493 διά
1134 2466 1255 2500 τινος
1276 2448 1451 2509 χρόνου
1473 2447 1635 2510 ἄνδρες
1646 2455 1860 2512 περιττοὶ,
1893 2450 1978 2496 κᾶ-

191 2502 325 2555 ἇιειτα
355 2507 493 2554 πάλιν
522 2508 788 2552 ἀναδίδωσι·
820 2509 1016 2558 similiter
1045 2510 1096 2553 ἔν
1125 2522 1214 2552 τισι
1243 2513 1334 2552 τῶν
1362 2513 1511 2568 γενῶν
1541 2509 1567 2565 ἡ
1587 2516 1732 2570 μανία
1754 2512 1980 2570 ἐγγίνεται

192 2574 271 2615 καὶ
311 2564 611 2628 προφητεύει,
654 2581 749 2609 nam
790 2566 824 2609 ii
864 2567 939 2623 q'ui
967 2567 1238 2610 'valetudinis
1268 2569 1376 2611 vitio
1407 2571 1580 2623 furunt,
1624 2571 1785 2613 habere
1816 2570 1979 2627 aliquid

191 2630 236 2674 in
267 2630 419 2672 animis
447 2625 726 2684 praesagiens
756 2630 887 2682 atque
917 2625 1105 2669 divinum
1136 2631 1344 2683 putantur
1375 2627 1470 2670 Cic.
1501 2628 1602 2671 Div.
1635 2630 1671 2672 Ι.
1704 2629 1773 2670 31.
1816 2628 1978 2686 Perpe—

192 2703 285 2732 ram
325 2688 462 2744 igitur
506 2685 720 2728 Canterus
763 2698 832 2741 ap.
874 2684 1057 2727 Aristid.
1089 2685 1166 2727 Or.
1197 2685 1309 2728 Plat.
1339 2686 1376 2729 I.
1408 2701 1451 2743 p.
1485 2685 1553 2729 14.
1584 2688 1661 2730 ubi
1689 2687 1884 2730 Platonis
1913 2689 1980 2730 lo-

195 2762 268 2790 cus
311 2747 520 2796 affertur,
566 2756 644 2799 pro
684 2745 834 2801 γενῶν
875 2744 1066 2786 correxit
1105 2748 1380 2802 γενομένων.
1442 2744 1532 2786 Sed
1562 2750 1680 2796 recte
1711 2745 1979 2790 Scholiastes

195 2806 252 2848 ad
280 2805 322 2848 h.
352 2806 380 2847 1.
409 2800 582 2847 παλαιὰ
610 2805 845 2860 μηνίματα
871 2801 1186 2858 interpretatur
1211 2799 1266 2844 τὰ
1294 2799 1570 2862 προγονικά,
1603 2818 1682 2845 nec
1712 2803 1840 2846 aliter
1869 2805 1979 2848 Pro-

198 2863 318 2906 culus
346 2863 517 2906 Dubitt.
549 2860 603 2902 de
632 2859 812 2902 Provid.
842 2859 899 2902 Τ.
923 2861 958 2902 Ι.
982 2875 1023 2917 p.
1050 2860 1146 2902 168.
1168 2861 1297 2903 Cous.
1320 2862 1365 2904 in
1389 2866 1537 2904 vetere
1563 2862 1784 2904 versione:
1818 2862 1979 2914 Quod

197 2926 382 2964 autem
430 2924 798 2978 peccatorum
847 2919 1290 2976 progenitorum
1345 2921 1517 2968 δίκας
1556 2920 1858 2963 sustinere
1898 2922 1979 2964 di-

196 2985 409 3023 cuntur
454 2976 709 3035 quidam,
764 2976 1169 3020 revelationes
1213 2983 1272 3020 et
1314 2979 1541 3020 teletae
1580 2980 1978 3032 manifestant,

196 3043 255 3081 et
284 3037 450 3081 etiam
480 3033 627 3079 λύσιοι
657 3034 882 3091 quidam
911 3034 993 3079 dii
1021 3049 1272 3093 purgare
1304 3038 1370 3078 ab
1399 3036 1472 3078 iis
1503 3037 1891 3080 affirmantur.

314 3137 384 3195 [W]
415 3136 543 3180 Plato
582 3136 717 3193 Hipp.
760 3135 870 3190 Mai.
909 3149 952 3193 p.
986 3134 1082 3179 125.
1122 3136 1209 3179 Est
1240 3136 1334 3177 sere
1363 3135 1494 3179 fixum
1524 3135 1568 3178 in
1599 3136 1681 3179 hac
1709 3151 1758 3180 re
1787 3137 1979 3182 vocabu-

198 3197 284 3238 lum
325 3194 376 3239 τὸ
415 3195 495 3239 ἐπὶ
576 3191 668 3250 όνῳ
707 3190 819 3251 μήνι
857 3209 887 3235 α
927 3194 1055 3237 Paus.
1100 3195 1176 3237 VI.
1207 3195 1280 3236 20.
1311 3194 1363 3235 V.
1398 3194 1436 3236 1.
1466 3194 1690 3250 Androgei
1719 3194 1769 3240 τὸ
1839 3193 1911 3251 ήνι
1949 3212 1978 3239 α

197 3254 419 3297 Plutarch.
448 3253 504 3296 V.
581 3254 671 3296 hes.
702 3267 739 3294 c.
770 3251 812 3294 X
856 3283 866 3293 .
896 3249 946 3295 τὸ
977 3250 1259 3312 Λευκτρικὸν
1285 3248 1463 3310 μήνιμα
1492 3253 1676 3296 filiarum
1701 3255 1786 3298 See
1817 3255 1882 3297 asi
1937 3255 1976 3295 d.

198 3313 251 3353 V.
292 3312 444 3368 Pelop.
474 3325 511 3354 ο.
542 3310 637 3354 ΧΧ.
679 3310 806 3353 Paus.
836 3308 913 3352 IX.
947 3309 1013 3354 13.
1043 3311 1314 3367 Hesychius:
1347 3312 1719 3371 Μασχαλίσματα
1751 3310 1866 3372 ὑπὲρ
1897 3315 1977 3356 τοῦ

197 3369 277 3424 τὴν
306 3372 445 3428 μῆνιν
474 3369 655 3425 (occini)
685 3368 898 3413 ἐκκλῖναι.
