2158 3848
163 218 289 277 776
695 226 931 270 LIBER
973 225 1399 272 SECUNDUS.

163 361 290 420 the
332 358 741 435 beginning
784 355 928 418 and
972 357 1422 418 conclusion
1467 357 1552 416 of
1585 375 1624 416 a
1656 368 1933 438 prayer

167 479 249 519 or
292 477 437 535 any
479 457 834 535 religous
877 458 1062 530 rite,
1107 457 1271 517 like
1315 457 1563 517 Amen.
1625 457 1935 519 Pac-ska

165 558 470 635 exactly
540 575 884 617 answers
952 567 1029 615 to
1100 556 1227 615 the
1295 556 1651 617 obsolete
1706 557 1935 618 Latin

163 658 381 719 word
409 711 411 719 ,
462 656 630 731 Via-3
709 658 772 714 it
830 656 1196 734 signifies
1265 655 1579 734 change,
1651 649 1939 733 course,

165 757 416 830 stead,
461 757 701 836 place,
744 765 925 815 turn
969 756 1056 814 of
1088 755 1326 828 work,
1373 754 1583 832 dury,
1625 757 1940 817 fortune

167 867 277 917 etc.
321 877 382 937 p.
430 856 681 935 300.[y].
762 853 941 914 Hanc
994 856 1566 935 interpretationem
1610 858 1943 919 exosculati

166 966 309 1017 sunt
362 956 463 1016 Fr.
507 955 862 1015 Muenterus
908 955 1282 1037 (Erklarung
1325 959 1492 1017 einer
1534 957 1964 1033 griechischen

165 1055 466 1116 Inschrift.
524 1075 584 1136 p.
635 1054 758 1134 18.)
813 1055 915 1115 Fr.
976 1053 1313 1115 Creuzerus
1367 1057 1434 1114 in
1479 1046 1841 1133 Symbolic'a
1875 1056 1945 1117 T.

164 1155 269 1217 IV.
313 1176 374 1236 p.
420 1153 562 1215 573.
649 1155 761 1215 Vir
802 1156 1111 1230 illustris,⁴
1145 1154 1448 1217 Uwarow
1489 1157 1557 1226 in
1599 1157 1802 1234 Essay
1844 1164 1949 1216 sur

166 1256 255 1315 les
300 1264 604 1329 mysteres
649 1253 951 1314 d’Eleusis
994 1275 1055 1334 p.
1082 1247 1203 1314 26.
1226 1273 1315 1334 sq.
1361 1255 1791 1333 schellingius:
1815 1253 1951 1317 Uess-

165 1355 276 1414 ber
321 1353 422 1412 die
468 1353 828 1412 Gottheiten
870 1372 998 1414 von
1034 1353 1442 1412 Samothrake
1483 1374 1544 1433 p.
1579 1354 1680 1414 91.
1726 1356 1954 1436 aliique

167 1460 503 1533 praeterea.
614 1452 731 1511 Illa
792 1454 927 1530 Jam
996 1452 1359 1528 significatio
1432 1461 1554 1523 est,
1635 1447 1952 1514 literarum

169 1550 792 1612 samscredanicarum
838 1532 1104 1628 cogni'ssio
1141 1551 1243 1613 vel
1274 1550 1597 1611 levissima
1630 1551 1734 1615 vel
1769 1554 1953 1613 etiam

169 1653 342 1713 nulla
385 1660 681 1732 quantum
724 1650 950 1710 habeat
993 1651 1072 1710 ad
1109 1651 1340 1711 doctae
1355 1652 1740 1731 antiquitatis
1766 1654 1954 1713 inter-

169 1755 581 1834 pretationem
636 1753 954 1811 momenti.
1048 1750 1174 1812 ·Cui
1219 1753 1381 1811 enim
1427 1753 1704 1813 omnium
1747 1771 1956 1834 graece

172 1852 494 1912 doctorum
551 1851 700 1911 haec
743 1852 1043 1933 suspicari
1084 1854 1150 1911 in
1193 1862 1462 1916 mentem
1505 1853 1714 1946 venit?
1754 1853 1958 1931 Hesy-

176 1953 345 2012 chius
391 1954 637 2032 scripsit
681 1954 794 2012 sic:
839 1952 1038 2038 Κόγξ,
1085 1955 1318 2036 ὄμπαξ·
1383 1951 1753 2036 ἐπιφώνημα
1796 1977 1958 2018 τετε-

176 2054 503 2135 λεσμένοις.
591 2053 716 2114 Καὶ
756 2061 865 2132 τῆς
909 2054 1264 2133 δικαστικῆς
1307 2052 1525 2136 ψήφου
1569 2079 1748 2133 ηχος,
1795 2054 1878 2124 ὥς
1921 2055 1954 2117 ὃ

174 2160 283 2233 τῆς
336 2150 718 2236 κλεψύδρας.
777 2153 948 2237 παρὰ
1004 2153 1073 2215 δὲ
1124 2157 1411 2223 Ἀττικοῖς
1453 2151 1731 2237 βλόψ[”].
1780 2159 1789 2174 ”
1818 2151 1958 2214 Jam

297 2309 358 2366 [y]
391 2308 558 2351 Eodem
599 2309 783 2352 artificio
813 2310 1149 2364 Drummondus‚
1193 2311 1266 2366 qui
1296 2324 1432 2367 nuper
1461 2308 1770 2352 demonstravit
1797 2309 1960 2352 duode-

178 2368 259 2410 cim
289 2368 570 2410 Patriarchas
601 2374 646 2410 et
674 2368 853 2412 totidem
885 2369 1123 2422 Caesares,
1127 2372 1131 2378 “
1155 2383 1333 2425 quorum
1363 2369 1478 2411 vitas
1508 2368 1740 2410 Suetonius
1771 2367 1958 2425 scripsit,

176 2439 316 2483 neque
356 2425 634 2468 Patriarchas
674 2441 814 2483 neque
860 2427 1071 2470 Caesares
1114 2428 1190 2470 sed
1220 2428 1345 2482 signa
1375 2427 1556 2470 Zodiaci
1585 2430 1705 2479 esse'‚
1734 2426 1960 2483 Euripidis

176 2483 315 2526 locum
345 2483 388 2524 in
419 2484 604 2526 Bacchis
629 2486 812 2555 egregie
841 2486 1091 2529 illustravit.
1150 2486 1378 2541 Leguntur
1416 2486 1479 2527 ibi
1508 2484 1608 2531 581.
1638 2459 1775 2527 verba
1805 2486 1957 2528 obscu-

175 2541 347 2584 rissima
388 2545 583 2599 σέβομεν
614 2536 674 2598 ὦ,
727 2558 838 2599 quae
881 2545 1154 2587 Hermannus
1197 2550 1242 2586 et
1270 2543 1501 2600 Elsmlejus
1532 2545 1646 2586 sicco
1676 2544 1788 2599 pede
1817 2549 1959 2586 trans-

178 2606 306 2653 eunt,
361 2600 555 2642 nimirum
593 2602 695 2656 quia
735 2616 818 2642 non
847 2602 1117 2670 intelligunt3
1170 2603 1418 2658 significant
1455 2616 1587 2655 vero,
1629 2602 1740 2644 sicut
1779 2602 1852 2644 ille
1882 2616 1960 2644 nos

179 2633 329 2701 docuit
366 2658 716 2715 incomparabilis
757 2660 964 2714 magister
999 2661 1044 2702 in
1074 2634 1227 2703 D’iario
1259 2662 1399 2703 Class.
1428 2662 1480 2703 A.
1513 2657 1640 2701 1814.
1669 2660 1728 2702 N.
1760 2660 1828 2703 18.
1859 2658 1959 2702 363.

178 2730 523 2759 veneramur
562 2717 618 2760 Ο.
679 2718 719 2759 O
761 2718 871 2759 enim
900 2719 992 2761 sive
1023 2718 1106 2760 Ou
1135 2720 1226 2761 sive
1255 2720 1377 2761 Hou
1408 2719 1499 2760 sive
1528 2718 1688 2759 Houa
1716 2721 1782 2760 est
1811 2732 1960 2761 nomen

181 2779 399 2827 sanctum,
444 2789 527 2832 quo
569 2776 736 2819 Arabes
780 2776 977 2832 aliaeque
1009 2776 1201 2818 Orientis
1242 2782 1392 2832 gentes
1421 2789 1575 2817 numen
1605 2789 1808 2818 summum
1836 2777 1960 2819 invo-

182 2838 296 2876 cant.
356 2833 460 2875 Sine
501 2834 631 2876 dubio
674 2835 719 2876 in
750 2835 1035 2891 scriptoribus
1066 2835 1236 2891 graecis
1266 2835 1537 2890 romanisque
1565 2833 1700 2876 multa
1729 2835 1960 2878 milliata-

180 2891 283 2991 ligm
326 2892 633 2936 vocabulorum
673 2893 897 2949 leguntur‚
939 2908 1051 2950 quae
1092 2893 1245 2936 Critici
1286 2893 1468 2936 ridicule
1496 2892 1770 2936 librariorum
1798 2893 1961 2937 mendis

182 2963 209 2992 a
241 2956 479 2994 numerant.

305 3022 363 3079 [Ζ]
397 3023 667 3067 Phavorinus
709 3021 856 3080 βλώψ.
897 3024 1154 3068 Eustathius
1196 3039 1240 3081 p.
1272 3024 1372 3067 768.
1406 3023 1474 3066 12.
1503 3020 1625 3080 βλόψ
1653 3026 1959 3082 συνέσταλται,

185 3079 299 3152 ὅπερ
329 3082 452 3126 ἐστὶν
484 3080 506 3126 ὁ
538 3085 614 3137 τῆς
643 3077 956 3142 κλεψύδρας
930 3100 1039 3141 ηχος
1065 3085 1315 3155 μιμητικῶς
1345 3081 1490 3143 ὥςπερ
1522 3084 1639 3141 φασὶ
1669 3084 1746 3126 καὶ
1774 3080 1855 3132 κύξ
1883 3084 1961 3128 ἐπὶ

182 3142 261 3194 τῆς
299 3137 463 3198 ψηφου
507 3140 618 3184 κατὰ
647 3146 841 3212 μίμησιν
869 3144 947 3186 καὶ
976 3139 1099 3197 αὐτό,
1169 3142 1286 3184 Idem
1316 3156 1356 3199 p
1389 3140 1488 3184 855.
1520 3142 1607 3184 alia
1634 3141 1959 3200 ἑπιφθέγματα

183 3199 316 3241 affert
358 3199 467 3271 ἀρῦ,
513 3195 599 3255 όπ,
633 3197 803 3270 χὺῥρε,
854 3201 945 3244 sive
985 3207 1034 3244 ut
1070 3200 1312 3256 Hesychius
1353 3200 1528 3315 scribis,
1561 3196 1737 3261 χύῤῥα,
1779 3215 1960 3258 quorum

183 3257 365 3314 primum
418 3256 532 3317 ἇῤῥυ
574 3260 726 3302 scribit
771 3261 961 3302 Gramm.
1001 3260 1046 3302 in
1085 3259 1224 3301 Bekk.
1264 3259 1426 3302 Anecd.
1466 3274 1508 3315 p.
1551 3258 1675 3301 1341.
1726 3274 1762 3301 s.
1799 3275 1843 3302 v.
1883 3263 1965 3316 γοῖ

184 3316 402 3372 Antipatr.
442 3300 528 3372 Ep.
568 3318 643 3359 IV.
684 3318 726 3360 b.
769 3317 839 3360 96.
882 3315 946 3374 ψό
987 3318 1077 3373 Ety
1078 3332 1131 3360 m.
1171 3317 1234 3360 M.
1274 3314 1337 3363 ὑέ.
1380 3318 1501 3361 Suid.
1531 3332 1566 3359 s.
1596 3332 1637 3359 v.
1680 3321 1791 3376 φνεί
1814 3318 1958 3375 Etym.

187 3372 302 3417 Gud.
334 3389 375 3433 p.
406 3373 505 3417 796.
536 3372 657 3433 βλόψ
688 3376 833 3433 Etym.
864 3376 923 3420 Μ.
954 3380 1085 3436 γιγρί
1109 3375 1312 3420 Eustath
1344 3391 1386 3434 p.
1420 3377 1541 3420 1880.
1574 3375 1643 3419 60.
