2158 3848
237 201 363 264 524
763 216 1003 261 LIBER
1045 216 1478 262 SECUNDUS.

234 346 675 431 praesentabo,
719 354 791 406 ut
842 340 1105 407 omissos
1143 344 1223 406 ab
1261 346 1378 408 hoe
1417 348 1659 409 uncinis
1692 346 2022 409 includam.

166 529 178 538 .
238 447 542 527 Eusebius
616 449 803 526 igitur
867 447 986 506 hoe
1041 445 1279 507 modo:
1357 447 1483 513 Τὸν
1535 447 1660 513 Δία
1706 449 1820 513 τὸν
1868 456 2025 524 νοῦν

235 558 349 615 τοῦ
392 548 632 631 κόσμου
676 540 1267 628 ὑπολαμβάνοντες,
1313 548 1382 618 ὃς
1418 547 1505 611 τὰ
1548 552 1618 614 ἐν
1663 550 1837 614 αὐτῶ
1850 549 2021 629 ἐδη-

234 648 614 735 μιούργησεν
669 649 827 727 έχων
882 645 996 709 τὸν
1050 644 1325 729 κόσμον,
1381 650 1449 712 ἐν
1490 654 1628 720 ταῖς
1669 615 2024 736 θεολογίαις

235 748 432 830 ταύτῃ
485 748 626 832 περὶ
680 747 878 812 αυτοῦ
939 742 1474 833 παραδεδώκασιν
1518 751 1578 814 οἱ
1617 748 1698 814 τὰ
1737 750 2024 835 Ὀρφέως

236 848 509 919 εἰπόντες

793 1048 1086 1129 Fragm.
1174 1048 1374 1111 vm.
1399 1007 1470 1132 [.]'

380 1191 513 1254 Ζεὺς
544 1193 746 1261 πρῶτος
774 1190 976 1260 γένετο,
1016 1190 1148 1253 Ζεὺς
1177 1191 1427 1260 υστατος,
1462 1191 1836 1264 ἀργικέραυνος.

378 1272 512 1340 Ζεὺς
543 1275 768 1348 κεφαλὴ,
808 1275 941 1337 Ζεὺς
968 1275 1165 1343 μέσσα,
1203 1276 1335 1338 Διὸς
1367 1276 1413 1331 δ’
1449 1277 1503 1331 ἐκ
1526 1274 1719 1357 πάντα
1727 1277 1989 1334 τέτυκται.

377 1361 510 1423 Ζεὺς
540 1359 707 1431 ἅρσην
739 1361 935 1430 γένετο,
976 1360 1110 1423 Ζεὺς
1143 1359 1372 1433 αφθιτος
1404 1346 1582 1417 ἔπλετο
1600 1360 1850 1434 νύμφη.

378 1446 510 1509 Ζεὺς
541 1445 758 1514 πυθμὴν
787 1446 936 1515 γαίης
965 1465 1019 1514 τε
1050 1466 1135 1498 και
1170 1443 1392 1516 ουρανοῢ
1421 1443 1805 1550 ἀστερόεντος

306 1531 531 1599 5[Ζεὺς
562 1528 713 1599 πνοιὴ
744 1527 981 1594 πάντων,
1021 1528 1153 1592 Ζεὺς
1185 1528 1456 1598 ἄκαμάτου
1488 1528 1653 1603 πυρὸς
1683 1510 1836 1604 ορμή.

376 1616 509 1678 Ζεὺς
541 1613 733 1668 πόντου
768 1614 939 1687 ῥίζα,
934 1613 1085 1676 Ζεὺς
1117 1613 1259 1682 ἣλιος
1290 1615 1382 1685 ἠδὲ
1413 1613 1649 1698 σελήνη]
1716 1676 1722 1680 ,

376 1701 509 1765 Ζεὺς
537 1699 807 1769 βασιλεὺς,
845 1699 978 1762 Ζεὺς
1011 1698 1169 1762 αὐτὸς
1200 1697 1443 1755 ἁπάντων
1466 1690 1872 1773 αρχιγένεθλος.

373 1786 428 1840 ἐν
461 1784 675 1859 κράτος,
714 1782 788 1848 εἷς
819 1786 1022 1853 δαίμων
1053 1785 1252 1855 γένετο,
1289 1787 1450 1858 μέγας
1478 1786 1639 1858 ἀρχὸς
1671 1783 1929 1851 ἁπάντων.

374 1872 430 1926 ίἐν
461 1873 518 1925 δὲ
547 1872 710 1939 δέμας
739 1872 1027 1938 βασίλειον,
1067 1872 1120 1924 ἔν
1153 1863 1195 1945 ᾧ
1225 1869 1348 1926 τάδε
1382 1871 1552 1927 πάντα
1583 1877 1857 1940 κυκλεῖται,

276 1964 343 2014 10
379 1962 480 2028 πῦρ
512 1958 596 2009 καὶ
628 1956 770 2028 ὕδωρ
803 1957 886 2009 καὶ
918 1963 1042 2025 γαΐα
1072 1958 1157 2008 καὶ
1191 1956 1355 2029 αἰθὴρ
1371 1955 1520 2024 ‚stig
1551 1979 1605 2012 τε
1636 1958 1723 2012 καὶ
1752 1950 1910 2028 ἦμαρ,

379 2045 464 2096 καὶ
497 2045 678 2111 Μῆτις
709 2046 913 2113 πρῶτος
943 2041 1158 2113 γενέτωρ
1190 2043 1276 2095 καὶ
1300 2041 1483 2114 ’Ἔρως
1516 2040 1852 2114 πολυτερπὴς.

379 2124 550 2181 πάντα
579 2126 678 2198 γὰρ
714 2128 766 2179 ἐν
795 2123 1000 2199 μεγάλῳ
1034 2126 1206 2195 Ζηνὸς
1239 2123 1361 2180 τάδε
1395 2125 1596 2195 σώματι
1629 2119 1805 2190 κεῖται.

379 2217 473 2267 τοῦ
505 2210 651 2281 ὃήτοι
685 2210 882 2284 κεφαλὴ
913 2211 1008 2278 μὲν
1040 2213 1165 2265 ἶδεῖν
1196 2214 1281 2265 καὶ
1314 2210 1448 2264 καλὰ
1480 2208 1732 2283 πρόςωπα

378 2296 598 2370 οὐρανὸς
631 2294 848 2368 αἰγλήεις
878 2298 963 2349 καὶ
989 2296 1205 2368 χρύσεαι
1237 2295 1632 2370 ἀμφὶς-ἔθειραι

277 2389 342 2440 15
380 2382 586 2453 ἄστρων
617 2382 932 2454 μαρμαρέων
964 2382 1282 2454 περικαλλέες
1312 2382 1633 2455 ἠερέθονται,

379 2466 571 2539 ταύρεα
605 2468 650 2519 δ’
686 2468 1032 2539 ἀμφοτέρωθε
1066 2466 1159 2522 δύο
1186 2466 1404 2540 χρύσεια
1434 2469 1669 2539 κέρατα,
1685 2483 1706 2512 ῖ
1751 2483 1753 2486 ’

362 2617 424 2675 [⁰]
458 2617 529 2661 Ne
570 2630 711 2689 quem
723 2616 851 2660 fallat
879 2600 1108 2660 leetionum
1139 2617 1396 2671 diversitas,
1427 2617 1482 2661 de
1511 2617 1696 2674 singulis
1725 2617 1923 2662 versibus
1951 2617 2029 2661 ad—

246 2678 439 2720 monebo.
506 2677 560 2719 V.
603 2675 643 2718 1.
687 2673 716 2718 ἀ
738 2679 1011 2734 χικέραυνος
1038 2676 1218 2719 Aristot.
1249 2683 1295 2720 et
1323 2650 1448 2720 sn’n».
1477 2701 1534 2710 —
1566 2677 1620 2719 V.
1649 2674 1692 2720 3.
1725 2672 1950 2736 ἄμβροτος
1976 2676 2031 2718 ii

244 2737 353 2778 dem.
394 2734 606 2779 Proculus
645 2740 690 2777 et
717 2691 948 2783 {Zusebius
990 2734 1103 2777 hune
1143 2749 1315 2779 versum
1356 2734 1570 2778 omittunt.
1611 2761 1670 2771 —-
1710 2736 1765 2782 V.
1803 2733 1847 2779 4.
1891 2732 2032 2805 λιμὴν

243 2797 351 2854 γαίη
354 2811 376 2845 ς
403 2798 496 2838 tres
535 2793 658 2836 codd.
688 2793 813 2836 Stob.
843 2806 1023 2850 eumque
1051 2807 1222 2837 versum
1251 2793 1509 2838 Aristoteles
1536 2793 1668 2836 tertio
1699 2793 1941 2866 praeponit.
1971 2817 2029 2824 —

250 2856 299 2897 V.
331 2855 372 2896 5.
403 2858 448 2896 et
476 2852 518 2895 6.
550 2867 577 2895 a
605 2852 748 2896 Procl.
779 2857 824 2895 et
851 2852 1013 2895 Euseb.
1045 2851 1204 2897 omissi.
1243 2877 1302 2885 —
1348 2853 1403 2895 V.
1433 2853 1476 2925 5.
1507 2850 1644 2922 πνοιὴ
1672 2850 1871 2898 πάντων.
1913 2852 2025 2895 Her-

246 2927 426 2956 mannus
456 2911 635 2968 egregie
664 2909 859 2970 ἀνέμων.
891 2936 948 2943 -—
977 2910 1032 2953 V.
1062 2910 1104 2953 7.
1135 2911 1318 2955 Aristot.
1350 2909 1489 2971 ἀρχὸς
1517 2907 1732 2956 ἁπάντων
1761 2911 2028 2987 ἀρχικέραυ-

246 2986 339 3021 νος.
401 2971 610 3013 Similiter
661 2970 788 3014 Theo
836 2968 1260 3027 Epigr.11.221¹2;
1299 2969 1623 3041 ἀρχιγένεθλος
1666 2969 1745 3029 ἀφ’
1795 2966 1852 3015 οὗ
1893 2965 2030 3028 φύσις

246 3027 503 3085 ἐβλάστησε.
564 3030 747 3072 Versum
776 3035 974 3072 octavum
1004 3029 1135 3072 affert
1163 3030 1374 3072 Proculus
1403 3030 1448 3072 in
1479 3029 1594 3072 Tim.
1625 3029 1707 3072 III.
1742 3027 1839 3072 174.
1892 3028 2028 3071 Deci-

247 3103 359 3132 mum
398 3089 590 3160 primum
615 3088 728 3131 idem
770 3103 811 3130 v.
851 3101 982 3158 supra
1021 3091 1061 3141 5.
1106 3087 1147 3129 6.
1189 3089 1481 3132 duodecimum
1518 3088 1566 3131 in
1605 3088 1658 3130 L.
1688 3088 1748 3131 II.
1778 3087 1849 3131 94
1879 3083 2028 3131 πάντα

248 3146 338 3206 γὰρ
383 3148 434 3191 ἐν
477 3144 624 3202 Ζηνὸς
660 3143 864 3218 μεγάλου
892 3142 999 3189 τάδε
1029 3141 1205 3205 σώματι
1234 3152 1376 3192 κεῖται
1406 3149 1484 3191 καὶ
1510 3170 1570 3180 —-
1599 3145 1748 3202 Ζηνὸς
1776 3145 1817 3190 6⁹
1841 3145 1911 3190 ἐνὶ
1938 3161 2027 3204 γα-

250 3210 373 3264 στέρι
413 3202 557 3279 σύῤῥα
597 3202 809 3278 πεφύκει.
851 3205 1069 3249 Stobaeus
1112 3205 1163 3249 ἐν
1202 3204 1352 3261 Ζηνὸς
1390 3202 1609 3276 μεγάλῳ.
1626 3231 1680 3240 -
1718 3205 1772 3247 V.
1805 3204 1874 3249 18.
1903 3203 2027 3246 Stob.

251 3268 329 3308 τοῦ
361 3264 410 3308 δὲ
440 3263 490 3308 τὸ
522 3270 568 3306 et
595 3268 676 3308 τοῦ
707 3263 763 3319 δὴ
794 3262 859 3308 τὸ.
919 3264 1061 3307 Procl.
1095 3264 1209 3308 Tim.
1240 3266 1277 3311 Ι.
1307 3266 1378 3308 50.
1407 3267 1489 3310 τοῦ
1518 3264 1558 3308 6⁰
1591 3260 1690 3319 η’τοι
1719 3261 1896 3332 κεφαλὴ
1923 3261 2026 3320 μὲν,

252 3325 420 3381 φησὶν,
438 3321 655 3394 οὐρανὸς
684 3320 908 3382 αἰγλήεις,
940 3318 1124 3382 ὄμματα
1157 3323 1197 3366 δ’
1229 3323 1374 3377 ἠέλιος
1403 3325 1481 3367 καὶ
1510 3320 1732 3368 ἀντιόωσα
1762 3317 1937 3375 σελήνη.
1969 3344 2026 3350 -

295 3379 405 3424 ,14
436 3377 490 3426 ὃν
529 3379 719 3441 χρύσεαι
749 3382 872 3425 Stob.
904 3384 1021 3427 etin
1053 3397 1141 3441 seq.
1172 3382 1427 3442 ἠερέθοντο.
1459 3404 1516 3415 -
1559 3382 1612 3425 V.
1645 3381 1713 3425 18.
1743 3380 2028 3437 ἀνταυγοῠσα

2139 2899 2144 2924 ί
