2158 3848
690 253 1267 297 ELEUSINrA.
1750 241 1871 302 199

91 402 316 449 stremo
360 386 835 465 Hierophantas.
872 392 934 442 et
974 383 1310 445 Daduchos
1368 386 1671 463 increpat,
1736 405 1868 447 eos*-

91 509 207 568 que
262 487 380 565 qui*⁴
420 503 692 563 puerunt
724 485 960 543 <misere
1016 483 1381 544 dilaniatum
1442 493 1505 542 et
1546 485 1866 547 muliercu÷

85 592 207 648 lam
252 585 586 662 ejulantem
627 592 691 642 et
733 586 1010 666 eorporis
1053 592 1261 665 partes
1305 581 1626 664 pudendas
1658 603 1867 646 -vene-

81 697 322 758 rentur,
384 684 704 743 atheiorum
759 686 826 743 in
868 704 1126 746 numero
1171 683 1487 744 habendos
1531 702 1665 744 esse
1708 683 1865 744 affir-

81 797 225 846 mat.
310 784 407 842 Ex
463 783 578 841 hac
619 785 810 860 igitur
854 786 1281 845 confusissima
1322 785 1673 844 narratione
1714 787 1864 844 satis

82 894 343 966 apparet
388 881 766 944 Clementem
813 885 893 945 de
935 880 1394 966 Eleusiniofffin
1438 887 1636 947 causis
1679 895 1741 944 et
1782 888 1861 945 ri-

79 987 242 1046 tibus
286 993 530 1065 tantum
576 986 794 1057 scisse,
861 995 1155 1065 quantum
1202 969 1278 1060 (ἵζε
1324 983 1545 1044 Cerere
1597 988 1736 1064 ipsa
1778 1005 1862 1045 ex

77 1086 308 1166 Orphei
352 1084 740 1163 aliorumque
784 1095 1113 1164 poetarum
1158 1064 1528 1166 carminibus
1590 1086 1860 1163 collegis-

76 1197 198 1260 set,
250 1186 663 1263 historiaeque
718 1184 1018 1246 fabularis
1062 1184 1475 1268 turpitudines
1520 1188 1858 1246 communi—

77 1305 244 1347 casse
288 1304 424 1345 cum
469 1286 658 1345 sacris
703 1285 1127 1365 popularibus.
1212 1286 1306 1346 Ac
1344 1303 1423 1344 ne
1456 1284 1604 1345 dicit
1637 1288 1691 1346 is
1725 1289 1856 1367 qui-

77 1387 216 1447 dem
277 1386 540 1448 cultor-es
603 1382 841 1446 Cereris
905 1398 1121 1468 stupra
1190 1398 1252 1447 et
1308 1389 1541 1447 incesta
1599 1386 1854 1449 deorum

70 1490 344 1547 imitatos
388 1504 580 1558 esse..
626 1483 830 1569 Ceteri
875 1499 1112 1563 autem,
1177 1490 1283 1568 qui
1337 1488 1454 1547 hoc
1510 1487 1672 1547 clare
1724 1489 1875 1564 elo-y

71 1597 368 1667 quuntur,
433 1585 511 1647 ab
554 1586 887 1648 Eleusiniis
932 1599 1103 1649 tanto
1149 1599 1256 1648 aut
1297 1590 1420 1648 loci
1462 1596 1572 1647 aut
1612 1597 1850 1667 tempo-

0 1718 1 1722 =
73 1689 158 1746 ris
199 1685 530 1747 intervallo
573 1685 863 1764 disjuncti
907 1701 1082 1762 sunt,
1144 1700 1214 1749 ut
1254 1688 1513 1748 testibus
1558 1687 1848 1757 domesti—

74 1789 158 1846 cis
203 1796 266 1845 et
307 1786 572 1864 antiquis
616 1787 914 1865 praeferri
969 1792 1102 1848 sine
1155 1790 1381 1866 injuria
1422 1806 1549 1847 non
1590 1789 1845 1866 possint.

74 1888 400 1964 Gregorius
445 1883 596 1944 Naz.
622 1884 916 1947 XXXIX.
942 1890 1085 1949 626.
1129 1889 1208 1947 Ι).
1253 1890 1329 1951 οὐ
1366 1887 1537 1971 Κόρη
1567 1912 1659 1956 τις
1701 1892 1844 1970 παρ’

70 1989 221 2070 ’ὑμῖν
276 1984 616 2069 ἁρπάζεται
668 1986 709 2065 ἢ
753 1988 1047 2073 Δημήτηρ
1106 1996 1416 2052 πλανᾶται
1471 2026 1555 2033 --
1608 1987 1714 2050 καὶ
1764 1990 1844 2051 τὰ

68 2088 186 2170 μὲν
237 2094 398 2149 ποιεῖ
444 2087 525 2150 τὰ
580 2086 650 2149 δὲ
705 2087 941 2168 πάσχει.
1030 2087 1423 2172 Αἰσχύνομαι
1481 2089 1605 2174 γὰρ
1648 2089 1846 2172 ἡμέρᾳ

69 2189 293 2251 δοῦναι
327 2188 442 2266 τὴν
483 2188 709 2257 νυκτὸς
749 2189 1022 2269 τελετήν·
1100 2190 1286 2254 Οἶδεν
1329 2188 1592 2257 Ἐλευσὶς
1644 2196 1845 2251 ταῦτα

72 2288 178 2349 καὶ
233 2289 298 2348 αἱ
348 2295 479 2350 τῶν
534 2291 953 2371 σιωπωμένων
1006 2287 1289 2351 ἐπόπται·
1377 2286 1632 2347 foedum
1685 2286 1844 2348 illud

70 2387 478 2448 ministerium
531 2388 870 2464 significare
923 2387 1203 2460 videtur,
1264 2406 1384 2467 quo
1448 2386 1629 2447 Ceres
1675 2385 1844 2447 Celei

69 2489 327 2567 gratiam
370 2496 478 2546 aut
519 2488 795 2567 captavit
836 2496 943 2546 aut
983 2497 1375 2547 remunerata
1418 2496 1512 2547 est
1553 2507 1614 2550 v.
1656 2487 1725 2548 L.
1763 2489 1839 2547 H.

70 2589 133 2647 P.
176 2588 254 2646 II.
298 2608 345 2646 c.
388 2588 447 2646 7.
531 2587 675 2646 Plus
716 2585 1008 2667 ponderis
1051 2585 1302 2646 haberet
1337 2587 1700 2648 Tertulliani
1743 2608 1841 2648 ac-

72 2690 336 2748 cusatio:
400 2683 806 2746 Caeterum
860 2696 1028 2746 tota
1091 2690 1168 2747 in
1222 2687 1485 2766 adytis
1544 2687 1839 2752 divini-

0 2803 25 2854 ψ
75 2797 220 2861 tas,
262 2796 433 2846 tota
475 2789 827 2868 suspiria
871 2795 1361 2868 epoptarum‚
1405 2799 1650 2849 totum
1695 2792 1838 2868 sig-

0 2907 6 2945 ι
74 2889 427 2948 naculum
467 2888 781 2966 linguae
824 2889 1323 2951 simulacrum
1364 2890 1683 2950 membri
1727 2891 1839 2949 vi-

0 2997 28 3035 l.

0 3046 30 3119 νξ
77 3076 268 3148 λύχνος,ν
297 3082 447 3139 ξίφος,
491 3083 607 3131 κτεὶς
648 3086 900 3140 γυναικεῖος
937 3081 961 3128 ὅ
1003 3084 1125 3130 ἐστιν
1165 3081 1379 3146 εὐφήμως
1410 3083 1486 3126 καὶ
1512 3086 1738 3141 μυστικῶς
1765 3085 1833 3125 εἰ·-

0 3148 2 3195 ;
27 3145 31 3159 ··
76 3140 370 3238 Ζιεῖνῶιοριον
395 3145 670 3199 γυναικεῖον.
702 3141 788 3183 Pro
821 3142 1013 3200 Θέμιδος
1042 3149 1191 3187 auctor
1220 3143 1343 3184 libri:
1386 3141 1731 3213 Charakteristik
1758 3142 1835 3211 der

0 3258 2 3294 ε
76 3202 382 3310 ρέᾁεωῖἔὲὲξ
400 3198 898 3315 ,ἒξῖἦυιῗξᾞῗέῦῗδῖῗ
924 3203 1145 3303 ’ἒὲῗᾛῖἓῖ
1185 3200 1837 3317 (ὸῖῗθῖἕῗῖῗςῖιῖῗῑῗὲἓὲἳὲἓὲ

0 3329 4 3368 3
77 3312 229 3368 Neque
260 3314 341 3356 hoc
370 3314 474 3357 satis
501 3322 639 3360 tutum
669 3330 806 3373 neque
829 3315 1097 3378 Ἀρτέμιδος,
1130 3332 1369 3376 quanquam
1400 3318 1578 3378 vulgata
1608 3318 1735 3362 lectio
1766 3330 1838 3360 su-

0 3388 2 3390 ·
82 3372 268 3433 spicione
298 3387 380 3419 non
412 3380 558 3429 αδκεις
588 3379 704 3430 Δίκη
735 3373 988 3437 ξιφηφόρος
1015 3384 1118 3423 nota
1147 3383 1224 3422 est.
