<?xml version="1.0" encoding="UTF-8"?>
<!DOCTYPE html PUBLIC "-//W3C//DTD XHTML 1.0 Transitional//EN"
    "http://www.w3.org/TR/xhtml1/DTD/xhtml1-transitional.dtd">
<html xmlns="http://www.w3.org/1999/xhtml" xml:lang="en" lang="en">
 <head>
  <title>
</title>
<meta http-equiv="Content-Type" content="text/html;charset=utf-8" />
  <meta name='ocr-system' content='tesseract 3.04.00' />
  <meta name='ocr-capabilities' content='ocr_page ocr_carea ocr_par ocr_line ocrx_word'/>
</head>
<body>
  <div class='ocr_page' id='page_1' title='image "./aglaophamussived01lobeuoft_0157.png"; bbox 0 0 2158 3848; ppageno 0'>
   <div class='ocr_carea' id='block_1_1' title="bbox 686 210 1853 273">
    <p class='ocr_par' dir='ltr' id='par_1_1' title="bbox 686 210 1853 273">
     <span class='ocr_line' id='line_1_1' title="bbox 686 210 1853 273; baseline -0.01 -5"><span class='ocrx_word' id='word_1_1' title='bbox 686 223 1254 268; x_wconf 78' lang='lat' dir='ltr'>ELEUSINIA.</span> <span class='ocrx_word' id='word_1_2' title='bbox 1722 210 1853 273; x_wconf 44' lang='lat'>³141</span> 
     </span>
    </p>
   </div>
   <div class='ocr_carea' id='block_1_2' title="bbox 0 352 1867 3434">
    <p class='ocr_par' dir='ltr' id='par_1_2' title="bbox 0 352 1867 3434">
     <span class='ocr_line' id='line_1_2' title="bbox 91 352 1857 435; baseline -0.001 -18"><span class='ocrx_word' id='word_1_3' title='bbox 91 370 185 419; x_wconf 91' lang='lat' dir='ltr'>ret</span> <span class='ocrx_word' id='word_1_4' title='bbox 254 357 530 418; x_wconf 84' lang='lat' dir='ltr'><strong>Clemens</strong></span> <span class='ocrx_word' id='word_1_5' title='bbox 598 359 707 419; x_wconf 78' lang='lat' dir='ltr'>vix</span> <span class='ocrx_word' id='word_1_6' title='bbox 770 356 975 415; x_wconf 87' lang='lat' dir='ltr'>animo</span> <span class='ocrx_word' id='word_1_7' title='bbox 1041 352 1494 435; x_wconf 80' lang='lat' dir='ltr'>praesagiebat,</span> <span class='ocrx_word' id='word_1_8' title='bbox 1568 363 1857 433; x_wconf 87' lang='lat' dir='ltr'>quantam</span> 
     </span>
     <span class='ocr_line' id='line_1_3' title="bbox 92 452 1856 536; baseline -0.002 -17"><span class='ocrx_word' id='word_1_9' title='bbox 92 459 448 536; x_wconf 89' lang='lat' dir='ltr'>conjecturis</span> <span class='ocrx_word' id='word_1_10' title='bbox 525 465 587 515; x_wconf 90' lang='lat' dir='ltr'>et</span> <span class='ocrx_word' id='word_1_11' title='bbox 651 452 1117 514; x_wconf 85' lang='lat' dir='ltr'>ariolationibus</span> <span class='ocrx_word' id='word_1_12' title='bbox 1160 465 1163 468; x_wconf 76' lang='grc'>’</span> <span class='ocrx_word' id='word_1_13' title='bbox 1177 455 1441 531; x_wconf 88' lang='lat' dir='ltr'>januam</span> <span class='ocrx_word' id='word_1_14' title='bbox 1501 458 1856 532; x_wconf 88' lang='lat' dir='ltr'>aperuisset.</span> 
     </span>
     <span class='ocr_line' id='line_1_4' title="bbox 92 554 1857 633; baseline -0.003 -15"><span class='ocrx_word' id='word_1_15' title='bbox 92 557 535 619; x_wconf 87' lang='lat' dir='ltr'>Warburtonus</span> <span class='ocrx_word' id='word_1_16' title='bbox 549 600 567 629; x_wconf 97' lang='lat'>,</span> <span class='ocrx_word' id='word_1_17' title='bbox 633 554 1218 633; x_wconf 87' lang='lat' dir='ltr'>mysteriographiae</span> <span class='ocrx_word' id='word_1_18' title='bbox 1237 554 1555 633; x_wconf 65' lang='lat' dir='ltr'>„princeps</span> <span class='ocrx_word' id='word_1_19' title='bbox 1597 559 1857 632; x_wconf 77' lang='lat' dir='ltr'>&#39;parens-</span> 
     </span>
     <span class='ocr_line' id='line_1_5' title="bbox 90 651 1859 737; baseline -0.002 -22"><span class='ocrx_word' id='word_1_20' title='bbox 90 677 223 737; x_wconf 91' lang='lat' dir='ltr'>que,</span> <span class='ocrx_word' id='word_1_21' title='bbox 268 657 416 716; x_wconf 88' lang='lat' dir='ltr'>haec</span> <span class='ocrx_word' id='word_1_22' title='bbox 460 655 813 734; x_wconf 79' lang='lat' dir='ltr'>expiscatus·</span> <span class='ocrx_word' id='word_1_23' title='bbox 850 662 985 735; x_wconf 21' lang='lat' dir='ltr'>estz·</span> <span class='ocrx_word' id='word_1_24' title='bbox 1010 654 1083 713; x_wconf 90' lang='lat' dir='ltr'>In</span> <span class='ocrx_word' id='word_1_25' title='bbox 1125 654 1479 713; x_wconf 82' lang='lat' dir='ltr'><strong>minusculis</strong></span> <span class='ocrx_word' id='word_1_26' title='bbox 1519 664 1723 735; x_wconf 88' lang='lat' dir='ltr'>rerum</span> <span class='ocrx_word' id='word_1_27' title='bbox 1766 651 1859 712; x_wconf 91' lang='lat' dir='ltr'>di-</span> 
     </span>
     <span class='ocr_line' id='line_1_6' title="bbox 89 753 1860 832; baseline -0.003 -16"><span class='ocrx_word' id='word_1_28' title='bbox 89 759 372 816; x_wconf 87' lang='lat' dir='ltr'>vinarum</span> <span class='ocrx_word' id='word_1_29' title='bbox 415 755 731 813; x_wconf 88' lang='lat' dir='ltr'>scientiam</span> <span class='ocrx_word' id='word_1_30' title='bbox 773 754 1140 827; x_wconf 81' lang='lat' dir='ltr'>inchoatam,</span> <span class='ocrx_word' id='word_1_31' title='bbox 1181 756 1246 812; x_wconf 90' lang='lat' dir='ltr'>in</span> <span class='ocrx_word' id='word_1_32' title='bbox 1277 753 1639 832; x_wconf 80' lang='lat' dir='ltr'>‘majusculis</span> <span class='ocrx_word' id='word_1_33' title='bbox 1675 771 1860 812; x_wconf 85' lang='lat' dir='ltr'>exae·-</span> 
     </span>
     <span class='ocr_line' id='line_1_7' title="bbox 90 853 1859 937; baseline 0 -23"><span class='ocrx_word' id='word_1_34' title='bbox 90 856 393 915; x_wconf 87' lang='lat' dir='ltr'>dificatam</span> <span class='ocrx_word' id='word_1_35' title='bbox 451 873 614 927; x_wconf 86' lang='lat' dir='ltr'>esse,</span> <span class='ocrx_word' id='word_1_36' title='bbox 670 853 862 914; x_wconf 89' lang='lat' dir='ltr'>verba</span> <span class='ocrx_word' id='word_1_37' title='bbox 915 855 1024 913; x_wconf 89' lang='lat' dir='ltr'>illa</span> <span class='ocrx_word' id='word_1_38' title='bbox 1068 853 1393 937; x_wconf 74' lang='grc' dir='ltr'><em>ὑπόθεσιν</em></span> <span class='ocrx_word' id='word_1_39' title='bbox 1419 858 1636 934; x_wconf 76' lang='grc' dir='ltr'><em>ἔχοντα</em></span> <span class='ocrx_word' id='word_1_40' title='bbox 1676 853 1859 915; x_wconf 71' lang='grc' dir='ltr'><em>διδα-</em></span> 
     </span>
     <span class='ocr_line' id='line_1_8' title="bbox 89 953 1862 1034; baseline -0.003 -16"><span class='ocrx_word' id='word_1_41' title='bbox 89 955 337 1024; x_wconf 81' lang='grc' dir='ltr'><em>σκαλίας</em></span> <span class='ocrx_word' id='word_1_42' title='bbox 390 956 458 1013; x_wconf 93' lang='lat' dir='ltr'>in</span> <span class='ocrx_word' id='word_1_43' title='bbox 511 954 671 1015; x_wconf 90' lang='lat' dir='ltr'>hunc</span> <span class='ocrx_word' id='word_1_44' title='bbox 713 954 966 1013; x_wconf 90' lang='lat' dir='ltr'>modum</span> <span class='ocrx_word' id='word_1_45' title='bbox 1010 956 1310 1034; x_wconf 88' lang='lat' dir='ltr'>accipiens</span> <span class='ocrx_word' id='word_1_46' title='bbox 1338 953 1862 1013; x_wconf 80' lang='lat' dir='ltr'>¹fundamenta</span> 
     </span>
     <span class='ocr_line' id='line_1_9' title="bbox 88 1052 1864 1136; baseline 0 -21"><span class='ocrx_word' id='word_1_47' title='bbox 88 1055 501 1115; x_wconf 88' lang='lat' dir='ltr'>doctrinae</span> <span class='ocrx_word' id='word_1_48' title='bbox 558 1056 988 1127; x_wconf 83' lang='lat' dir='ltr'>continent,</span> <span class='ocrx_word' id='word_1_49' title='bbox 1045 1063 1106 1111; x_wconf 91' lang='lat' dir='ltr'>et</span> <span class='ocrx_word' id='word_1_50' title='bbox 1159 1055 1227 1111; x_wconf 93' lang='lat' dir='ltr'>in</span> <span class='ocrx_word' id='word_1_51' title='bbox 1278 1052 1672 1131; x_wconf 83' lang='lat' dir='ltr'>sequentibus</span> <span class='ocrx_word' id='word_1_52' title='bbox 1726 1054 1864 1136; x_wconf 74' lang='grc' dir='ltr'><em>περὶ</em></span> 
     </span>
     <span class='ocr_line' id='line_1_10' title="bbox 87 1151 1860 1237; baseline -0.005 -19"><span class='ocrx_word' id='word_1_53' title='bbox 87 1165 216 1219; x_wconf 83' lang='grc' dir='ltr'>τῶν</span> <span class='ocrx_word' id='word_1_54' title='bbox 260 1153 643 1237; x_wconf 79' lang='grc' dir='ltr'><em>συμπάντων</em></span> <span class='ocrx_word' id='word_1_55' title='bbox 688 1155 952 1235; x_wconf 83' lang='lat' dir='ltr'>supplet</span> <span class='ocrx_word' id='word_1_56' title='bbox 977 1152 1238 1215; x_wconf 92' lang='lat' dir='ltr'>verbum</span> <span class='ocrx_word' id='word_1_57' title='bbox 1282 1152 1429 1224; x_wconf 76' lang='grc' dir='ltr'><strong><em>ἐστί,</em></strong></span> <span class='ocrx_word' id='word_1_58' title='bbox 1475 1151 1564 1211; x_wconf 91' lang='lat' dir='ltr'>de</span> <span class='ocrx_word' id='word_1_59' title='bbox 1606 1171 1860 1212; x_wconf 91' lang='lat' dir='ltr'>rerum</span> 
     </span>
     <span class='ocr_line' id='line_1_11' title="bbox 90 1251 1862 1332; baseline -0.002 -17"><span class='ocrx_word' id='word_1_60' title='bbox 90 1256 628 1316; x_wconf 84' lang='lat' dir='ltr'>universitate</span> <span class='ocrx_word' id='word_1_61' title='bbox 694 1253 992 1312; x_wconf 86' lang='lat' dir='ltr'>docent.</span> <span class='ocrx_word' id='word_1_62' title='bbox 1111 1251 1322 1332; x_wconf 91' lang='lat' dir='ltr'>Neque</span> <span class='ocrx_word' id='word_1_63' title='bbox 1391 1251 1567 1311; x_wconf 89' lang='lat' dir='ltr'>aliter</span> <span class='ocrx_word' id='word_1_64' title='bbox 1622 1251 1862 1330; x_wconf 77' lang='lat' dir='ltr'>Judicat</span> 
     </span>
     <span class='ocr_line' id='line_1_12' title="bbox 0 1349 1862 1433; baseline -0.002 -18"><span class='ocrx_word' id='word_1_65' title='bbox 0 1391 1 1433; x_wconf 62' lang='lat'>3</span> <span class='ocrx_word' id='word_1_66' title='bbox 69 1356 477 1415; x_wconf 78' lang='lat' dir='ltr'>Sancrucius:</span> <span class='ocrx_word' id='word_1_67' title='bbox 547 1352 705 1426; x_wconf 91' lang='lat' dir='ltr'>„Les</span> <span class='ocrx_word' id='word_1_68' title='bbox 763 1352 986 1431; x_wconf 85' lang='lat' dir='ltr'>grands</span> <span class='ocrx_word' id='word_1_69' title='bbox 1039 1349 1342 1429; x_wconf 75' lang='lat' dir='ltr'>mysteres</span> <span class='ocrx_word' id='word_1_70' title='bbox 1397 1354 1648 1412; x_wconf 88' lang='lat' dir='ltr'>avoient</span> <span class='ocrx_word' id='word_1_71' title='bbox 1702 1371 1862 1433; x_wconf 91' lang='lat' dir='ltr'>pour</span> 
     </span>
     <span class='ocr_line' id='line_1_13' title="bbox 87 1449 1866 1534; baseline -0.001 -20"><span class='ocrx_word' id='word_1_72' title='bbox 87 1456 294 1532; x_wconf 84' lang='lat' dir='ltr'>„objet</span> <span class='ocrx_word' id='word_1_73' title='bbox 351 1453 793 1515; x_wconf 76' lang='lat' dir='ltr'>l’universalite</span> <span class='ocrx_word' id='word_1_74' title='bbox 865 1451 974 1512; x_wconf 74' lang='lat' dir='ltr'>des</span> <span class='ocrx_word' id='word_1_75' title='bbox 1006 1531 1008 1534; x_wconf 10' lang='grc' dir='ltr'><em>Α</em></span> <span class='ocrx_word' id='word_1_76' title='bbox 1042 1452 1233 1526; x_wconf 75' lang='lat' dir='ltr'>etres,</span> <span class='ocrx_word' id='word_1_77' title='bbox 1305 1449 1386 1511; x_wconf 80' lang='lat' dir='ltr'>ou</span> <span class='ocrx_word' id='word_1_78' title='bbox 1452 1453 1578 1512; x_wconf 87' lang='lat' dir='ltr'>l’on</span> <span class='ocrx_word' id='word_1_79' title='bbox 1635 1455 1866 1515; x_wconf 90' lang='lat' dir='ltr'>n&#39;avoit</span> 
     </span>
     <span class='ocr_line' id='line_1_14' title="bbox 87 1542 1866 1635; baseline -0.001 -22"><span class='ocrx_word' id='word_1_80' title='bbox 87 1556 264 1635; x_wconf 89' lang='lat' dir='ltr'>„plus</span> <span class='ocrx_word' id='word_1_81' title='bbox 306 1556 439 1613; x_wconf 91' lang='lat' dir='ltr'>rien</span> <span class='ocrx_word' id='word_1_82' title='bbox 483 1549 521 1612; x_wconf 74' lang='lat' dir='ltr'>a</span> <span class='ocrx_word' id='word_1_83' title='bbox 564 1552 940 1634; x_wconf 91' lang='lat' dir='ltr'>apprendre,</span> <span class='ocrx_word' id='word_1_84' title='bbox 996 1557 1166 1624; x_wconf 85' lang='lat' dir='ltr'>mais</span> <span class='ocrx_word' id='word_1_85' title='bbox 1198 1549 1279 1612; x_wconf 77' lang='lat' dir='ltr'>ou</span> <span class='ocrx_word' id='word_1_86' title='bbox 1319 1553 1441 1612; x_wconf 90' lang='lat' dir='ltr'>l&#39;on</span> <span class='ocrx_word' id='word_1_87' title='bbox 1485 1542 1866 1634; x_wconf 81' lang='lat' dir='ltr'>compr&#39;enoit</span> 
     </span>
     <span class='ocr_line' id='line_1_15' title="bbox 89 1652 1863 1733; baseline -0.001 -20"><span class='ocrx_word' id='word_1_88' title='bbox 89 1656 190 1728; x_wconf 88' lang='lat' dir='ltr'>„la</span> <span class='ocrx_word' id='word_1_89' title='bbox 230 1663 448 1714; x_wconf 90' lang='lat' dir='ltr'>nature</span> <span class='ocrx_word' id='word_1_90' title='bbox 492 1663 554 1713; x_wconf 92' lang='lat' dir='ltr'>et</span> <span class='ocrx_word' id='word_1_91' title='bbox 595 1655 685 1713; x_wconf 87' lang='lat' dir='ltr'>les</span> <span class='ocrx_word' id='word_1_92' title='bbox 731 1655 1005 1714; x_wconf 79' lang='lat' dir='ltr'>choseS.“</span> <span class='ocrx_word' id='word_1_93' title='bbox 1050 1654 1119 1712; x_wconf 89' lang='lat' dir='ltr'>T.</span> <span class='ocrx_word' id='word_1_94' title='bbox 1146 1654 1192 1711; x_wconf 89' lang='lat' dir='ltr'>I.</span> <span class='ocrx_word' id='word_1_95' title='bbox 1226 1673 1287 1733; x_wconf 90' lang='lat' dir='ltr'>p.</span> <span class='ocrx_word' id='word_1_96' title='bbox 1321 1652 1465 1712; x_wconf 87' lang='grc'><strong>420.</strong></span> <span class='ocrx_word' id='word_1_97' title='bbox 1500 1653 1667 1712; x_wconf 78' lang='lat' dir='ltr'>Mira.</span> <span class='ocrx_word' id='word_1_98' title='bbox 1692 1653 1863 1726; x_wconf 87' lang='lat' dir='ltr'>fides,</span> 
     </span>
     <span class='ocr_line' id='line_1_16' title="bbox 88 1752 1864 1832; baseline -0.001 -19"><span class='ocrx_word' id='word_1_99' title='bbox 88 1766 222 1813; x_wconf 91' lang='lat' dir='ltr'>tum</span> <span class='ocrx_word' id='word_1_100' title='bbox 267 1754 430 1812; x_wconf 79' lang='lat' dir='ltr'>nihil</span> <span class='ocrx_word' id='word_1_101' title='bbox 486 1752 568 1812; x_wconf 86' lang='lat' dir='ltr'>ad</span> <span class='ocrx_word' id='word_1_102' title='bbox 621 1753 979 1814; x_wconf 88' lang='lat' dir='ltr'>discendum</span> <span class='ocrx_word' id='word_1_103' title='bbox 1035 1752 1340 1832; x_wconf 90' lang='lat' dir='ltr'>reliquum</span> <span class='ocrx_word' id='word_1_104' title='bbox 1394 1752 1614 1824; x_wconf 88' lang='lat' dir='ltr'>fuisse,</span> <span class='ocrx_word' id='word_1_105' title='bbox 1674 1772 1864 1832; x_wconf 91' lang='lat' dir='ltr'>quum</span> 
     </span>
     <span class='ocr_line' id='line_1_17' title="bbox 84 1850 1864 1933; baseline -0.001 -20"><span class='ocrx_word' id='word_1_106' title='bbox 84 1873 290 1913; x_wconf 91' lang='lat' dir='ltr'>rerum</span> <span class='ocrx_word' id='word_1_107' title='bbox 346 1855 714 1914; x_wconf 86' lang='lat' dir='ltr'>universitas</span> <span class='ocrx_word' id='word_1_108' title='bbox 768 1855 1189 1933; x_wconf 84' lang='lat' dir='ltr'>explicaretur.</span> <span class='ocrx_word' id='word_1_109' title='bbox 1290 1850 1626 1911; x_wconf 88' lang='lat' dir='ltr'>Creuzerus</span> <span class='ocrx_word' id='word_1_110' title='bbox 1640 1895 1658 1926; x_wconf 95' lang='lat'>,</span> <span class='ocrx_word' id='word_1_111' title='bbox 1713 1852 1864 1912; x_wconf 85' lang='lat' dir='ltr'>San-</span> 
     </span>
     <span class='ocr_line' id='line_1_18' title="bbox 87 1952 1867 2032; baseline 0.001 -20"><span class='ocrx_word' id='word_1_112' title='bbox 87 1955 272 2013; x_wconf 92' lang='lat' dir='ltr'>crucii</span> <span class='ocrx_word' id='word_1_113' title='bbox 304 1952 712 2032; x_wconf 88' lang='lat' dir='ltr'>pedisequus,</span> <span class='ocrx_word' id='word_1_114' title='bbox 753 1954 820 2012; x_wconf 92' lang='lat' dir='ltr'>in</span> <span class='ocrx_word' id='word_1_115' title='bbox 861 1954 1174 2029; x_wconf 87' lang='lat' dir='ltr'>mysteriis</span> <span class='ocrx_word' id='word_1_116' title='bbox 1216 1952 1606 2026; x_wconf 82' lang='lat' dir='ltr'>minusculiS,</span> <span class='ocrx_word' id='word_1_117' title='bbox 1648 1952 1867 2032; x_wconf 84' lang='lat' dir='ltr'>quibus</span> 
     </span>
     <span class='ocr_line' id='line_1_19' title="bbox 86 2050 1866 2132; baseline -0.001 -21"><span class='ocrx_word' id='word_1_118' title='bbox 86 2054 235 2112; x_wconf 91' lang='lat' dir='ltr'>solis</span> <span class='ocrx_word' id='word_1_119' title='bbox 281 2050 560 2112; x_wconf 88' lang='lat' dir='ltr'>Clemens</span> <span class='ocrx_word' id='word_1_120' title='bbox 605 2054 878 2132; x_wconf 89' lang='lat' dir='ltr'>aliquam</span> <span class='ocrx_word' id='word_1_121' title='bbox 922 2052 1332 2117; x_wconf 76' lang='grc' dir='ltr'><em>διδασκαλίαν</em></span> <span class='ocrx_word' id='word_1_122' title='bbox 1368 2053 1687 2132; x_wconf 90' lang='lat' dir='ltr'>relinquit,</span> <span class='ocrx_word' id='word_1_123' title='bbox 1729 2051 1866 2110; x_wconf 88' lang='lat' dir='ltr'>nul-</span> 
     </span>
     <span class='ocr_line' id='line_1_20' title="bbox 85 2149 1867 2234; baseline -0.001 -23"><span class='ocrx_word' id='word_1_124' title='bbox 85 2153 211 2212; x_wconf 88' lang='lat' dir='ltr'>lam</span> <span class='ocrx_word' id='word_1_125' title='bbox 253 2163 493 2234; x_wconf 89' lang='lat' dir='ltr'>partem</span> <span class='ocrx_word' id='word_1_126' title='bbox 538 2152 853 2212; x_wconf 87' lang='lat' dir='ltr'>doctrinae</span> <span class='ocrx_word' id='word_1_127' title='bbox 895 2155 1285 2234; x_wconf 87' lang='lat' dir='ltr'>propositam</span> <span class='ocrx_word' id='word_1_128' title='bbox 1329 2171 1461 2211; x_wconf 91' lang='lat' dir='ltr'>esse</span> <span class='ocrx_word' id='word_1_129' title='bbox 1504 2153 1718 2211; x_wconf 87' lang='lat' dir='ltr'>statuit</span> <span class='ocrx_word' id='word_1_130' title='bbox 1757 2149 1867 2210; x_wconf 92' lang='lat' dir='ltr'>sed</span> 
     </span>
     <span class='ocr_line' id='line_1_21' title="bbox 86 2252 1866 2330; baseline -0.001 -20"><span class='ocrx_word' id='word_1_131' title='bbox 86 2252 513 2311; x_wconf 89' lang='lat' dir='ltr'>tantummodo</span> <span class='ocrx_word' id='word_1_132' title='bbox 568 2255 863 2330; x_wconf 83' lang='lat' dir='ltr'>imagines</span> <span class='ocrx_word' id='word_1_133' title='bbox 918 2272 1123 2312; x_wconf 92' lang='lat' dir='ltr'>rerum</span> <span class='ocrx_word' id='word_1_134' title='bbox 1181 2253 1532 2314; x_wconf 89' lang='lat' dir='ltr'>divinarum</span> <span class='ocrx_word' id='word_1_135' title='bbox 1590 2259 1652 2308; x_wconf 90' lang='lat' dir='ltr'>et</span> <span class='ocrx_word' id='word_1_136' title='bbox 1700 2268 1866 2325; x_wconf 88' lang='lat' dir='ltr'>sym·-</span> 
     </span>
     <span class='ocr_line' id='line_1_22' title="bbox 87 2349 1866 2429; baseline -0.002 -19"><span class='ocrx_word' id='word_1_137' title='bbox 87 2351 259 2425; x_wconf 85' lang='lat' dir='ltr'>bola3</span> <span class='ocrx_word' id='word_1_138' title='bbox 291 2352 373 2411; x_wconf 58' lang='lat' dir='ltr'>in&#39;</span> <span class='ocrx_word' id='word_1_139' title='bbox 390 2353 742 2429; x_wconf 89' lang='lat' dir='ltr'>majusculis</span> <span class='ocrx_word' id='word_1_140' title='bbox 774 2371 924 2413; x_wconf 92' lang='lat' dir='ltr'>vero</span> <span class='ocrx_word' id='word_1_141' title='bbox 957 2351 1302 2411; x_wconf 88' lang='lat' dir='ltr'>sacerdotes</span> <span class='ocrx_word' id='word_1_142' title='bbox 1335 2353 1556 2411; x_wconf 90' lang='lat' dir='ltr'>horum</span> <span class='ocrx_word' id='word_1_143' title='bbox 1588 2349 1866 2408; x_wconf 91' lang='lat' dir='ltr'>omnium</span> 
     </span>
     <span class='ocr_line' id='line_1_23' title="bbox 87 2449 1866 2534; baseline -0.002 -25"><span class='ocrx_word' id='word_1_144' title='bbox 87 2452 391 2510; x_wconf 88' lang='lat' dir='ltr'>rationem</span> <span class='ocrx_word' id='word_1_145' title='bbox 432 2450 807 2524; x_wconf 90' lang='lat' dir='ltr'>reddidisse,</span> <span class='ocrx_word' id='word_1_146' title='bbox 850 2454 966 2534; x_wconf 85' lang='lat' dir='ltr'>sic,</span> <span class='ocrx_word' id='word_1_147' title='bbox 1010 2461 1086 2524; x_wconf 19' lang='lat' dir='ltr'>ut·</span> <span class='ocrx_word' id='word_1_148' title='bbox 1119 2453 1352 2533; x_wconf 88' lang='lat' dir='ltr'>initiati</span> <span class='ocrx_word' id='word_1_149' title='bbox 1395 2450 1622 2510; x_wconf 89' lang='lat' dir='ltr'>summi</span> <span class='ocrx_word' id='word_1_150' title='bbox 1664 2449 1866 2508; x_wconf 87' lang='lat' dir='ltr'>numi-</span> 
     </span>
     <span class='ocr_line' id='line_1_24' title="bbox 86 2535 1865 2630; baseline -0.001 -22"><span class='ocrx_word' id='word_1_151' title='bbox 86 2551 182 2609; x_wconf 87' lang='lat' dir='ltr'>nis</span> <span class='ocrx_word' id='word_1_152' title='bbox 225 2551 665 2630; x_wconf 88' lang='lat' dir='ltr'>perfectionem</span> <span class='ocrx_word' id='word_1_153' title='bbox 687 2558 772 2615; x_wconf 72' lang='lat' dir='ltr'>set</span> <span class='ocrx_word' id='word_1_154' title='bbox 813 2551 878 2609; x_wconf 90' lang='lat' dir='ltr'>in</span> <span class='ocrx_word' id='word_1_155' title='bbox 920 2550 1300 2630; x_wconf 88' lang='lat' dir='ltr'>procreando</span> <span class='ocrx_word' id='word_1_156' title='bbox 1344 2535 1462 2610; x_wconf 89' lang='lat' dir='ltr'>hoc</span> <span class='ocrx_word' id='word_1_157' title='bbox 1503 2548 1736 2609; x_wconf 90' lang='lat' dir='ltr'>mundo</span> <span class='ocrx_word' id='word_1_158' title='bbox 1769 2567 1865 2608; x_wconf 87' lang='lat' dir='ltr'>ra-</span> 
     </span>
     <span class='ocr_line' id='line_1_25' title="bbox 86 2651 1864 2730; baseline -0.001 -21"><span class='ocrx_word' id='word_1_159' title='bbox 86 2651 319 2709; x_wconf 89' lang='lat' dir='ltr'>tionem</span> <span class='ocrx_word' id='word_1_160' title='bbox 372 2652 787 2730; x_wconf 86' lang='lat' dir='ltr'>perspicerent</span> <span class='ocrx_word' id='word_1_161' title='bbox 843 2659 904 2709; x_wconf 88' lang='lat' dir='ltr'>et</span> <span class='ocrx_word' id='word_1_162' title='bbox 959 2660 1157 2710; x_wconf 86' lang='lat' dir='ltr'>semet</span> <span class='ocrx_word' id='word_1_163' title='bbox 1210 2653 1384 2730; x_wconf 89' lang='lat' dir='ltr'>ipsos</span> <span class='ocrx_word' id='word_1_164' title='bbox 1451 2658 1864 2728; x_wconf 85' lang='lat' dir='ltr'>agnoscerent,</span> 
     </span>
     <span class='ocr_line' id='line_1_26' title="bbox 87 2749 1864 2835; baseline -0.001 -25"><span class='ocrx_word' id='word_1_165' title='bbox 87 2770 207 2831; x_wconf 90' lang='lat' dir='ltr'>qua</span> <span class='ocrx_word' id='word_1_166' title='bbox 248 2751 379 2829; x_wconf 88' lang='lat' dir='ltr'>lege</span> <span class='ocrx_word' id='word_1_167' title='bbox 422 2752 552 2810; x_wconf 87' lang='lat' dir='ltr'>nati</span> <span class='ocrx_word' id='word_1_168' title='bbox 596 2749 678 2809; x_wconf 87' lang='lat' dir='ltr'>ad</span> <span class='ocrx_word' id='word_1_169' title='bbox 722 2769 871 2831; x_wconf 88' lang='lat' dir='ltr'>quas</span> <span class='ocrx_word' id='word_1_170' title='bbox 914 2751 1351 2835; x_wconf 61' lang='lat' dir='ltr'>res⁴destinati</span> <span class='ocrx_word' id='word_1_171' title='bbox 1396 2759 1614 2812; x_wconf 90' lang='lat' dir='ltr'>essent.</span> <span class='ocrx_word' id='word_1_172' title='bbox 1698 2749 1864 2810; x_wconf 89' lang='lat' dir='ltr'>Hoc-</span> 
     </span>
     <span class='ocr_line' id='line_1_27' title="bbox 90 2847 1864 2937; baseline -0.001 -27"><span class='ocrx_word' id='word_1_173' title='bbox 90 2852 222 2910; x_wconf 89' lang='lat' dir='ltr'>cine</span> <span class='ocrx_word' id='word_1_174' title='bbox 266 2847 643 2911; x_wconf 86' lang='lat' dir='ltr'>Clementem</span> <span class='ocrx_word' id='word_1_175' title='bbox 689 2849 948 2937; x_wconf 85' lang='lat' dir='ltr'>dixisse,</span> <span class='ocrx_word' id='word_1_176' title='bbox 984 2854 1440 2929; x_wconf 76' lang='lat' dir='ltr'>vmysteriorum</span> <span class='ocrx_word' id='word_1_177' title='bbox 1484 2867 1864 2932; x_wconf 89' lang='lat' dir='ltr'>paganorum</span> 
     </span>
     <span class='ocr_line' id='line_1_28' title="bbox 39 2948 1863 3028; baseline 0.001 -19"><span class='ocrx_word' id='word_1_178' title='bbox 39 3024 50 3028; x_wconf 63' lang='lat'><em>,</em></span> <span class='ocrx_word' id='word_1_179' title='bbox 90 2960 526 3012; x_wconf 89' lang='lat' dir='ltr'>contemtorem</span> <span class='ocrx_word' id='word_1_180' title='bbox 570 2961 632 3010; x_wconf 90' lang='lat' dir='ltr'>et</span> <span class='ocrx_word' id='word_1_181' title='bbox 676 2970 917 3013; x_wconf 87' lang='lat' dir='ltr'>osorem</span> <span class='ocrx_word' id='word_1_182' title='bbox 960 2953 1360 3013; x_wconf 65' lang='lat' dir='ltr'>acerrimum&lt;l</span> <span class='ocrx_word' id='word_1_183' title='bbox 1416 2951 1620 3011; x_wconf 91' lang='lat' dir='ltr'>Verba</span> <span class='ocrx_word' id='word_1_184' title='bbox 1672 2950 1751 3013; x_wconf 75' lang='grc' dir='ltr'>τὰ</span> <span class='ocrx_word' id='word_1_185' title='bbox 1795 2948 1863 3012; x_wconf 73' lang='grc' dir='ltr'>δὲ</span> 
     </span>
     <span class='ocr_line' id='line_1_29' title="bbox 90 3048 1865 3137; baseline -0.003 -23"><span class='ocrx_word' id='word_1_186' title='bbox 90 3050 325 3137; x_wconf 80' lang='grc' dir='ltr'><em>μεγάλα</em></span> <span class='ocrx_word' id='word_1_187' title='bbox 375 3062 585 3114; x_wconf 88' lang='lat' dir='ltr'>utrum</span> <span class='ocrx_word' id='word_1_188' title='bbox 639 3051 917 3113; x_wconf 87' lang='lat' dir='ltr'>absolute</span> <span class='ocrx_word' id='word_1_189' title='bbox 969 3048 1093 3113; x_wconf 88' lang='lat' dir='ltr'>sint</span> <span class='ocrx_word' id='word_1_190' title='bbox 1145 3055 1350 3134; x_wconf 88' lang='lat' dir='ltr'>posita</span> <span class='ocrx_word' id='word_1_191' title='bbox 1374 3094 1378 3098; x_wconf 86' lang='lat'><em>-</em></span> <span class='ocrx_word' id='word_1_192' title='bbox 1403 3070 1483 3111; x_wconf 90' lang='lat' dir='ltr'>an</span> <span class='ocrx_word' id='word_1_193' title='bbox 1523 3051 1865 3111; x_wconf 86' lang='lat' dir='ltr'>referantur</span> 
     </span>
     <span class='ocr_line' id='line_1_30' title="bbox 92 3148 1864 3237; baseline 0.001 -29"><span class='ocrx_word' id='word_1_194' title='bbox 92 3148 174 3208; x_wconf 90' lang='lat' dir='ltr'>ad</span> <span class='ocrx_word' id='word_1_195' title='bbox 214 3150 469 3211; x_wconf 91' lang='lat' dir='ltr'>verbum</span> <span class='ocrx_word' id='word_1_196' title='bbox 511 3152 899 3237; x_wconf 67' lang='grc' dir='ltr'><em>ὑπολείπεται</em></span> <span class='ocrx_word' id='word_1_197' title='bbox 943 3155 1141 3215; x_wconf 87' lang='lat' dir='ltr'>active</span> <span class='ocrx_word' id='word_1_198' title='bbox 1186 3161 1485 3225; x_wconf 89' lang='lat' dir='ltr'>sumtum,</span> <span class='ocrx_word' id='word_1_199' title='bbox 1540 3170 1666 3211; x_wconf 90' lang='lat' dir='ltr'>non</span> <span class='ocrx_word' id='word_1_200' title='bbox 1707 3149 1864 3224; x_wconf 81' lang='lat' dir='ltr'>mul-</span> 
     </span>
     <span class='ocr_line' id='line_1_31' title="bbox 92 3236 1861 3334; baseline -0.001 -26"><span class='ocrx_word' id='word_1_201' title='bbox 92 3258 225 3309; x_wconf 90' lang='lat' dir='ltr'>tum</span> <span class='ocrx_word' id='word_1_202' title='bbox 265 3251 545 3326; x_wconf 84' lang='lat' dir='ltr'>interest3</span> <span class='ocrx_word' id='word_1_203' title='bbox 591 3236 892 3312; x_wconf 87' lang='lat' dir='ltr'>sententia</span> <span class='ocrx_word' id='word_1_204' title='bbox 933 3263 1138 3334; x_wconf 88' lang='lat' dir='ltr'>patet:</span> <span class='ocrx_word' id='word_1_205' title='bbox 1183 3237 1616 3331; x_wconf 89' lang='lat' dir='ltr'>Majuscula</span> <span class='ocrx_word' id='word_1_206' title='bbox 1657 3250 1861 3311; x_wconf 91' lang='lat' dir='ltr'>nihil</span> 
     </span>
     <span class='ocr_line' id='line_1_32' title="bbox 94 3347 1860 3434; baseline 0.001 -25"><span class='ocrx_word' id='word_1_207' title='bbox 94 3349 428 3427; x_wconf 85' lang='lat' dir='ltr'>amplius</span> <span class='ocrx_word' id='word_1_208' title='bbox 470 3349 1057 3413; x_wconf 89' lang='lat' dir='ltr'>addiscendum</span> <span class='ocrx_word' id='word_1_209' title='bbox 1100 3352 1508 3434; x_wconf 88' lang='lat' dir='ltr'>praebent,</span> <span class='ocrx_word' id='word_1_210' title='bbox 1572 3347 1702 3413; x_wconf 90' lang='lat' dir='ltr'>sed</span> <span class='ocrx_word' id='word_1_211' title='bbox 1757 3352 1860 3430; x_wconf 86' lang='lat' dir='ltr'>ip-</span> 
     </span>
    </p>
   </div>
  </div>
 </body>
</html>
