2158 3848
232 199 358 261 268
758 213 995 256 LIBER
1036 213 1462 259 SECUNDUS.

229 346 372 403 lent.
461 342 623 416 Quin
664 341 994 404 Hectorem
1036 344 1275 423 ipsum,
1342 361 1519 423 quem
1563 346 1842 406 nonnulli
1898 367 1997 406 ea-

230 444 370 503 dem
434 454 610 503 nocte
677 463 814 504 cum
872 442 1316 520 Polydamante
1383 454 1595 504 natum
1664 446 1872 505 ferunt
1937 466 1996 508 v.

230 544 429 604 Schol.
484 545 651 606 brev.
693 545 761 603 Il.
814 543 952 603 XII.
998 542 1139 601 231.
1214 543 1446 620 Ibycus
1505 554 1567 603 et
1613 546 1994 605 Stesichorus

227 645 534 725 Apollinis
578 644 772 702 filium
816 639 1222 720 prodiderunt
1267 643 1464 704 Schol.
1510 644 1659 704 Ven.
1703 647 1809 704 III.
1858 645 1996 705 134.

227 745 435 805 Tzetz.
498 742 578 801 ad
632 742 778 818 Lyc.
835 740 978 799 266.
1033 759 1159 799 non
1213 741 1338 801 alia
1391 743 1468 829 de
1525 764 1738 818 causa,
1812 764 1997 825 quam

224 847 367 924 quia
408 842 906 923 praesentissimo
963 839 1145 917 hujus
1203 839 1303 899 dei
1359 843 1587 902 auxilio
1641 847 1997 925 protegitur.

221 945 384 1005 Num
430 942 506 1001 de
549 939 996 1017 Polydamante
1040 942 1245 999 minus
1268 943 1512 1022 ,fingere
1554 947 1760 1023 potuit
1800 944 1998 1022 Virgi-

219 1047 368 1117 lius,
431 1060 614 1123 quam
669 1039 747 1098 de
789 1039 1057 1099 Hectore
1110 1041 1372 1118 Ibycus?
1460 1042 1788 1121 Ejusmodi
1830 1045 1998 1102 testi-

219 1145 446 1205 moniis
491 1143 546 1202 si
593 1142 683 1200 uti
725 1140 966 1213 liceret,
1022 1160 1243 1221 supra,
1300 1162 1489 1222 quum
1535 1143 1612 1203 de
1664 1144 1998 1205 sacerdoti-

218 1246 334 1305 bus
399 1242 724 1302 homericis
792 1249 1146 1314 tractarem,
1213 1261 1616 1322 permaguum
1672 1263 1996 1305 numerum

140 1397 143 1401 .
219 1363 581 1423 congregare
624 1343 997 1422 potuissem,
1040 1341 1270 1402 Anium
1315 1344 1493 1404 illum
1535 1345 1859 1404 hominum
1901 1365 1994 1404 re-

218 1465 354 1524 gem
409 1443 785 1520 deorumque
854 1443 1241 1515 ministrum,
1327 1445 1499 1521 quus
1560 1463 1784 1504 nomen
1848 1446 1995 1504 Ilias

217 1543 450 1624 Cypria
505 1542 836 1603 celebravit
894 1540 1094 1611 Schol.
1150 1541 1295 1618 Lyc.
1353 1542 1495 1602 370.
1580 1544 1995 1604 Laocoontem

214 1645 293 1705 ab
355 1652 604 1703 auctore
659 1640 1042 1721 Iliopersidis
1099 1642 1293 1700 Procl.
1354 1639 1586 1704 Chrest.
1646 1663 1705 1724 p.
1760 1644 1867 1704 XI.
1935 1653 1997 1704 et

213 1742 582 1821 Bacchylide
639 1742 839 1802 Schol.
903 1740 1078 1800 Pind.
1147 1742 1212 1800 P.
1268 1742 1314 1801 I.
1380 1742 1517 1802 100.
1584 1742 1995 1817 decantatum,

213 1863 396 1927 quem
453 1842 700 1922 quidem
760 1841 1070 1922 Apollinis
1127 1842 1533 1918 Thymbraei,
1600 1845 1709 1904 alii
1759 1844 1993 1925 Neptu-

212 1945 399 2026 ni[¹¹],
444 1962 587 2023 pars
631 1943 950 2022 utriusque
990 1940 1092 2000 dei
1135 1942 1547 2003 sacerdotium
1575 1946 1831 2022 gessisse
1857 1965 1995 2024 per-

213 2045 429 2105 hibent
472 2043 671 2103 Schol.
715 2042 860 2119 Lyc.
907 2042 1050 2101 347.
1098 2041 1270 2104 Serv.
1296 2042 1449 2103 Aen.
1493 2045 1596 2104 IV.
1641 2045 1784 2104 201.
1845 2043 1995 2117 Qui-

211 2146 328 2205 bus
384 2146 450 2203 in
503 2162 829 2202 numerum
883 2144 1144 2222 receptis
1213 2143 1441 2220 injuste
1494 2145 1805 2219 fecissem,
1872 2147 1993 2205 nisi

213 2247 398 2305 etiam
458 2238 784 2302 Chloream
841 2252 903 2301 et
954 2242 1408 2321 Polyphontem
1468 2243 1854 2304 admisissem
1915 2243 1991 2304 ab

211 2344 430 2404 eodem
456 2343 712 2421 Virgilio
756 2342 1071 2415 laudatos,
1117 2342 1278 2402 hunc
1324 2341 1596 2418 Cereris,
1638 2354 1709 2404 ut
1752 2344 1991 2418 dicitur,

208 2445 387 2505 illum
434 2440 702 2519 Cybelae
746 2443 1126 2502 sacerdotem
1170 2443 1321 2503 Aen.
1358 2443 1466 2503 XI.
1510 2445 1655 2504 768.
1701 2445 1801 2504 VI.
1845 2444 1988 2505 484.

211 2553 274 2604 et
315 2542 583 2604 Nautem
626 2542 888 2601 Palladii
945 2543 1201 2619 Trojani
1256 2543 1574 2617 custodem
1618 2545 1804 2604 Dion.
1847 2545 1989 2605 Hal.

208 2645 311 2705 IV.
381 2664 428 2703 c.
484 2642 585 2702 68.
652 2639 818 2721 quod
886 2642 1125 2701 nullum
1188 2642 1310 2701 fuit
1337 2693 1341 2703 «
1371 2645 1616 2724 scilicet.
1716 2645 1988 2718 Patetne,

130 2740 135 2747 ’
210 2762 503 2826 quorsum
558 2743 675 2802 hoc
729 2761 916 2820 genus
971 2741 1437 2820 argumentandi
1493 2761 1821 2804 evasurum
1866 2744 1987 2802 sits!

208 2845 522 2906 Nimirum
567 2862 674 2915 eo,
738 2852 809 2901 ut
862 2861 940 2901 ne
982 2841 1228 2919 Dictyis
1273 2841 1521 2922 quidem
1565 2843 1986 2903 testimonium

209 2944 535 3026 repudiare
565 2944 917 3023 possimUS,
960 2944 1065 3022 qui
1109 2943 1484 3019 Polyxenam
1528 2943 1848 3005 Minervae
1892 2964 1986 3004 sa-

331 3081 390 3138 [n]
435 3082 681 3135 Anonymus
735 3080 842 3135 περὶ
887 3078 1056 3123 Ἀπιστ.
1102 3094 1139 3121 c.
1180 3080 1257 3122 IV.
1300 3072 1355 3135 ἦν
1397 3081 1447 3124 ἐν
1486 3082 1537 3140 τῇ
1573 3076 1817 3138 ἀκροπόλει
1857 3079 1984 3140 ἱερὸν

208 3137 487 3187 ’Λπόλλωνος
529 3140 605 3181 καὶ
645 3139 937 3187 Ποσειδῶνος
977 3134 1285 3197 διαφερόντως
1324 3135 1595 3198 τιμώμενον·
1638 3138 1750 3182 ὅθεν
1779 3141 1928 3183 συλῶν
1958 3137 1982 3183 ὁ

213 3196 473 3257 Λαομέδων
504 3193 712 3248 ἀνήλισκε
742 3195 797 3239 τὰ
820 3193 1033 3256 χρήματα
1064 3199 1125 3245 εἰς
1153 3195 1234 3250 τὴν
1262 3200 1341 3240 τοῦ
1369 3201 1539 3255 τείχους
1568 3194 1860 3252 κατασκευήν.
1891 3198 1982 3240 He-

211 3259 410 3300 rodorum
450 3255 576 3311 hujus
620 3256 754 3311 inepti
796 3256 1019 3298 commenti
1061 3270 1087 3296 a
1118 3255 1271 3298 Servio
1314 3270 1482 3313 quoque
1521 3257 1651 3298 relati
1679 3257 1785 3298 Aen.
1815 3257 1850 3298 1.
1881 3255 1979 3297 610.

212 3319 476 3359 inventorem
505 3328 600 3356 esse
633 3319 814 3370 apparet
842 3329 867 3356 e
897 3314 1039 3356 Schol.
1070 3313 1179 3368 Lyc.
1211 3313 1309 3356 552.
1382 3314 1567 3365 Quintus
1599 3315 1694 3357 cal.
1725 3314 1850 3357 XIII.
1879 3311 1976 3355 433.

214 3377 256 3418 in
287 3373 605 3417 enumeratione
634 3373 888 3431 templorum
918 3373 1206 3428 Trojanorum
1234 3373 1498 3431 Neptunium
1528 3373 1699 3417 omittit.
