2158 3848
0 2834 4 3043 l

0 3045 19 3214 12

774 225 1230 275 oRPHICA.
1669 291 1671 294 Α
1773 218 1901 281 239

113 368 569 428 Eleusiniorum
611 360 1067 423 institutionem
1112 360 1427 419 communi
1463 358 1593 419 fere
1636 364 1899 445 antiqui-

112 471 257 528 tatis
301 452 602 526 consensu
656 460 739 522 ad
784 459 1103 540 Orpheum
1166 459 1386 520 referri
1440 469 1758 523 auctorem
1804 484 1899 525 as-

112 574 354 629 severat
386 561 729 625 Clavierius
772 561 841 620 in
866 558 1031 620 Hist.
1075 557 1134 618 d.
1178 579 1371 640 prem.
1415 569 1574 621 tems
1622 561 1692 621 T.
1718 564 1765 623 Ι.
1797 564 1900 624 87.

110 676 173 726 et
213 664 579 724 Meinersius
621 663 688 721 in
734 658 1078 720 Comment.
1109 659 1418 739 Goetting.
1462 661 1532 722 T.
1555 661 1721 724 XVI.
1753 664 1898 725 213.

109 761 483 844 Eumolpum
513 770 659 845 post
685 760 952 821 Diodori
999 760 1252 821 demum
1296 771 1585 843 tempora
1628 762 1707 826 ad
1742 764 1903 825 hunc

108 867 403 925 honorem
460 873 745 924 evectum
799 871 1012 942 putat,
1086 861 1196 922 sed
1262 871 1480 922 neuter
1534 866 1778 926 evincet
1832 876 1903 926 ut

106 965 497 1044 apertissima
538 964 712 1037 Istri,
755 961 1183 1035 AndrotioniS,
1227 961 1569 1022 Acesodori
1611 965 1899 1026 aliorum-

108 1085 226 1146 que
282 1065 673 1137 testimonia‚
740 1064 847 1142 qui
888 1062 1211 1122 Eleusinia
1265 1059 1517 1122 definite
1559 1064 1899 1147 Εὐμόλπου

107 1171 290 1253 ὄργια
335 1168 569 1250 (Epigr.
627 1164 842 1228 ἄὸἑσπ.
886 1159 1151 1240 DCCL.)
1197 1161 1580 1244 Eumolpum
1626 1164 1906 1225 condito-

104 1287 236 1328 rem
279 1276 536 1338 vocant‚
596 1273 1048 1345 postponamus
1104 1261 1408 1340 ambiguis
1461 1262 1903 1346 Aristophanis

107 1379 169 1428 et
210 1366 652 1427 Demosthenis
695 1362 942 1423 indiciis
986 1362 1182 1423 Rann.
1214 1361 1409 1425 1059.
1444 1363 1547 1425 Or.
1577 1366 1624 1425 Ι.
1671 1387 1719 1426 c.
1763 1365 1905 1426 Ari-

106 1479 258 1547 stog.
306 1452 365 1547 p.
408 1468 554 1526 772.
612 1466 717 1545 qui
761 1483 951 1545 quum
995 1463 1313 1544 Orpheum
1355 1463 1712 1526 indistincte
1757 1468 1906 1528 tele-

108 1581 201 1629 tas
245 1568 560 1628 invenisse
605 1564 946 1638 affirmant,
991 1583 1118 1624 non
1160 1563 1530 1644 impediunt,
1577 1570 1904 1648 quominus

106 1689 299 1730 unum
344 1687 555 1727 earum
601 1685 789 1744 genus
833 1684 1114 1726 seorsum
1137 1665 1452 1747 Eumolpo
1496 1668 1904 1730 inscribamus

110 1771 363 1830 auctori.
451 1767 663 1848 Neque
705 1785 954 1826 necesse
1011 1776 1106 1826 est
1159 1768 1227 1825 in
1268 1766 1487 1847 Eurip.
1532 1768 1713 1853 Rhes.
1761 1770 1904 1829 933.

110 1871 218 1930 ubi
276 1869 561 1949 Orpheus
627 1867 994 1949 μυστηρίων
1050 1865 1433 1947 ἇποῤῥήτους
1489 1867 1698 1951 φάνας
1755 1874 1906 1953 (φα-

107 1970 259 2048 νάς)
321 1969 663 2027 instituisse
732 1965 1061 2026 commodo
1122 1964 1597 2028 Atheniensium
1659 1968 1905 2045 dicitur,

110 2071 432 2131 Eleusinia
475 2069 686 2150 potius
738 2068 1000 2146 intelligi
1054 2084 1241 2148 quam
1290 2087 1465 2128 sacra
1516 2069 1799 2132 lustralia
1840 2074 1906 2132 in

108 2173 502 2244 universum,
563 2167 1043 2229 Atheniensibus
1098 2185 1226 2226 non
1267 2170 1473 2229 minus
1519 2189 1703 2250 quam
1747 2183 1905 2233 cete-

112 2273 200 2330 ris
262 2270 515 2330 Graecis
579 2270 820 2328 honora
892 2277 954 2326 et
1023 2267 1338 2339 salutaria.
1444 2270 1902 2334 Gravissimum

110 2389 263 2432 vero
307 2352 751 2449 argumentum·
787 2366 1087 2449 praebent
1129 2367 1429 2449 Eumolpi
1487 2391 1626 2431 cum
1684 2371 1904 2434 Cerere

113 2472 479 2531 commercia
493 2466 570 2551 [¹¹]
636 2479 699 2529 et
754 2470 823 2528 in
883 2467 1045 2526 bello
1106 2468 1428 2532 Eleusinio
1496 2474 1902 2555 principatuS‚

112 2590 369 2652 quarum
412 2589 619 2630 rerum
673 2570 977 2628 memoria
1031 2587 1168 2628 cum
1212 2570 1675 2634 Eleusiniorum
1727 2575 1903 2635 insti-

110 2673 353 2732 tutione
393 2670 893 2749 conjunctissima
935 2678 1055 2745 est3
1103 2668 1420 2751 Orpheum
1464 2684 1673 2734 autem
1715 2694 1810 2754 ne„
1836 2679 1903 2736 in

114 2771 319 2833 Attica
360 2769 609 2853 quidem
653 2762 1100 2831 commoratum
1153 2790 1291 2831 esse
1345 2782 1588 2834 constat
1599 2777 1693 2858 [⁶].
1781 2776 1898 2836 Ge-

115 2873 378 2931 neratim
418 2872 720 2948 mysteria
761 2873 819 2932 ei
860 2873 1130 2953 imputat
1174 2872 1479 2935 Eusebius
1523 2875 1739 2957 Praep.
1782 2876 1898 2940 Ev.

120 2969 169 3028 1.
212 2969 271 3030 6.
318 2970 417 3033 17.
460 2972 542 3032 D.
587 2972 746 3056 φασὶ
785 2980 1038 3057 πρῶτον
1075 2974 1309 3058 Ὀρφέα
1350 2974 1899 3059 μεταστησάμενον

240 3107 307 3166 [⁶]
335 3110 434 3156 Huc
462 3115 593 3158 etiam
622 3114 778 3157 referri
806 3119 973 3172 potest,
1006 3115 1122 3172 quod
1150 3115 1312 3159 Plinius
1342 3121 1494 3160 narrat
1521 3118 1621 3161 vn.
1652 3117 1723 3161 57.
1753 3134 1797 3176 p.
1824 3117 1894 3163 59.

118 3167 229 3238 Bip.
250 3167 515 3238 Culturas
543 3173 748 3217 vitium
777 3178 834 3217 et
861 3175 1127 3218 arborum
1156 3175 1376 3219 invenit
1403 3176 1703 3245 Eumolpus
1732 3178 1900 3222 Athe-

119 3239 306 3341 nien[:]1
319 3241 456 3330 'Nihil
483 3293 635 3332 eontra
655 3289 776 3332 valet
798 3290 912 3346 quod
937 3291 1142 3335 Sidonius
1165 3292 1307 3349 Apoll.
1333 3292 1475 3336 earm.
1505 3294 1583 3337 VI.
1607 3294 1646 3336 1.
1678 3295 1896 3352 Orpheum

119 3342 428 3388 Panathenaea
465 3348 832 3392 concelebrantem
869 3349 1056 3403 inducit,
1099 3365 1179 3394 nec
1219 3350 1299 3394 Lei
1341 3351 1648 3396 Leontidarum
1678 3353 1896 3412 Eponymi

120 3402 178 3444 ab
208 3402 385 3459 Orpheo
429 3408 576 3459 ortus3
635 3407 709 3451 sed
748 3407 937 3453 caraune.
978 3409 1161 3453 Musaeo
1192 3410 1440 3455 Atheniensi
1480 3412 1712 3470 inscripta,
1770 3413 1895 3458 modo
