2158 3848
242 219 367 280 288
763 229 999 273 LIBER
1041 229 1467 274 SECUNDUS.

241 374 334 424 est
378 361 576 421 dicere
628 380 739 420 nec
792 360 1113 440 proposito
1153 352 1580 420 necessarium.
1663 361 1794 423 Nos
1840 364 2003 422 enim

237 463 639 523 fanaticarum
683 460 1046 537 religionum
1102 461 1357 537 vestigia
1414 461 1788 540 quaerimus3
1849 481 2005 541 quae

239 563 527 643 quoniam
583 562 649 618 in
704 577 826 617 uno
880 559 1048 630 loco,
1109 576 1289 637 quem
1331 559 1519 619 modo
1571 557 2004 633 indicavimus,

237 676 524 737 expressa
577 668 720 716 sunt
775 666 836 715 et
896 667 1222 736 apparent,
1289 657 1367 717 de
1422 679 1494 718 eo
1551 662 1753 740 primo
1795 659 2005 739 loque-

236 777 391 819 mur.
478 756 622 814 Illas
676 757 861 833 igitur
901 758 1298 838 μαινομένοιο
1343 757 1687 822 Διωνύσοιο
1741 756 2006 838 τιθήνας

233 875 357 915 non
399 855 692 914 mortales
737 874 870 915 esse
912 855 1171 915 feminas
1216 853 1327 913 sed
1371 875 1405 913 e
1447 860 1862 938 nympharum
1905 878 2004 936 ge-

231 975 378 1014 nere
423 954 757 1035 Sophocles
817 953 968 1014 Oed.
1014 951 1143 1013 Col.
1189 953 1333 1013 680.
1393 965 1455 1014 et
1506 957 1783 1036 plerique
1834 966 2003 1019 vete-

232 1075 372 1115 rum
441 1064 892 1115 consenserunt.
977 1053 1117 1113 Hoc
1182 1063 1386 1114 autem
1452 1073 1774 1129 concesso,
1838 1057 2004 1136 quod

231 1157 436 1215 nescio
491 1174 571 1215 an
627 1154 804 1212 aliter
859 1155 1050 1213 statui
1102 1171 1228 1212 non
1271 1156 1500 1233 possit,
1556 1154 1688 1231 jam
1740 1155 1898 1215 illud
1938 1157 2003 1215 in

232 1257 682 1316 contentionem
727 1255 928 1326 venit,
972 1262 1178 1313 utrum
1221 1262 1409 1334 poeta
1430 1253 1773 1315 Bacchanal
1811 1255 2003 1335 quod-

231 1355 376 1416 dam
422 1366 562 1415 ante
608 1354 818 1413 oculos
862 1352 1175 1425 habuerit,
1220 1372 1300 1411 an
1342 1363 1412 1413 ut
1452 1353 1692 1412 Dianae
1738 1353 1853 1414 Od.
1898 1355 1999 1417 VI.

234 1456 373 1516 101.
415 1457 505 1513 ita
545 1454 812 1529 Dionysi
856 1453 1245 1524 comitatum,
1300 1453 1498 1532 qualis
1541 1471 1734 1532 puero
1779 1472 2001 1516 conve-

226 1558 349 1628 nit,
395 1555 584 1613 animi
625 1554 878 1611 notione
913 1552 1370 1623 informaverit,
1415 1551 2000 1632 similitudinemque

227 1655 304 1714 ab
377 1655 782 1714 humanarum
845 1653 1150 1710 nutricum
1215 1650 1450 1710 lusibus
1514 1649 1855 1710 traduxerit
1921 1651 2003 1711 ad

227 1753 394 1812 deos,
493 1752 619 1812 Sed
672 1753 726 1811 si
781 1752 1049 1810 maxime
1103 1752 1460 1829 largiamur,
1535 1749 1701 1830 quod
1759 1750 2020 1829 adjecta·
2102 1798 2106 1806 ⁴

225 1854 347 1912 loci
389 1860 539 1911 nota
580 1851 844 1931 probare
888 1850 1162 1923 videtur,
1225 1851 1398 1910 illam
1442 1850 1652 1909 Liberi
1708 1861 1770 1910 et
1813 1852 2001 1912 collu-

228 1952 504 2012 dentium
556 1951 967 2031 nympharum
1031 1952 1299 2030 speciem
1362 1967 1489 2009 non
1541 1949 1735 2008 libero
1805 1952 1998 2010 animi

226 2062 401 2113 motu
464 2062 819 2131 conceptam
883 2051 993 2127 sed
1053 2050 1134 2109 ad
1189 2060 1446 2108 naturae
1499 2051 1828 2109 veritatem
1887 2069 1998 2110 ex-

227 2154 503 2234 pressam
549 2169 711 2222 esse,
754 2160 960 2208 tamen
985 2168 1108 2207 non
1135 2150 1273 2229 plus
1302 2168 1768 2228 consequemur,
1812 2169 1997 2228 quam

224 2262 295 2311 ut
337 2251 568 2310 famam
611 2248 921 2330 quandam
963 2249 1393 2308 Bacchicarum
1453 2250 1919 2308 cerimoniarum
1965 2269 1999 2309 e

227 2350 489 2410 Thracia
532 2360 750 2409 ortam*
777 2349 1148 2408 Graecorum
1192 2367 1368 2408 aures
1422 2350 1768 2427 pervasisse
1819 2350 1995 2408 intel-

224 2451 504 2528 ligamus,
590 2450 742 2508 Rem
804 2452 967 2507 enim
1026 2447 1193 2528 apud
1249 2448 1514 2508 Thraces
1569 2458 1800 2527 gestam
1862 2468 1994 2509 esse

227 2560 288 2609 et
308 2549 570 2626 Lycurgi
612 2567 837 2607 nomen
882 2547 1176 2634 declarat,
1221 2566 1401 2625 quem
1447 2551 1829 2609 consentiens
1863 2549 1994 2608 fere

227 2649 610 2729 antiquitatis
654 2666 779 2708 vox
821 2647 1054 2706 Boreae
1095 2647 1456 2726 popularem
1500 2647 1680 2720 facit,
1747 2658 1809 2706 et
1852 2666 1992 2707 con-

225 2752 471 2810 firmant
513 2749 635 2808 alia
656 2747 1082 2807 Bacchicarum
1125 2747 1487 2823 religionum
1529 2749 1808 2824 vestigia,
1850 2748 1992 2806 huic

224 2860 426 2910 terrae
467 2850 796 2928 impressa,
843 2866 996 2926 quae
1040 2849 1326 2926 quoniam
1366 2866 1444 2905 ne
1486 2856 1832 2926 postremus
1858 2849 1990 2927 qui-

225 2990 384 3034 poenas
414 2974 582 3017 dedisse
611 2987 815 3029 nusquam
843 2973 1025 3028 legitur,
1057 2978 1226 3015 constat
1254 2986 1357 3014 vero
1387 2972 1554 3015 dedisse
1586 2973 1841 3028 Apollinem,
1883 2977 1986 3015 tunc

228 3049 354 3090 quum
383 3033 665 3075 Laomedonti
693 3047 786 3074 sese
816 3031 1058 3086 addiceret,
1090 3037 1219 3073 exuta
1249 3031 1415 3087 quidem
1445 3031 1692 3083 divinitate,
1724 3037 1772 3073 ut
1800 3032 1986 3074 ostendit

226 3093 343 3148 regis
372 3092 633 3133 fraudulenti
662 3091 737 3132 sed
766 3090 919 3132 nullius
947 3091 991 3132 in
1021 3090 1124 3132 deos
1153 3091 1336 3145 injuriae
1368 3090 1573 3145 comperti
1599 3090 1751 3132 oratio.
1782 3090 1983 3132 Praeter-

225 3165 280 3192 ea
320 3151 427 3192 haec
466 3149 594 3192 lectio
624 3151 766 3205 aptior
794 3148 1138 3205 interpretationi
1166 3148 1487 3205 physiologicae
1516 3147 1569 3190 de
1598 3147 1893 3191 elementorum
1914 3154 1984 3190 tu·
2024 3148 2027 3151 ’

225 3208 374 3261 multu,
407 3222 532 3264 quam
562 3208 776 3250 Cornutus
806 3207 962 3264 probat
990 3207 1131 3250 XVII.
1165 3208 1260 3249 172.
1290 3208 1366 3249 ubi
1394 3206 1504 3249 male
1533 3206 1711 3262 vulgata
1741 3205 1983 3275 subrepsit,

223 3281 322 3310 nam
351 3266 420 3309 hic
448 3267 614 3321 ignem,
646 3281 729 3308 non
758 3273 807 3308 ut
836 3265 980 3308 Schol.
1010 3266 1116 3307 Ven.
1147 3266 1267 3308 Jovis
1296 3265 1371 3307 sed
1399 3264 1610 3321 Apollinis
1653 3266 1819 3308 nomine
1838 3263 1979 3333 signi-

222 3325 348 3368 ficari
377 3326 541 3368 statuit.
573 3324 646 3380 (In
673 3324 962 3381 Euphorionis
991 3324 1187 3366 versibus
1216 3324 1388 3380 Fragm.
1417 3338 1459 3379 p.
1495 3321 1588 3364 131.
1630 3322 1711 3367 οὐκ
1740 3318 1979 3379 ἀβοήθητοι

223 3382 338 3442 πρὸς
370 3379 599 3441 κρήδεμνα
631 3382 840 3440 δέμοντες
868 3382 1134 3426 scribendum
1165 3381 1245 3427 οὐκ
1276 3381 1440 3438 ἄβοηθὶ
1468 3377 1660 3436 πόλιος)
2013 3394 2018 3398 ·
