2158 3848
215 200 342 262 484
746 210 982 255 LIBER
1026 211 1454 255 SECUNDUS.

222 343 621 406 multifariam
667 351 983 423 corrupta,
1050 340 1212 401 unde
1269 351 1476 401 tamen
1529 344 1853 422 intelligas>
1878 343 1990 402 Or-

219 445 447 525 pheum
506 453 855 514 extremum
914 440 1100 515 illud,
1163 440 1328 520 quod
1390 450 1604 501 cuncta
1658 444 1991 523 complexu

219 563 332 605 suo
369 527 718 615 coerceret,
778 539 969 601 modo
1029 541 1290 623 νεφέλη-ν
1345 538 1537 601 modo
1594 543 1833 629 ἀργῆτα
1888 568 1991 623 χι·-

214 653 386 709 τῶνα
445 642 791 723 appellasse
862 637 1078 698 eadem
1145 639 1508 719 metaphora
1577 660 1788 716 usum,
1873 661 1994 721 qua

215 735 563 822 Leucippus
608 751 670 800 et
691 739 1087 799 Democritus
1117 747 1358 819 χιτῶνα
1400 738 1604 823 κύκλῳ
1626 743 1752 804 ,καὶ
1793 739 1993 824 ὑμένα

215 842 619 927 περιτείνουσι
662 848 752 922 τῷ
794 838 1009 923 κόσμῳ
1027 838 1176 919 [⁴¹⁴¹].'
1234 838 1318 896 Et
1362 859 1437 897 ex
1480 840 1593 899 hac
1649 838 1784 902 si've
1827 841 1991 900 nube

167 990 173 999 „
215 946 349 1005 sive
421 943 625 1001 tunica
697 958 887 1001 ovum
959 938 1372 998 circumdante
1435 938 1783 1000 Phanetem-
1843 943 1992 1000 emi-

215 1045 427 1103 cuisse.
492 1039 748 1105 rEadem
805 1034 1017 1098 omnia
1070 1041 1430 1119 comparent
1475 1041 1545 1098 *in
1591 1036 1995 1118 Gos'r'nogenia

217 1143 515 1224 Orphica,
561 1159 745 1221 quam
789 1158 980 1219 supra
1021 1139 1296 1199 Platonis
1339 1135 1721 1219 interpretes*
1739 1142 1993 1220 *sequuti

215 1236 699 1322 descripsimus,v
759 1250 1004 1319 tempus
1063 1258 1270 1309 rerum
1333 1239 1565 1298 ortum?
1597 1239 1992 1319 praxeam,

214 1343 543 1403 Aetherem
589 1349 652 1399 et
696 1337 897 1399 Chaos
941 1341 1048 1400 ovi
1090 1340 1327 1399 formae
1368 1339 1703 1414 inclusum,
1757 1340 1993 1400 Phane-

214 1451 339 1501 tem
383 1459 505 1502 ovo
551 1439 892 1511 exclusum,
946 1437 1167 1498 mundi
1208 1440 1603 1498 formatorem
1621 1460 1640 1513 ;4
1691 1440 1857 1511 unde
1899 1442 1991 1500 in-

214 1540 405 1601 ducor
445 1549 517 1600 ut
557 1540 873 1607 Damascii
930 1537 1136 1599 verbis
1190 1539 1271 1619 ἢν
1329 1542 1388 1602 οἱ
1439 1536 1771 1623 φιλόσοφοι
1825 1536 1991 1624 διε-’ρ-

211 1640 582 1726 μηνεύουσι,
643 1640 989 1701 Platonicos
1046 1640 1441 1718 potissimum
1498 1636 1824 1718 significari
1879 1648 1993 1719 pu-

211 1754 355 1804 tem.
441 1742 604 1804 Hinc
647 1723 896 1803 diversa
938 1735 1056 1799 fuit
1100 1741 1294 1799 altera
1319 1736 1596 1814 Genesis,
1642 1737 1824 1820 quam
1851 1734 1992 1799 con-

212 1826 385 1903 tinuo
442 1841 753 1920 subjungit
807 1860 867 1921 p.
925 1839 1068 1899 381.
1135 1838 1390 1920 τοιαύτη
1445 1840 1564 1924 μὲν
1615 1842 1654 1921 ἡ
1712 1839 1993 1921 συνήθης

206 1944 465 2028 Ὀρφικὴ
508 1940 821 2028 θεολογία.
899 1941 983 2003 Ἠ
1018 1939 1088 2003 δὲ
1131 1940 1290 2003 κατὰ
1333 1940 1448 2003 τὸν
1483 1939 1853 2024 Ἱερώνυμον
1868 1966 1989 2024 ,φε-

213 2047 439 2128 ρομὲνη
495 2042 601 2105 καὶ
646 2039 1029 2112 Ἑλλάνικον,
1097 2045 1260 2123 εἴπερ
1314 2039 1400 2122 μὴ
1457 2039 1562 2102 καὶ
1619 2041 1650 2103 ὃ
1711 2038 1897 2111 αὐτός
1915 2041 1989 2122 [¹]

213 2147 413 2216 ἐστιν,
458 2143 654 2211 οὕτως
699 2143 833 2220 ἔχει.
872 2140 1078 2222 Ὕὸωρ
1121 2137 1233 2219 ἦν,
1279 2140 1472 2223 φησὶν
1482 2136 1611 2213 ,ἕξ-
1652 2141 1842 2223 ἀρχῆς
1883 2141 1990 2204 καὶ

211 2245 326 2323 ὕλη
371 2240 556 2325 (ἰλύς)
609 2246 670 2313 ἐξ
707 2235 796 2321 γ’ἧς
839 2238 1033 2326 ἐπάγη
1088 2240 1126 2319 ἡ
1182 2247 1294 2325 γῆ,
1356 2238 1472 2303 δύο
1516 2237 1749 2320 ταύτας
1792 2243 1988 2325 ἀρχὰς

211 2343 657 2424 ὑποτιθέμενος
697 2348 968 2425 πρῶτον,
1010 2339 1184 2422 ὕδωρ
1229 2340 1334 2402 καὶ
1374 2348 1523 2426 γῆν·
1567 2341 1682 2421 τὴν
1725 2340 1794 2404 δὲ
1832 2342 1988 2426 μίαν

213 2444 333 2524 πρὸ
370 2450 500 2504 τῶν
544 2442 728 2504 δυοῖν
773 2443 1038 2521 ἄῤῥητον
1083 2439 1330 2522 ἀφίησι·
1373 2441 1488 2521 τὴν
1514 2439 1583 2503 δὲ
1626 2441 1843 2524 τρίτην
1871 2444 1987 2526 οἷρ-

205 2542 328 2623 χὴν
396 2540 553 2624 μετὰ
623 2540 735 2609 τὰς
794 2538 910 2602 δύο
970 2544 1356 2625 γεννηθῆναι
1412 2540 1530 2621 μὲν
1600 2542 1667 2603 ἐκ
1723 2540 1985 2616 τούτων,

212 2642 442 2711 ὕδατος
485 2640 645 2723 φημὶ
685 2639 790 2701 καὶ
831 2646 976 2724 γῆς,
1039 2636 1354 2718 δράκοντα
1399 2638 1468 2700 δὲ
1513 2639 1672 2701 εἶναι
1713 2643 1985 2723 κεφαλὰς

215 2744 432 2822 ἔχοντα
475 2737 974 2823 προςπεφυκυίας
1014 2735 1252 2820 ταύρου
1296 2738 1401 2826 καὶ
1445 2739 1717 2812 λέοντος,
1762 2744 1829 2804 ἐν
1874 2738 1984 2823 με’-

214 2897 342 2939 Pluto
372 2895 514 2939 Procl.
551 2894 597 2937 in
627 2894 741 2938 Tim.
770 2893 824 2935 V.
853 2892 954 2935 297.
993 2893 1037 2935 in
1066 2893 1188 2936 Crat.
1218 2906 1259 2950 p.
1289 2892 1361 2935 90.
1391 2893 1465 2949 qui
1493 2899 1593 2936 sunt
1621 2898 1710 2937 tres
1739 2899 1886 2952 patres
1915 2897 1983 2939 in-

211 2955 477 2998 tellectuales
515 2957 616 3010 post
653 2957 742 2996 tres
780 2951 1074 3007 intelligibiles
1113 2951 1371 3010 Phanetem,
1411 2952 1627 3005 Umnum,
1681 2953 1867 2997 Cronum
1915 2955 1981 2998 Id.

213 3013 367 3056 Theol.
395 3013 474 3056 VI.
506 3011 573 3054 11.
603 3011 703 3055 371.

454 3085 496 3113 v.
533 3069 756 3112 Plutarch.
798 3066 973 3110 Placitt.
1012 3067 1072 3111 ΙΙ.
1102 3066 1143 3109 6.
1173 3066 1272 3110 396.
1314 3067 1372 3109 Τ.
1403 3067 1501 3110 ΧΠ.
1534 3068 1690 3110 Galen.
1719 3069 1835 3113 Hist.
1864 3070 1977 3114 Phil.
2017 3121 2020 3125 φ

215 3128 291 3172 XI.
321 3070 465 3186 3¹¹3&
495 3128 554 3173 T.
582 3127 638 3170 ΙΙ.
670 3128 868 3170 Charter.

331 3187 394 3244 [r]
428 3186 747 3229 Tiedemannus
786 3185 853 3228 De
893 3183 1015 3241 prim.
1046 3183 1205 3225 Graec.
1234 3183 1480 3241 Philosoph.
1511 3197 1552 3240 p.
1583 3182 1654 3226 63.
1685 3182 1714 3240 ἡ
1743 3183 1853 3236 αὐτή
1883 3198 1978 3228 cor-

214 3245 335 3301 rigit.
376 3245 542 3288 Censor
582 3245 676 3300 ejus
704 3244 751 3285 in
779 3242 894 3286 Bibl.
926 3241 1036 3284 Crit.
1065 3241 1161 3283 Vol.
1189 3241 1248 3284 II.
1278 3242 1329 3284 P.
1358 3242 1418 3283 ΙΙ.
1445 3242 1514 3284 88.
1544 3243 1766 3299 vulgatum
1794 3244 1974 3286 retinet:

214 3303 525 3360 significat
552 3302 952 3358 Hieronymum
980 3299 1120 3342 hanc
1149 3313 1256 3343 rem
1286 3314 1351 3342 ex
1373 3299 1678 3344 Hellanico
1708 3301 1977 3345 sumsisse

215 3366 380 3418 atque
410 3361 548 3404 adeo
579 3360 769 3404 ambos
798 3372 902 3402 non
932 3358 1044 3400 nisi
1074 3371 1233 3402 unam
1263 3358 1477 3401 habere
1507 3361 1932 3403 auctoritatem.
