2158 3848
821 202 1275 248 οΒΡΗιοΑ.
1810 189 1937 250 713

161 356 378 397 norum
453 332 926 397 vicissitudines·
981 331 1307 409 significari
1372 332 1588 392 statuit
1659 333 1756 393 De
1829 353 1938 396 esu

161 455 323 508 carn,
379 434 482 495 Or,
525 437 572 498 Ι,
610 436 674 509 ,7.
715 433 861 493 240.
906 431 976 492 T.
1020 431 1188 492 XIII.
1244 431 1324 494 τὰ
1381 431 1520 514 περὶ
1560 431 1674 494 τὸν
1717 434 1941 500 Διόνυ-

159 557 274 600 σον
325 535 772 619 μεμυθευμένα
826 530 1005 612 πάθη
1062 540 1175 596 τοῦ
1197 532 1657 613 -ὃιαμελεϊσμοῦ
1713 536 1820 596 καὶ
1859 538 1937 600 τὰ

164 634 452 701 Τιτάνων
504 635 590 698 ἐπ’
650 634 847 698 αὐτὸν
900 630 1298 714 τολμήματα,
1354 634 1758 718 γευσαμένων
1824 644 1937 698 τοῦ

157 734 381 819 φόνου,
425 732 704 805 κολάσεις
747 733 816 797 δὲ
859 732 1105 797 τούτων
1145 731 1252 795 καὶ
1291 731 1701 815 κεραυνώσεις
1745 736 1938 821 ἀνηγ-

153 837 337 918 μένος
401 836 530 898 ἐστὶ
595 838 806 916 μῦθος
874 839 958 904 εἰς
1027 833 1142 913 τὴν
1195 833 1686 919 παλιγγενεσίαν.
1745 853 1941 916 neque

154 934 324 994 aliud
369 936 707 1013 significare
751 933 1001 995 videtur
1043 935 1109 992 in
1155 930 1401 993 Consoi.
1448 934 1528 994 ad
1571 934 1760 995 Uxor.
1786 956 1834 1010 c.
1860 935 1938 996 X.

155 1055 216 1115 p.
273 1035 416 1096 397.
490 1035 560 1094 Τ.
616 1034 695 1094 Χ.
765 1036 804 1096 ἃ
870 1042 1001 1097 τῶν
1071 1036 1276 1097 ἄλλων
1341 1033 1613 1108 ἀκούεις,
1683 1036 1765 1106 ὥς
1835 1039 1944 1100 οὗ-

155 1135 266 1199 ὃὲν
332 1137 579 1216 οὐδαμῆ
647 1143 736 1216 τῷ
805 1134 1171 1196 διαλυθέντι
1240 1134 1467 1206 κακὸν,
1539 1133 1692 1208 οὐδὲ
1751 1144 1942 1215 λυπη-

136 1234 270 1316 ’ρόν
314 1239 502 1308 ἐστιν,
546 1235 688 1295 οἶδα
730 1234 827 1306 ὅτι
871 1230 1091 1295 κωλύει
1136 1253 1201 1295 σε
1246 1231 1558 1303 πιστεύειν
1606 1234 1638 1295 ὅ
1685 1233 1944 1319 πάτριος

155 1333 334 1419 λόγος
377 1335 484 1396 καὶ
523 1334 603 1395 τὰ
645 1333 916 1415 μυστικὰ
965 1331 1253 1417 σύμβολα
1298 1342 1429 1397 τῶν
1471 1334 1611 1417 περὶ
1642 1335 1757 1399 τὸν
1792 1336 1942 1400 Διό-

155 1455 354 1498 νυσον
411 1437 776 1519 ὀργιασμῶν
788 1481 808 1507 ,
867 1435 906 1495 ἃ
954 1431 1254 1515 σύνισμεν
1295 1432 1574 1513 ἀλλήλοις
1619 1437 1678 1497 οἱ
1719 1442 1944 1500 κοινω-

153 1543 424 1605 νοῦντες.
511 1533 808 1614 Apertius
868 1533 1162 1612 Origenes
1221 1554 1267 1594 c.
1332 1531 1488 1597 Cels,
1534 1535 1604 1594 L.
1650 1535 1750 1595 lv.
1803 1538 1940 1598 171.

156 1637 373 1716 Spenc.
429 1634 507 1694 de
552 1632 780 1695 Christi
835 1636 1280 1694 resurrectione
1338 1634 1672 1696 disserens:
1721 1637 1945 1720 σεμνό-

154 1762 302 1820 τερα
344 1744 546 1799 ταῦτα
589 1741 877 1818 φανεῖται
920 1735 1231 1800 Διονύσου
1276 1737 1396 1798 ὑπὸ
1450 1735 1735 1801 Τιτάνων
1781 1741 1942 1802 ἄπα-

153 1838 436 1920 τωμένου
481 1836 586 1899 καὶ
629 1834 1026 1905 ἐκπίπτοντος
1071 1836 1192 1898 ἀπὸ
1237 1845 1349 1898 τοῦ
1387 1836 1535 1906 Διὸς
1564 1836 1810 1919 θρόνου
1839 1841 1945 1902 καὶ

153 1937 674 2017 σπαρασσομένου
733 1936 846 2005 ὑπ’
905 1937 1118 1999 αὐτῶν
1161 1937 1267 1998 καὶ
1308 1937 1467 2017 μετὰ
1509 1945 1712 2000 ταῦτα
1755 1937 1944 2003 πάλιν

155 2037 610 2118 συντιθεμένου
665 2035 772 2098 καὶ
827 2036 1015 2099 οἱονεὶ
1046 2030 1049 2033 ’
1077 2034 1586 2117 ἅναβιιόσκοντος
1642 2038 1749 2100 καὶ
1793 2040 1946 2102 ἅνα-

152 2137 491 2223 βαίνοντος
547 2141 631 2206 εἷς
690 2135 983 2218 οὐρανόν.
1055 2136 1427 2215 ’ῊΧἝλλησι
1470 2136 1589 2218 μὲν
1634 2140 1823 2207 ἔξεστι
1865 2139 1943 2201 τὰ

156 2245 418 2301 τοιαῦτα
462 2241 547 2306 εἷς
587 2236 702 2299 τὸν
745 2237 885 2319 περὶ
926 2244 1130 2320 ψυχῆς
1177 2234 1433 2321 ἀνάγειν
1462 2235 1645 2322 λόγον
1671 2237 1778 2300 καὶ
1799 2262 1944 2321 τρο-

153 2345 479 2424 πολογεῖν,
534 2336 685 2417 ἡμῖν
742 2336 811 2400 δὲ
869 2338 1103 2412 οὐκέτι,·
1159 2336 1232 2396 cf.
1290 2336 1484 2395 Procl.
1537 2339 1604 2396 in
1659 2337 1839 2397 Polit.
1883 2358 1944 2418 p.

156 2439 301 2499 372.
363 2438 505 2497 Pari
547 2437 827 2496 acumine
873 2436 1136 2498 Osiridis
1180 2436 1602 2518 diaspasmum
1647 2440 1946 2519 interpre-

154 2548 324 2598 tatur
392 2537 760 2598 Damascius
825 2539 888 2597 in
961 2538 1082 2597 vit.
1138 2536 1363 2598 Isidori
1420 2537 1592 2598 phot.
1652 2537 1944 2600 CCXLII.

155 2636 301 2707 526.
371 2638 536 2705 τοῦτ’
610 2638 696 2714 ἂν,
757 2643 845 2718 εἴη
904 2638 1248 2719 θεοκρασία
1301 2646 1542 2720 μᾶλλον
1597 2638 1667 2703 δὲ
1729 2642 1945 2710 ἕνωσις

157 2738 488 2819 παντελὴς,
532 2736 841 2810 ἐπάνοδος4
877 2746 1006 2803 τῶν
1047 2739 1360 2823 ἡμετέρων
1405 2747 1631 2821 ψυχῶν
1673 2741 1827 2823 πρὸς
1869 2740 1941 2802 τὸ

155 2843 338 2903 θεῖον
404 2830 942 2923 ἐπιστρεφομένων
1008 2841 1114 2904 καὶ
1170 2841 1764 2923 συναθροιζομένων
1819 2841 1942 2916 ἀπὸ

158 2947 273 3003 τοῦ
319 2947 548 3003 πολλοῦ
591 2948 901 3023 μερισμοῦ
942 2942 1047 3004 καὶ
1089 2941 1152 3004 τί
1193 2942 1316 3026 γὰρ
1362 2942 1437 3004 οὐ
1479 2941 1633 3027 λέγω
1660 2962 1942 3027 σπαραγ-

158 3047 285 3122 μοῦ
330 3038 667 3121 ὃιαῤῥήὸην
713 3050 822 3099 etc.
869 3050 930 3100 et
965 3042 1098 3119 jam
1146 3043 1316 3121 prius
1342 3041 1702 3102 Plutarchus
1747 3041 1826 3101 de
1867 3044 1944 3102 Is,

161 3160 208 3198 c.
255 3138 353 3200 35.
400 3160 460 3220 p.
511 3136 648 3202 150.
695 3142 1008 3222 utriusque
1054 3141 1154 3201 dei
1192 3140 1431 3201 casibus
1467 3139 1727 3201 eandem
1762 3144 1945 3220 signi-

160 3241 508 3302 ficationem
543 3235 819 3320 subjicit:
867 3243 1153 3327 ὁμολογεῖ
1182 3243 1261 3305 τὰ
1306 3243 1596 3306 Τιτανικὰ
1633 3244 1737 3306 καὶ
1771 3251 1941 3308 Νυκ-
