2158 3848
789 191 1243 261 οιιΡΗιοᾼ.
1780 179 1902 240 621

128 327 322 388 verba
363 343 492 385 non
536 325 627 384 ita
647 323 865 402 *accipi
909 319 1163 393 debere,
1209 323 1384 400 quasi
1427 322 1535 380 ille
1575 321 1910 386 Sabazium

128 426 306 490 Jovis
346 434 409 484 et
433 424 839 503 Proserpinae
871 421 1066 481 filium
1105 438 1144 481 a
1170 420 1497 482 Titanibus
1534 420 1911 504 discerptum

128 525 467 588 tradiderit.
552 522 795 584 Nomen
851 523 1063 602 ipsum
1119 521 1378 582 Sabazii
1433 523 1570 584 sive
1628 522 1781 582 Sabi
1833 543 1914 583 ne

128 630 191 687 in
237 625 598 704 Theogonia
641 623 893 705 quidem
918 623 1154 703 Orphei
1186 624 1426 701 legitur,
1469 622 1580 683 sed
1604 623 1706 682 hic
1729 622 1912 682 deum

129 748 165 785 e
195 725 372 787 Jovis
413 727 652 785 incestu
684 734 900 785 natum
935 733 1287 784 constanter
1310 725 1665 802 Dionysum
1702 724 1916 804 appel-

125 827 231 888 lat.
331 825 620 886 Proxime
686 827 873 904 igitur
935 835 997 884 et
1051 823 1389 885 secundum
1447 824 1918 885 Onomacritum

126 924 461 1006 Euripides
506 923 901 986 collocandus
944 924 1225 997 videtur,
1271 926 1375 1005 qui
1417 927 1661 1006 primus
1705 925 1921 1003 Zagrei

125 1045 251 1086 non
306 1046 534 1088 nomen
588 1027 790 1086 solum
846 1025 959 1085 sed
1015 1027 1207 1084 etiam
1266 1042 1405 1084 cum
1448 1024 1678 1102 Magna
1721 1036 1921 1085 matre

126 1130 503 1187 consortium
586 1136 650 1185 et
725 1134 1008 1187 cruentas
1090 1122 1306 1203 epulas
1385 1129 1922 1188 commemoravit.

126 1228 286 1289 Nam
350 1226 429 1285 de
471 1225 781 1304 Aeschylo
828 1243 1011 1305 quem
1057 1224 1266 1301 Etym.
1312 1222 1473 1283 Gud.
1517 1244 1579 1305 p.
1624 1227 1767 1286 227.
1814 1246 1922 1287 an-

125 1335 407 1399 testatur,
450 1345 549 1386 res
583 1325 788 1386 minus
824 1325 1149 1406 explorata
1184 1335 1278 1385 est
1309 1325 1636 1387 Plutonem
1671 1345 1750 1388 an
1784 1327 1924 1388 Plu-

128 1429 294 1488 tonis
338 1428 536 1487 filium
579 1427 844 1505 intelligi
886 1427 1186 1488 voluerit:
1232 1427 1517 1512 Ζαγρεύς
1561 1428 1593 1490 ὃ
1639 1427 1923 1516 μεγάλως

130 1527 417 1615 ἀγρεύων
453 1528 538 1598 ὥς
572 1526 879 1591 Πότνια
911 1536 1001 1613 γῆ
1038 1536 1349 1613 Ζαγρεῦ
1382 1553 1458 1590 τε
1493 1532 1703 1592 θεῶν
1738 1555 1922 1594 παν-

127 1631 523 1713 υπέρτατε
582 1627 934 1701 πάντων,
990 1629 1023 1691 ὃ
1080 1629 1198 1709 τὴν
1248 1628 1701 1711 Ἀλκμαιωνίδα
1763 1628 1923 1716 γρά-

128 1750 258 1813 ψας
303 1732 454 1813 ἔφη’
499 1727 664 1800 τινὲς
705 1728 776 1792 δὲ
819 1730 934 1793 τὸν
976 1731 1229 1815 Ζαγρέα
1272 1729 1416 1792 υἱὸν
1444 1729 1657 1792 (Ἀιὸου
1704 1752 1922 1813 φασιν,

82 1879 86 1882 -
129 1830 215 1902 ὥς
270 1828 582 1910 Αἰσχύλος
636 1834 705 1893 ἐν
748 1825 1129 1912 Σισύφῳω.
1189 1836 1492 1916 Ζαγρεῖ
1528 1855 1604 1892 τε
1649 1837 1795 1893 νῦν
1834 1857 1923 1913 με

127 1931 256 1994 καὶ
297 1931 686 2013 πολυξένῳ
723 1928 1061 2012 χαίρειν.
1164 1928 1527 1990 Welckerus
1573 1929 1652 1989 de
1693 1929 1924 2010 Trilog.

126 2031 345 2092 Aesch.
400 2051 463 2113 p.
512 2028 655 2091 556.
743 2029 1124 2108 Aeschylum
1172 2030 1250 2090 de
1294 2031 1556 2091 Plutone
1599 2032 1779 2130 loqui
1816 2051 1925 2093 au-

129 2142 360 2206 tumat,
429 2150 613 2213 quem
666 2130 838 2192 haud
892 2130 1081 2191 dubie
1134 2129 1602 2191 Alcmaeonidis
1657 2134 1928 2229 scriptor

128 2234 499 2313 significavit
566 2242 629 2291 et
684 2232 804 2291 hoc
855 2233 1107 2291 nomine
1164 2251 1202 2291 a
1259 2231 1575 2292 nonnullis
1622 2194 1928 2293 flenotari

131 2336 343 2411 Etym.
386 2333 472 2393 M.
519 2331 700 2392 docet
745 2351 793 2391 s.
838 2330 1137 2417 Ζαγρεύς.
1234 2332 1333 2391 Ex
1378 2348 1586 2415 versu
1583 2315 1777 2414 ῗὶρὲο,
1823 2336 1931 2415 qui

129 2437 306 2498 varie
350 2434 647 2515 explicari
691 2442 753 2492 et
796 2433 1018 2510 corrigi
1061 2442 1303 2512 potest,
1357 2432 1645 2509 neutrum
1689 2434 1927 2515 liquido

132 2546 422 2618 apparet3
476 2532 589 2595 sed
645 2531 838 2595 verba
882 2533 1321 2608 Grammatici‚
1375 2535 1498 2594 nisi
1552 2538 1932 2616 transposita

132 2647 307 2711 sunt,
363 2636 644 2696 Plutonis
697 2633 896 2705 filium
952 2633 1229 2694 indicant
1283 2637 1373 2696 sic
1427 2646 1721 2697 vocatum
1777 2657 1929 2698 esse.

133 2738 195 2797 Is
238 2757 391 2800 vero
447 2720 572 2809 est,
631 2733 710 2794 de
763 2753 885 2815 quo
930 2734 1282 2813 Hesychius
1326 2736 1630 2817 loquitur:
1668 2739 1931 2802 Ἰσοδαί-

135 2861 245 2917 της
285 2839 397 2901 ὑπ’
443 2837 630 2901 ἐνίων
674 2836 707 2899 ὃ
745 2834 1079 2910 Πλούτων,
1123 2838 1245 2901 ὑπὸ
1292 2837 1362 2901 δὲ
1405 2840 1612 2901 ἄλλων
1645 2838 1677 2900 ὅ
1713 2838 1932 2904 Πλού-

137 2960 338 3008 τωνος
402 2936 565 3008 vidg-
626 2954 812 3017 quem
869 2937 1135 2999 eundem
1193 2939 1491 3017 Zagreum
1546 2939 1930 3019 appellatum

138 3037 335 3097 fuisse
390 3048 651 3120 apparet
704 3057 740 3096 e
792 3037 1121 3099 Plutarcho
1180 3039 1258 3099 de
1302 3046 1380 3102 Εἰ
1425 3060 1472 3100 c.
1514 3038 1623 3099 IX.
1668 3042 1814 3102 228.
1859 3041 1930 3102 Τ.

141 3136 251 3197 IX.
308 3134 622 3204 Διόνυσον
677 3137 747 3202 δὲ
805 3139 911 3201 καὶ
967 3142 1217 3227 Ζαγρέα
1271 3141 1377 3203 καὶ
1430 3142 1771 3207 Νυκτέλιον
1825 3143 1932 3206 καὶ

266 3344 328 3405 [f]
363 3349 438 3393 Sic
467 3350 711 3396 emendavit
741 3350 921 3395 Fiorillo
952 3352 1005 3395 (le
1035 3352 1199 3397 Herod.
1232 3354 1321 3398 Aa.
1350 3366 1392 3410 p.
1421 3351 1492 3396 90.
