<?xml version="1.0" encoding="UTF-8"?>
<!DOCTYPE html PUBLIC "-//W3C//DTD XHTML 1.0 Transitional//EN"
    "http://www.w3.org/TR/xhtml1/DTD/xhtml1-transitional.dtd">
<html xmlns="http://www.w3.org/1999/xhtml" xml:lang="en" lang="en">
 <head>
  <title>
</title>
<meta http-equiv="Content-Type" content="text/html;charset=utf-8" />
  <meta name='ocr-system' content='tesseract 3.04.00' />
  <meta name='ocr-capabilities' content='ocr_page ocr_carea ocr_par ocr_line ocrx_word'/>
</head>
<body>
  <div class='ocr_page' id='page_1' title='image "./aglaophamussived01lobeuoft_0676.png"; bbox 0 0 2158 3848; ppageno 0'>
   <div class='ocr_carea' id='block_1_1' title="bbox 229 199 1489 261">
    <p class='ocr_par' dir='ltr' id='par_1_1' title="bbox 229 199 1489 261">
     <span class='ocr_line' id='line_1_1' title="bbox 229 199 1489 261; baseline 0.002 -10"><span class='ocrx_word' id='word_1_1' title='bbox 229 199 356 261; x_wconf 79' lang='grc'><strong>660</strong></span> <span class='ocrx_word' id='word_1_2' title='bbox 783 207 1016 252; x_wconf 82' lang='lat' dir='ltr'>LIBER</span> <span class='ocrx_word' id='word_1_3' title='bbox 1062 207 1489 254; x_wconf 81' lang='lat' dir='ltr'>SECUNDUS.</span> 
     </span>
    </p>
   </div>
   <div class='ocr_carea' id='block_1_2' title="bbox 234 335 2017 2011">
    <p class='ocr_par' dir='ltr' id='par_1_2' title="bbox 234 335 2017 2011">
     <span class='ocr_line' id='line_1_2' title="bbox 238 335 2007 415; baseline -0.001 -11"><span class='ocrx_word' id='word_1_4' title='bbox 238 343 499 404; x_wconf 87' lang='lat' dir='ltr'><strong>vitatem</strong></span> <span class='ocrx_word' id='word_1_5' title='bbox 543 337 793 399; x_wconf 84' lang='lat' dir='ltr'><strong>fabulae</strong></span> <span class='ocrx_word' id='word_1_6' title='bbox 835 338 1048 415; x_wconf 84' lang='lat' dir='ltr'><strong>arguit.</strong></span> <span class='ocrx_word' id='word_1_7' title='bbox 1117 335 1241 398; x_wconf 86' lang='lat' dir='ltr'><strong>Sed</strong></span> <span class='ocrx_word' id='word_1_8' title='bbox 1284 336 1612 400; x_wconf 83' lang='lat' dir='ltr'>succedant</span> <span class='ocrx_word' id='word_1_9' title='bbox 1652 341 1782 408; x_wconf 71' lang='lat' dir='ltr'><strong>alii,</strong></span> <span class='ocrx_word' id='word_1_10' title='bbox 1804 349 2007 402; x_wconf 85' lang='lat' dir='ltr'><strong>testes.</strong></span> 
     </span>
     <span class='ocr_line' id='line_1_3' title="bbox 239 433 2010 518; baseline 0 -17"><span class='ocrx_word' id='word_1_11' title='bbox 239 440 582 501; x_wconf 81' lang='lat' dir='ltr'><strong>Scholiasta</strong></span> <span class='ocrx_word' id='word_1_12' title='bbox 636 436 949 516; x_wconf 85' lang='lat' dir='ltr'><strong>Aristoph.</strong></span> <span class='ocrx_word' id='word_1_13' title='bbox 1009 433 1268 496; x_wconf 90' lang='lat' dir='ltr'><strong>Acharn.</strong></span> <span class='ocrx_word' id='word_1_14' title='bbox 1325 437 1468 498; x_wconf 85' lang='lat'><strong>242.</strong></span> <span class='ocrx_word' id='word_1_15' title='bbox 1525 440 1756 501; x_wconf 87' lang='lat' dir='ltr'><strong>omissa</strong></span> <span class='ocrx_word' id='word_1_16' title='bbox 1811 438 2010 518; x_wconf 87' lang='lat' dir='ltr'><strong>Cybe-</strong></span> 
     </span>
     <span class='ocr_line' id='line_1_4' title="bbox 239 534 2010 620; baseline 0.001 -20"><span class='ocrx_word' id='word_1_17' title='bbox 239 542 339 600; x_wconf 88' lang='lat' dir='ltr'><strong>lae</strong></span> <span class='ocrx_word' id='word_1_18' title='bbox 420 550 482 599; x_wconf 94' lang='lat' dir='ltr'><strong>et</strong></span> <span class='ocrx_word' id='word_1_19' title='bbox 552 538 861 615; x_wconf 85' lang='lat' dir='ltr'><strong>Phrygum</strong></span> <span class='ocrx_word' id='word_1_20' title='bbox 938 536 1249 595; x_wconf 87' lang='lat' dir='ltr'><strong>mentione</strong></span> <span class='ocrx_word' id='word_1_21' title='bbox 1324 534 1619 616; x_wconf 84' lang='lat' dir='ltr'><strong>Pegasum</strong></span> <span class='ocrx_word' id='word_1_22' title='bbox 1705 540 2010 620; x_wconf 82' lang='lat' dir='ltr'>quendam</span> 
     </span>
     <span class='ocr_line' id='line_1_5' title="bbox 240 632 2012 699; baseline 0 0"><span class='ocrx_word' id='word_1_23' title='bbox 240 640 744 699; x_wconf 88' lang='lat' dir='ltr'><strong>Eleutherensem</strong></span> <span class='ocrx_word' id='word_1_24' title='bbox 787 632 975 693; x_wconf 85' lang='lat' dir='ltr'><strong>refert</strong></span> <span class='ocrx_word' id='word_1_25' title='bbox 1017 651 1157 693; x_wconf 91' lang='lat' dir='ltr'><strong>cum</strong></span> <span class='ocrx_word' id='word_1_26' title='bbox 1200 632 1406 696; x_wconf 91' lang='lat' dir='ltr'><strong>Liberi</strong></span> <span class='ocrx_word' id='word_1_27' title='bbox 1449 639 1790 699; x_wconf 85' lang='lat' dir='ltr'><strong>simulacris</strong></span> <span class='ocrx_word' id='word_1_28' title='bbox 1823 638 2012 699; x_wconf 92' lang='lat' dir='ltr'><strong>Athe-</strong></span> 
     </span>
     <span class='ocr_line' id='line_1_6' title="bbox 240 730 2012 815; baseline -0.001 -15"><span class='ocrx_word' id='word_1_29' title='bbox 240 757 351 799; x_wconf 86' lang='lat' dir='ltr'><strong>nas</strong></span> <span class='ocrx_word' id='word_1_30' title='bbox 412 738 683 808; x_wconf 78' lang='lat' dir='ltr'><strong>venisse3</strong></span> <span class='ocrx_word' id='word_1_31' title='bbox 761 750 881 814; x_wconf 85' lang='lat' dir='ltr'><strong>quo</strong></span> <span class='ocrx_word' id='word_1_32' title='bbox 951 733 1144 810; x_wconf 89' lang='lat' dir='ltr'><strong>ejecto</strong></span> <span class='ocrx_word' id='word_1_33' title='bbox 1212 730 1397 794; x_wconf 92' lang='lat' dir='ltr'><strong>deum</strong></span> <span class='ocrx_word' id='word_1_34' title='bbox 1456 737 1684 815; x_wconf 86' lang='lat' dir='ltr'><strong>injuria</strong></span> <span class='ocrx_word' id='word_1_35' title='bbox 1745 757 2012 799; x_wconf 92' lang='lat' dir='ltr'><strong>commo-</strong></span> 
     </span>
     <span class='ocr_line' id='line_1_7' title="bbox 242 831 2014 902; baseline 0.001 -4"><span class='ocrx_word' id='word_1_36' title='bbox 242 849 372 897; x_wconf 89' lang='lat' dir='ltr'><strong>tum</strong></span> <span class='ocrx_word' id='word_1_37' title='bbox 443 832 920 895; x_wconf 87' lang='lat' dir='ltr'><strong>Atheniensibus</strong></span> <span class='ocrx_word' id='word_1_38' title='bbox 989 831 1274 892; x_wconf 88' lang='lat' dir='ltr'><strong>morbum</strong></span> <span class='ocrx_word' id='word_1_39' title='bbox 1351 835 1678 897; x_wconf 85' lang='lat' dir='ltr'><strong>incussisse</strong></span> <span class='ocrx_word' id='word_1_40' title='bbox 1742 839 2014 902; x_wconf 85' lang='lat' dir='ltr'><strong>verenda</strong></span> 
     </span>
     <span class='ocr_line' id='line_1_8' title="bbox 241 931 2014 1018; baseline 0.001 -21"><span class='ocrx_word' id='word_1_41' title='bbox 241 936 642 1017; x_wconf 86' lang='lat' dir='ltr'><strong>populantem</strong></span> <span class='ocrx_word' id='word_1_42' title='bbox 678 934 754 1013; x_wconf 60' lang='lat' dir='ltr'><strong>[³²a</strong></span> <span class='ocrx_word' id='word_1_43' title='bbox 797 975 813 1004; x_wconf 90' lang='lat'><strong><em>‚</em></strong></span> <span class='ocrx_word' id='word_1_44' title='bbox 873 931 1067 990; x_wconf 90' lang='lat' dir='ltr'><strong>donec</strong></span> <span class='ocrx_word' id='word_1_45' title='bbox 1125 933 1355 992; x_wconf 90' lang='lat' dir='ltr'><strong>oraculi</strong></span> <span class='ocrx_word' id='word_1_46' title='bbox 1390 934 1567 1011; x_wconf 88' lang='lat' dir='ltr'><strong>jussu</strong></span> <span class='ocrx_word' id='word_1_47' title='bbox 1611 937 1854 1016; x_wconf 90' lang='lat' dir='ltr'><strong>phallos</strong></span> <span class='ocrx_word' id='word_1_48' title='bbox 1899 958 2014 1018; x_wconf 92' lang='lat' dir='ltr'><strong>pu—</strong></span> 
     </span>
     <span class='ocr_line' id='line_1_9' title="bbox 241 1031 2015 1119; baseline 0.003 -23"><span class='ocrx_word' id='word_1_49' title='bbox 241 1038 397 1096; x_wconf 92' lang='lat' dir='ltr'><strong>blice</strong></span> <span class='ocrx_word' id='word_1_50' title='bbox 490 1034 904 1115; x_wconf 86' lang='lat' dir='ltr'><strong>privatimque</strong></span> <span class='ocrx_word' id='word_1_51' title='bbox 981 1031 1398 1093; x_wconf 86' lang='lat' dir='ltr'><strong>subrexissent</strong></span> <span class='ocrx_word' id='word_1_52' title='bbox 1472 1034 1812 1119; x_wconf 74' lang='grc' dir='ltr'><em>ὗπόμνημα</em></span> <span class='ocrx_word' id='word_1_53' title='bbox 1899 1046 2015 1101; x_wconf 83' lang='grc' dir='ltr'><strong>τοῦ</strong></span> 
     </span>
     <span class='ocr_line' id='line_1_10' title="bbox 241 1131 2015 1215; baseline -0.001 -16"><span class='ocrx_word' id='word_1_54' title='bbox 241 1136 490 1206; x_wconf 74' lang='grc' dir='ltr'><em>πάθους</em></span> <span class='ocrx_word' id='word_1_55' title='bbox 546 1131 940 1215; x_wconf 80' lang='grc' dir='ltr'><em>ποιούμενοι,</em></span> <span class='ocrx_word' id='word_1_56' title='bbox 1010 1132 1228 1211; x_wconf 81' lang='lat' dir='ltr'><strong>quibus</strong></span> <span class='ocrx_word' id='word_1_57' title='bbox 1286 1152 1442 1213; x_wconf 82' lang='lat' dir='ltr'><strong>quae</strong></span> <span class='ocrx_word' id='word_1_58' title='bbox 1495 1135 1775 1198; x_wconf 81' lang='lat' dir='ltr'><strong>Eudocia</strong></span> <span class='ocrx_word' id='word_1_59' title='bbox 1839 1134 2015 1198; x_wconf 82' lang='lat' dir='ltr'><strong>addit</strong></span> 
     </span>
     <span class='ocr_line' id='line_1_11' title="bbox 240 1232 2013 1324; baseline 0.003 -30"><span class='ocrx_word' id='word_1_60' title='bbox 240 1257 300 1315; x_wconf 92' lang='lat' dir='ltr'><strong>p.</strong></span> <span class='ocrx_word' id='word_1_61' title='bbox 362 1235 500 1295; x_wconf 87' lang='lat'><strong>124.</strong></span> <span class='ocrx_word' id='word_1_62' title='bbox 570 1236 742 1297; x_wconf 83' lang='grc' dir='ltr'><em>ἄλλοι</em></span> <span class='ocrx_word' id='word_1_63' title='bbox 807 1232 884 1294; x_wconf 75' lang='grc' dir='ltr'><strong>δέ</strong></span> <span class='ocrx_word' id='word_1_64' title='bbox 943 1253 1138 1314; x_wconf 83' lang='grc' dir='ltr'><em>φασιν</em></span> <span class='ocrx_word' id='word_1_65' title='bbox 1195 1234 1291 1294; x_wconf 80' lang='grc' dir='ltr'><strong>ὅτι</strong></span> <span class='ocrx_word' id='word_1_66' title='bbox 1346 1232 1580 1318; x_wconf 79' lang='grc' dir='ltr'><em>ἆσύρης</em></span> <span class='ocrx_word' id='word_1_67' title='bbox 1635 1239 1773 1319; x_wconf 88' lang='lat' dir='ltr'><strong>(scr.</strong></span> <span class='ocrx_word' id='word_1_68' title='bbox 1817 1235 2013 1324; x_wconf 77' lang='grc' dir='ltr'><em>ἀγύρ-</em></span> 
     </span>
     <span class='ocr_line' id='line_1_12' title="bbox 240 1330 2014 1417; baseline 0.002 -20"><span class='ocrx_word' id='word_1_69' title='bbox 240 1334 374 1414; x_wconf 83' lang='grc' dir='ltr'><strong>της)</strong></span> <span class='ocrx_word' id='word_1_70' title='bbox 427 1359 519 1403; x_wconf 85' lang='grc' dir='ltr'><strong>τις</strong></span> <span class='ocrx_word' id='word_1_71' title='bbox 573 1330 652 1411; x_wconf 77' lang='grc' dir='ltr'><strong>ἦν</strong></span> <span class='ocrx_word' id='word_1_72' title='bbox 696 1331 939 1394; x_wconf 70' lang='grc' dir='ltr'><em>αἰδοῖον</em></span> <span class='ocrx_word' id='word_1_73' title='bbox 985 1334 1142 1410; x_wconf 73' lang='grc' dir='ltr'><em>ἔχων</em></span> <span class='ocrx_word' id='word_1_74' title='bbox 1185 1333 1446 1415; x_wconf 72' lang='grc' dir='ltr'><em>αἰσχρὸν</em></span> <span class='ocrx_word' id='word_1_75' title='bbox 1487 1335 1592 1397; x_wconf 82' lang='grc' dir='ltr'><strong>καὶ</strong></span> <span class='ocrx_word' id='word_1_76' title='bbox 1634 1338 1748 1416; x_wconf 73' lang='grc' dir='ltr'><strong>οὐχ</strong></span> <span class='ocrx_word' id='word_1_77' title='bbox 1793 1338 1826 1400; x_wconf 83' lang='grc' dir='ltr'><strong><em>ὅ</em></strong></span> <span class='ocrx_word' id='word_1_78' title='bbox 1873 1335 2014 1417; x_wconf 81' lang='grc' dir='ltr'><strong>Πή-</strong></span> 
     </span>
     <span class='ocr_line' id='line_1_13' title="bbox 238 1431 2013 1520; baseline 0.004 -30"><span class='ocrx_word' id='word_1_79' title='bbox 238 1455 461 1520; x_wconf 68' lang='grc' dir='ltr'><em>γασος,</em></span> <span class='ocrx_word' id='word_1_80' title='bbox 555 1449 630 1490; x_wconf 87' lang='lat' dir='ltr'><strong>ex</strong></span> <span class='ocrx_word' id='word_1_81' title='bbox 709 1431 1014 1510; x_wconf 87' lang='lat' dir='ltr'><strong>superiori</strong></span> <span class='ocrx_word' id='word_1_82' title='bbox 1083 1432 1435 1489; x_wconf 89' lang='lat' dir='ltr'><strong>narratione</strong></span> <span class='ocrx_word' id='word_1_83' title='bbox 1504 1433 1786 1495; x_wconf 87' lang='lat' dir='ltr'><strong>derivata</strong></span> <span class='ocrx_word' id='word_1_84' title='bbox 1854 1447 2013 1496; x_wconf 90' lang='lat' dir='ltr'><strong>sunt.</strong></span> 
     </span>
     <span class='ocr_line' id='line_1_14' title="bbox 239 1529 2015 1610; baseline 0.002 -17"><span class='ocrx_word' id='word_1_85' title='bbox 239 1535 336 1593; x_wconf 93' lang='lat' dir='ltr'><strong>De</strong></span> <span class='ocrx_word' id='word_1_86' title='bbox 380 1533 595 1610; x_wconf 87' lang='lat' dir='ltr'><strong>Pegasi</strong></span> <span class='ocrx_word' id='word_1_87' title='bbox 638 1529 912 1590; x_wconf 90' lang='lat' dir='ltr'><strong>adventu</strong></span> <span class='ocrx_word' id='word_1_88' title='bbox 956 1530 1257 1589; x_wconf 87' lang='lat' dir='ltr'><strong>consentit</strong></span> <span class='ocrx_word' id='word_1_89' title='bbox 1299 1529 1634 1592; x_wconf 87' lang='lat' dir='ltr'><strong>Pausanias</strong></span> <span class='ocrx_word' id='word_1_90' title='bbox 1668 1535 1715 1593; x_wconf 91' lang='lat' dir='ltr'><strong>I.</strong></span> <span class='ocrx_word' id='word_1_91' title='bbox 1749 1533 1851 1596; x_wconf 91' lang='grc'><strong>21.</strong></span> <span class='ocrx_word' id='word_1_92' title='bbox 1894 1537 2015 1596; x_wconf 90' lang='lat' dir='ltr'><strong>nisi</strong></span> 
     </span>
     <span class='ocr_line' id='line_1_15' title="bbox 238 1629 2015 1714; baseline 0.002 -21"><span class='ocrx_word' id='word_1_93' title='bbox 238 1632 404 1714; x_wconf 90' lang='lat' dir='ltr'><strong>quod</strong></span> <span class='ocrx_word' id='word_1_94' title='bbox 480 1631 766 1692; x_wconf 88' lang='lat' dir='ltr'><strong>morbum</strong></span> <span class='ocrx_word' id='word_1_95' title='bbox 849 1629 1219 1690; x_wconf 91' lang='lat' dir='ltr'><strong>obscoenum</strong></span> <span class='ocrx_word' id='word_1_96' title='bbox 1304 1640 1366 1690; x_wconf 89' lang='lat' dir='ltr'><strong>et</strong></span> <span class='ocrx_word' id='word_1_97' title='bbox 1443 1632 1688 1711; x_wconf 85' lang='lat' dir='ltr'><strong>phallos</strong></span> <span class='ocrx_word' id='word_1_98' title='bbox 1763 1637 2015 1709; x_wconf 90' lang='lat' dir='ltr'><strong>omittit,</strong></span> 
     </span>
     <span class='ocr_line' id='line_1_16' title="bbox 236 1728 2015 1812; baseline 0.002 -19"><span class='ocrx_word' id='word_1_99' title='bbox 236 1733 646 1812; x_wconf 88' lang='lat' dir='ltr'><strong>Pythiamque</strong></span> <span class='ocrx_word' id='word_1_100' title='bbox 691 1731 840 1790; x_wconf 89' lang='lat' dir='ltr'><strong>dicit</strong></span> <span class='ocrx_word' id='word_1_101' title='bbox 882 1728 1393 1804; x_wconf 83' lang='lat' dir='ltr'><strong>Atheniensibus,</strong></span> <span class='ocrx_word' id='word_1_102' title='bbox 1450 1735 1777 1812; x_wconf 88' lang='lat' dir='ltr'><strong>quominus</strong></span> <span class='ocrx_word' id='word_1_103' title='bbox 1822 1754 1862 1795; x_wconf 90' lang='lat' dir='ltr'><strong>a</strong></span> <span class='ocrx_word' id='word_1_104' title='bbox 1904 1736 2015 1795; x_wconf 91' lang='lat' dir='ltr'><strong>Pe-</strong></span> 
     </span>
     <span class='ocr_line' id='line_1_17' title="bbox 236 1830 2017 1916; baseline 0.002 -24"><span class='ocrx_word' id='word_1_105' title='bbox 236 1835 367 1911; x_wconf 91' lang='lat' dir='ltr'><strong>gasi</strong></span> <span class='ocrx_word' id='word_1_106' title='bbox 427 1834 615 1892; x_wconf 89' lang='lat' dir='ltr'><strong>sacris</strong></span> <span class='ocrx_word' id='word_1_107' title='bbox 672 1831 1099 1903; x_wconf 86' lang='lat' dir='ltr'><strong>abhorrerent,</strong></span> <span class='ocrx_word' id='word_1_108' title='bbox 1168 1842 1348 1892; x_wconf 88' lang='lat' dir='ltr'><strong>vetus</strong></span> <span class='ocrx_word' id='word_1_109' title='bbox 1409 1830 1509 1893; x_wconf 91' lang='lat' dir='ltr'><strong>dei</strong></span> <span class='ocrx_word' id='word_1_110' title='bbox 1550 1835 1890 1916; x_wconf 84' lang='lat' dir='ltr'><strong>hospitium</strong></span> <span class='ocrx_word' id='word_1_111' title='bbox 1934 1834 2017 1896; x_wconf 91' lang='lat' dir='ltr'><strong>ad</strong></span> 
     </span>
     <span class='ocr_line' id='line_1_18' title="bbox 234 1931 2013 2011; baseline 0.001 -18"><span class='ocrx_word' id='word_1_112' title='bbox 234 1934 493 1993; x_wconf 88' lang='lat' dir='ltr'><strong>Icarium</strong></span> <span class='ocrx_word' id='word_1_113' title='bbox 533 1931 778 1994; x_wconf 87' lang='lat' dir='ltr'><strong>deversi</strong></span> <span class='ocrx_word' id='word_1_114' title='bbox 809 1933 875 1989; x_wconf 91' lang='lat' dir='ltr'><strong>in</strong></span> <span class='ocrx_word' id='word_1_115' title='bbox 897 1932 1263 1991; x_wconf 90' lang='lat' dir='ltr'><strong>memoriam</strong></span> <span class='ocrx_word' id='word_1_116' title='bbox 1287 1931 1608 2011; x_wconf 86' lang='lat' dir='ltr'><strong>redegisse.</strong></span> <span class='ocrx_word' id='word_1_117' title='bbox 1654 1934 1779 1997; x_wconf 85' lang='lat' dir='ltr'><strong>Sed</strong></span> <span class='ocrx_word' id='word_1_118' title='bbox 1809 1934 2013 1996; x_wconf 86' lang='lat' dir='ltr'><strong>Schol.</strong></span> 
     </span>
    </p>
   </div>
   <div class='ocr_carea' id='block_1_3' title="bbox 145 2028 2012 2116">
    <p class='ocr_par' dir='ltr' id='par_1_3' title="bbox 145 2028 2012 2116">
     <span class='ocr_line' id='line_1_19' title="bbox 145 2028 2012 2116; baseline 0.002 -22"><span class='ocrx_word' id='word_1_119' title='bbox 145 2090 148 2094; x_wconf 88' lang='lat'><strong>.</strong></span> <span class='ocrx_word' id='word_1_120' title='bbox 233 2032 484 2093; x_wconf 92' lang='lat' dir='ltr'><strong>Lucian.</strong></span> <span class='ocrx_word' id='word_1_121' title='bbox 551 2032 739 2094; x_wconf 88' lang='lat' dir='ltr'><strong>Deor.</strong></span> <span class='ocrx_word' id='word_1_122' title='bbox 810 2028 992 2092; x_wconf 89' lang='lat' dir='ltr'><strong>Conc.</strong></span> <span class='ocrx_word' id='word_1_123' title='bbox 1061 2032 1133 2091; x_wconf 89' lang='lat' dir='ltr'><strong>V.</strong></span> <span class='ocrx_word' id='word_1_124' title='bbox 1195 2032 1332 2093; x_wconf 86' lang='lat'><strong>182.</strong></span> <span class='ocrx_word' id='word_1_125' title='bbox 1389 2032 1459 2093; x_wconf 93' lang='grc' dir='ltr'><strong>Τ.</strong></span> <span class='ocrx_word' id='word_1_126' title='bbox 1515 2032 1623 2093; x_wconf 91' lang='grc' dir='ltr'><strong>ΙΧ.</strong></span> <span class='ocrx_word' id='word_1_127' title='bbox 1681 2034 1771 2096; x_wconf 87' lang='lat' dir='ltr'><strong>ob.</strong></span> <span class='ocrx_word' id='word_1_128' title='bbox 1814 2037 2012 2116; x_wconf 89' lang='lat' dir='ltr'><strong>ipsius</strong></span> 
     </span>
    </p>
   </div>
   <div class='ocr_carea' id='block_1_4' title="bbox 229 2215 2053 3271">
    <p class='ocr_par' dir='ltr' id='par_1_4' title="bbox 229 2215 2053 3271">
     <span class='ocr_line' id='line_1_20' title="bbox 236 2215 2013 2278; baseline 0 -16"><span class='ocrx_word' id='word_1_129' title='bbox 236 2215 443 2275; x_wconf 80' lang='grc' dir='ltr'><em>Γάλλων,</em></span> <span class='ocrx_word' id='word_1_130' title='bbox 490 2217 670 2261; x_wconf 81' lang='lat' dir='ltr'><strong>Vossius</strong></span> <span class='ocrx_word' id='word_1_131' title='bbox 698 2215 761 2261; x_wconf 78' lang='lat' dir='ltr'><strong>ad</strong></span> <span class='ocrx_word' id='word_1_132' title='bbox 785 2217 946 2262; x_wconf 79' lang='lat' dir='ltr'><strong>catull.</strong></span> <span class='ocrx_word' id='word_1_133' title='bbox 975 2232 1018 2275; x_wconf 88' lang='lat' dir='ltr'><strong>p.</strong></span> <span class='ocrx_word' id='word_1_134' title='bbox 1051 2217 1148 2262; x_wconf 79' lang='lat'><strong>163.</strong></span> <span class='ocrx_word' id='word_1_135' title='bbox 1178 2218 1404 2263; x_wconf 87' lang='lat' dir='ltr'><strong>substituit</strong></span> <span class='ocrx_word' id='word_1_136' title='bbox 1431 2216 1600 2276; x_wconf 82' lang='grc' dir='ltr'><em>κήλων,</em></span> <span class='ocrx_word' id='word_1_137' title='bbox 1643 2220 1855 2278; x_wconf 75' lang='lat' dir='ltr'><strong>probante</strong></span> <span class='ocrx_word' id='word_1_138' title='bbox 1882 2220 2013 2262; x_wconf 85' lang='lat' dir='ltr'><strong>Wes-</strong></span> 
     </span>
     <span class='ocr_line' id='line_1_21' title="bbox 235 2276 2011 2336; baseline 0.001 -17"><span class='ocrx_word' id='word_1_139' title='bbox 235 2277 417 2333; x_wconf 84' lang='lat' dir='ltr'><strong>selingio</strong></span> <span class='ocrx_word' id='word_1_140' title='bbox 462 2277 519 2319; x_wconf 85' lang='lat' dir='ltr'><strong>ad</strong></span> <span class='ocrx_word' id='word_1_141' title='bbox 560 2277 709 2319; x_wconf 85' lang='lat' dir='ltr'><strong>Itiner.</strong></span> <span class='ocrx_word' id='word_1_142' title='bbox 751 2292 792 2335; x_wconf 89' lang='lat' dir='ltr'><strong>p.</strong></span> <span class='ocrx_word' id='word_1_143' title='bbox 826 2276 924 2324; x_wconf 85' lang='lat'><strong>146.</strong></span> <span class='ocrx_word' id='word_1_144' title='bbox 954 2285 999 2320; x_wconf 91' lang='lat' dir='ltr'><strong>et</strong></span> <span class='ocrx_word' id='word_1_145' title='bbox 1030 2277 1225 2321; x_wconf 88' lang='lat' dir='ltr'><strong>Gesnero</strong></span> <span class='ocrx_word' id='word_1_146' title='bbox 1257 2279 1313 2321; x_wconf 90' lang='lat' dir='ltr'><strong>ad</strong></span> <span class='ocrx_word' id='word_1_147' title='bbox 1345 2279 1570 2321; x_wconf 84' lang='lat' dir='ltr'><strong>Claudian.</strong></span> <span class='ocrx_word' id='word_1_148' title='bbox 1599 2278 1652 2321; x_wconf 88' lang='lat' dir='ltr'><strong>L.</strong></span> <span class='ocrx_word' id='word_1_149' title='bbox 1684 2279 1723 2322; x_wconf 82' lang='grc' dir='ltr'><strong>Ι.</strong></span> <span class='ocrx_word' id='word_1_150' title='bbox 1752 2280 1797 2321; x_wconf 92' lang='lat' dir='ltr'><strong>in</strong></span> <span class='ocrx_word' id='word_1_151' title='bbox 1827 2278 2011 2336; x_wconf 86' lang='lat' dir='ltr'><strong>Eutrop.</strong></span> 
     </span>
     <span class='ocr_line' id='line_1_22' title="bbox 233 2335 2012 2394; baseline 0 -15"><span class='ocrx_word' id='word_1_152' title='bbox 233 2335 334 2379; x_wconf 79' lang='grc'><strong>277.</strong></span> <span class='ocrx_word' id='word_1_153' title='bbox 379 2335 451 2391; x_wconf 89' lang='lat' dir='ltr'><strong>qui</strong></span> <span class='ocrx_word' id='word_1_154' title='bbox 490 2335 556 2378; x_wconf 86' lang='lat' dir='ltr'><strong>illi</strong></span> <span class='ocrx_word' id='word_1_155' title='bbox 598 2337 830 2390; x_wconf 82' lang='lat' dir='ltr'><strong>consentit,</strong></span> <span class='ocrx_word' id='word_1_156' title='bbox 892 2337 1147 2380; x_wconf 86' lang='lat' dir='ltr'><strong>fabulam</strong></span> <span class='ocrx_word' id='word_1_157' title='bbox 1186 2337 1247 2380; x_wconf 90' lang='lat' dir='ltr'><strong>de</strong></span> <span class='ocrx_word' id='word_1_158' title='bbox 1294 2337 1330 2379; x_wconf 88' lang='lat' dir='ltr'>C</span> <span class='ocrx_word' id='word_1_159' title='bbox 1344 2337 1511 2394; x_wconf 85' lang='lat' dir='ltr'><strong>ybele</strong></span> <span class='ocrx_word' id='word_1_160' title='bbox 1553 2341 1607 2380; x_wconf 85' lang='lat' dir='ltr'><strong>et</strong></span> <span class='ocrx_word' id='word_1_161' title='bbox 1646 2338 1845 2391; x_wconf 79' lang='lat' dir='ltr'><strong>Attine</strong></span> <span class='ocrx_word' id='word_1_162' title='bbox 1887 2338 1971 2381; x_wconf 84' lang='lat' dir='ltr'><strong>siv</strong></span> <span class='ocrx_word' id='word_1_163' title='bbox 1985 2352 2012 2379; x_wconf 89' lang='lat' dir='ltr'><strong>e</strong></span> 
     </span>
     <span class='ocr_line' id='line_1_23' title="bbox 234 2394 2011 2453; baseline 0.002 -18"><span class='ocrx_word' id='word_1_164' title='bbox 234 2395 379 2448; x_wconf 82' lang='lat' dir='ltr'><strong>Atye</strong></span> <span class='ocrx_word' id='word_1_165' title='bbox 420 2398 477 2436; x_wconf 90' lang='lat' dir='ltr'><strong>et</strong></span> <span class='ocrx_word' id='word_1_166' title='bbox 522 2394 715 2437; x_wconf 88' lang='lat' dir='ltr'><strong>Gallis</strong></span> <span class='ocrx_word' id='word_1_167' title='bbox 755 2396 1137 2439; x_wconf 87' lang='lat' dir='ltr'><strong>recentiorem</strong></span> <span class='ocrx_word' id='word_1_168' title='bbox 1176 2411 1302 2438; x_wconf 88' lang='lat' dir='ltr'><strong>esse</strong></span> <span class='ocrx_word' id='word_1_169' title='bbox 1333 2402 1388 2439; x_wconf 93' lang='lat' dir='ltr'><strong>et</strong></span> <span class='ocrx_word' id='word_1_170' title='bbox 1416 2410 1443 2438; x_wconf 89' lang='lat' dir='ltr'><strong>a</strong></span> <span class='ocrx_word' id='word_1_171' title='bbox 1473 2396 1892 2453; x_wconf 87' lang='lat' dir='ltr'><strong>Gallograecis</strong></span> <span class='ocrx_word' id='word_1_172' title='bbox 1921 2395 2011 2439; x_wconf 86' lang='lat' dir='ltr'><strong>de-</strong></span> 
     </span>
     <span class='ocr_line' id='line_1_24' title="bbox 234 2453 2011 2512; baseline 0.002 -18"><span class='ocrx_word' id='word_1_173' title='bbox 234 2465 275 2494; x_wconf 90' lang='lat' dir='ltr'><strong>m</strong></span> <span class='ocrx_word' id='word_1_174' title='bbox 286 2465 313 2492; x_wconf 92' lang='lat' dir='ltr'><strong>u</strong></span> <span class='ocrx_word' id='word_1_175' title='bbox 325 2466 366 2493; x_wconf 90' lang='lat' dir='ltr'><strong>m</strong></span> <span class='ocrx_word' id='word_1_176' title='bbox 396 2465 420 2492; x_wconf 93' lang='lat' dir='ltr'><strong>o</strong></span> <span class='ocrx_word' id='word_1_177' title='bbox 433 2466 456 2492; x_wconf 89' lang='lat' dir='ltr'><strong>r</strong></span> <span class='ocrx_word' id='word_1_178' title='bbox 469 2457 488 2493; x_wconf 92' lang='lat' dir='ltr'><strong>t</strong></span> <span class='ocrx_word' id='word_1_179' title='bbox 500 2466 526 2493; x_wconf 92' lang='lat' dir='ltr'><strong>a</strong></span> <span class='ocrx_word' id='word_1_180' title='bbox 536 2466 592 2494; x_wconf 88' lang='lat' dir='ltr'><strong>m.</strong></span> <span class='ocrx_word' id='word_1_181' title='bbox 649 2453 844 2509; x_wconf 85' lang='lat' dir='ltr'><strong>Eamque</strong></span> <span class='ocrx_word' id='word_1_182' title='bbox 875 2454 930 2497; x_wconf 93' lang='lat' dir='ltr'><strong>ob</strong></span> <span class='ocrx_word' id='word_1_183' title='bbox 959 2469 1131 2498; x_wconf 83' lang='lat' dir='ltr'><strong>causam</strong></span> <span class='ocrx_word' id='word_1_184' title='bbox 1160 2454 1362 2498; x_wconf 85' lang='lat' dir='ltr'><strong>Reiskius</strong></span> <span class='ocrx_word' id='word_1_185' title='bbox 1392 2453 1634 2497; x_wconf 69' lang='lat' dir='ltr'><strong>Simonidis·</strong></span> <span class='ocrx_word' id='word_1_186' title='bbox 1645 2454 1926 2512; x_wconf 81' lang='lat' dir='ltr'><strong>Epigramma</strong></span> <span class='ocrx_word' id='word_1_187' title='bbox 1955 2454 2011 2498; x_wconf 78' lang='lat' dir='ltr'><strong>(le</strong></span> 
     </span>
     <span class='ocr_line' id='line_1_25' title="bbox 235 2509 2010 2572; baseline 0.003 -21"><span class='ocrx_word' id='word_1_188' title='bbox 235 2509 366 2551; x_wconf 84' lang='lat' dir='ltr'><strong>Gallo</strong></span> <span class='ocrx_word' id='word_1_189' title='bbox 405 2514 449 2551; x_wconf 91' lang='lat' dir='ltr'><strong>et</strong></span> <span class='ocrx_word' id='word_1_190' title='bbox 488 2509 612 2551; x_wconf 89' lang='lat' dir='ltr'><strong>leone</strong></span> <span class='ocrx_word' id='word_1_191' title='bbox 651 2512 788 2554; x_wconf 83' lang='lat' dir='ltr'><strong>veteri</strong></span> <span class='ocrx_word' id='word_1_192' title='bbox 829 2513 919 2554; x_wconf 88' lang='lat' dir='ltr'><strong>Ceo</strong></span> <span class='ocrx_word' id='word_1_193' title='bbox 961 2514 1196 2569; x_wconf 82' lang='lat' dir='ltr'><strong>abjudicat.</strong></span> <span class='ocrx_word' id='word_1_194' title='bbox 1235 2516 1289 2556; x_wconf 88' lang='lat' dir='ltr'><strong>cf.</strong></span> <span class='ocrx_word' id='word_1_195' title='bbox 1322 2514 1484 2556; x_wconf 77' lang='lat' dir='ltr'><strong>GoenS.</strong></span> <span class='ocrx_word' id='word_1_196' title='bbox 1515 2514 1569 2557; x_wconf 86' lang='lat' dir='ltr'><strong>de</strong></span> <span class='ocrx_word' id='word_1_197' title='bbox 1598 2513 1758 2566; x_wconf 88' lang='lat' dir='ltr'><strong>Simon.</strong></span> <span class='ocrx_word' id='word_1_198' title='bbox 1788 2530 1831 2572; x_wconf 90' lang='lat' dir='ltr'><strong>p.</strong></span> <span class='ocrx_word' id='word_1_199' title='bbox 1861 2513 1933 2569; x_wconf 85' lang='grc'><strong>35.</strong></span> <span class='ocrx_word' id='word_1_200' title='bbox 1965 2518 2010 2556; x_wconf 80' lang='lat' dir='ltr'><strong>et</strong></span> 
     </span>
     <span class='ocr_line' id='line_1_26' title="bbox 232 2567 2011 2628; baseline 0.002 -18"><span class='ocrx_word' id='word_1_201' title='bbox 232 2567 393 2610; x_wconf 85' lang='lat' dir='ltr'><strong>Jacobs</strong></span> <span class='ocrx_word' id='word_1_202' title='bbox 435 2567 490 2609; x_wconf 87' lang='lat' dir='ltr'><strong>ad</strong></span> <span class='ocrx_word' id='word_1_203' title='bbox 531 2567 704 2609; x_wconf 82' lang='lat' dir='ltr'><strong>Anthol.</strong></span> <span class='ocrx_word' id='word_1_204' title='bbox 735 2569 794 2614; x_wconf 89' lang='lat' dir='ltr'><strong>T.</strong></span> <span class='ocrx_word' id='word_1_205' title='bbox 824 2570 860 2611; x_wconf 93' lang='grc' dir='ltr'><strong>Ι.</strong></span> <span class='ocrx_word' id='word_1_206' title='bbox 889 2571 990 2615; x_wconf 81' lang='grc'><strong>271.</strong></span> <span class='ocrx_word' id='word_1_207' title='bbox 1031 2570 1129 2614; x_wconf 82' lang='grc' dir='ltr'><strong>Ηοο</strong></span> <span class='ocrx_word' id='word_1_208' title='bbox 1158 2572 1420 2628; x_wconf 85' lang='lat' dir='ltr'><strong>epigramma</strong></span> <span class='ocrx_word' id='word_1_209' title='bbox 1450 2573 1523 2628; x_wconf 92' lang='lat' dir='ltr'><strong>qui</strong></span> <span class='ocrx_word' id='word_1_210' title='bbox 1554 2577 1657 2614; x_wconf 86' lang='lat' dir='ltr'><strong>ante</strong></span> <span class='ocrx_word' id='word_1_211' title='bbox 1684 2571 1829 2614; x_wconf 85' lang='lat' dir='ltr'><strong>oculos</strong></span> <span class='ocrx_word' id='word_1_212' title='bbox 1859 2570 2011 2614; x_wconf 79' lang='lat' dir='ltr'><strong>habuit</strong></span> 
     </span>
     <span class='ocr_line' id='line_1_27' title="bbox 234 2623 2007 2690; baseline 0.002 -22"><span class='ocrx_word' id='word_1_213' title='bbox 234 2626 440 2678; x_wconf 87' lang='lat' dir='ltr'><strong>Photius,</strong></span> <span class='ocrx_word' id='word_1_214' title='bbox 479 2639 632 2668; x_wconf 90' lang='lat' dir='ltr'><strong>nomen</strong></span> <span class='ocrx_word' id='word_1_215' title='bbox 672 2623 842 2675; x_wconf 80' lang='grc' dir='ltr'><em>Γάλλος</em></span> <span class='ocrx_word' id='word_1_216' title='bbox 880 2628 924 2669; x_wconf 88' lang='lat' dir='ltr'><strong>in</strong></span> <span class='ocrx_word' id='word_1_217' title='bbox 953 2643 1033 2670; x_wconf 91' lang='lat' dir='ltr'><strong>usu</strong></span> <span class='ocrx_word' id='word_1_218' title='bbox 1063 2644 1212 2671; x_wconf 88' lang='lat' dir='ltr'><strong>recens</strong></span> <span class='ocrx_word' id='word_1_219' title='bbox 1242 2644 1336 2671; x_wconf 88' lang='lat' dir='ltr'><strong>esse</strong></span> <span class='ocrx_word' id='word_1_220' title='bbox 1365 2631 1606 2686; x_wconf 80' lang='lat' dir='ltr'><strong>significat:</strong></span> <span class='ocrx_word' id='word_1_221' title='bbox 1629 2627 1847 2684; x_wconf 74' lang='grc' dir='ltr'><em>,Κύβηβον</em></span> <span class='ocrx_word' id='word_1_222' title='bbox 1874 2634 2007 2690; x_wconf 83' lang='grc' dir='ltr'><strong><em>Κρα-</em></strong></span> 
     </span>
     <span class='ocr_line' id='line_1_28' title="bbox 234 2680 2008 2746; baseline 0.002 -19"><span class='ocrx_word' id='word_1_223' title='bbox 234 2688 354 2733; x_wconf 84' lang='grc' dir='ltr'><em>τῖνος</em></span> <span class='ocrx_word' id='word_1_224' title='bbox 387 2680 605 2744; x_wconf 79' lang='grc' dir='ltr'><strong><em>Θρᾴτταις</em></strong></span> <span class='ocrx_word' id='word_1_225' title='bbox 631 2682 711 2727; x_wconf 81' lang='grc' dir='ltr'><strong>τὸν</strong></span> <span class='ocrx_word' id='word_1_226' title='bbox 739 2681 1026 2744; x_wconf 72' lang='grc' dir='ltr'><em>θεοφόρητον</em></span> <span class='ocrx_word' id='word_1_227' title='bbox 1038 2699 1049 2709; x_wconf 92' lang='grc'>·</span> <span class='ocrx_word' id='word_1_228' title='bbox 1071 2682 1220 2735; x_wconf 75' lang='grc' dir='ltr'><em>Ἴωνες</em></span> <span class='ocrx_word' id='word_1_229' title='bbox 1250 2687 1300 2730; x_wconf 77' lang='grc' dir='ltr'><strong>δὲ</strong></span> <span class='ocrx_word' id='word_1_230' title='bbox 1330 2685 1408 2730; x_wconf 78' lang='grc' dir='ltr'><strong>τὸν</strong></span> <span class='ocrx_word' id='word_1_231' title='bbox 1434 2683 1753 2746; x_wconf 80' lang='grc' dir='ltr'><em>μητραγύρτην</em></span> <span class='ocrx_word' id='word_1_232' title='bbox 1781 2689 1858 2731; x_wconf 79' lang='grc' dir='ltr'><strong>καὶ</strong></span> <span class='ocrx_word' id='word_1_233' title='bbox 1885 2685 2008 2731; x_wconf 79' lang='grc' dir='ltr'><em>Γάλ-</em></span> 
     </span>
     <span class='ocr_line' id='line_1_29' title="bbox 232 2739 2006 2803; baseline 0.002 -19"><span class='ocrx_word' id='word_1_234' title='bbox 232 2744 315 2786; x_wconf 89' lang='grc' dir='ltr'><strong>λον</strong></span> <span class='ocrx_word' id='word_1_235' title='bbox 342 2744 427 2786; x_wconf 83' lang='grc' dir='ltr'><strong>νῦν</strong></span> <span class='ocrx_word' id='word_1_236' title='bbox 456 2739 737 2800; x_wconf 85' lang='grc' dir='ltr'><em>καλούμενον</em></span> <span class='ocrx_word' id='word_1_237' title='bbox 750 2756 762 2767; x_wconf 88' lang='grc'><em>·</em></span> <span class='ocrx_word' id='word_1_238' title='bbox 795 2744 934 2793; x_wconf 78' lang='grc' dir='ltr'><em>οὕτως</em></span> <span class='ocrx_word' id='word_1_239' title='bbox 961 2745 1233 2802; x_wconf 74' lang='grc' dir='ltr'><strong>Σιμωνίδης.</strong></span> <span class='ocrx_word' id='word_1_240' title='bbox 1292 2745 1561 2800; x_wconf 82' lang='lat' dir='ltr'><strong>Phrynichus</strong></span> <span class='ocrx_word' id='word_1_241' title='bbox 1590 2759 1632 2801; x_wconf 88' lang='lat' dir='ltr'><strong>p.</strong></span> <span class='ocrx_word' id='word_1_242' title='bbox 1646 2749 1653 2792; x_wconf 64' lang='grc' dir='ltr'>ᾗ</span> <span class='ocrx_word' id='word_1_243' title='bbox 1671 2746 1770 2788; x_wconf 75' lang='grc'><strong>272.</strong></span> <span class='ocrx_word' id='word_1_244' title='bbox 1800 2747 2006 2803; x_wconf 83' lang='lat' dir='ltr'><strong>Bithynis</strong></span> 
     </span>
     <span class='ocr_line' id='line_1_30' title="bbox 232 2801 2006 2861; baseline 0.003 -19"><span class='ocrx_word' id='word_1_245' title='bbox 232 2804 279 2843; x_wconf 91' lang='lat' dir='ltr'><strong>et</strong></span> <span class='ocrx_word' id='word_1_246' title='bbox 306 2801 477 2844; x_wconf 85' lang='lat' dir='ltr'><strong>Asianis</strong></span> <span class='ocrx_word' id='word_1_247' title='bbox 507 2801 736 2855; x_wconf 84' lang='lat' dir='ltr'><strong>adscribit,</strong></span> <span class='ocrx_word' id='word_1_248' title='bbox 781 2817 864 2859; x_wconf 91' lang='lat' dir='ltr'><strong>quo</strong></span> <span class='ocrx_word' id='word_1_249' title='bbox 908 2809 1083 2846; x_wconf 86' lang='lat' dir='ltr'><strong>auctore</strong></span> <span class='ocrx_word' id='word_1_250' title='bbox 1115 2803 1394 2846; x_wconf 82' lang='lat' dir='ltr'><strong>casaubonus</strong></span> <span class='ocrx_word' id='word_1_251' title='bbox 1425 2803 1481 2846; x_wconf 87' lang='lat' dir='ltr'><strong>ad</strong></span> <span class='ocrx_word' id='word_1_252' title='bbox 1512 2803 1732 2860; x_wconf 87' lang='lat' dir='ltr'><strong>Lamprid.</strong></span> <span class='ocrx_word' id='word_1_253' title='bbox 1762 2804 1935 2861; x_wconf 88' lang='lat' dir='ltr'><strong>Heliog.</strong></span> <span class='ocrx_word' id='word_1_254' title='bbox 1967 2820 2006 2847; x_wconf 87' lang='lat' dir='ltr'><strong>c.</strong></span> 
     </span>
     <span class='ocr_line' id='line_1_31' title="bbox 231 2859 2006 2919; baseline 0.002 -17"><span class='ocrx_word' id='word_1_255' title='bbox 231 2859 332 2902; x_wconf 91' lang='lat' dir='ltr'><strong>VII.</strong></span> <span class='ocrx_word' id='word_1_256' title='bbox 362 2859 461 2903; x_wconf 89' lang='grc'><strong>806.</strong></span> <span class='ocrx_word' id='word_1_257' title='bbox 491 2860 598 2903; x_wconf 90' lang='lat' dir='ltr'><strong>haec</strong></span> <span class='ocrx_word' id='word_1_258' title='bbox 627 2861 835 2904; x_wconf 83' lang='lat' dir='ltr'><strong>adnotat:</strong></span> <span class='ocrx_word' id='word_1_259' title='bbox 877 2861 914 2903; x_wconf 92' lang='lat' dir='ltr'><strong>P</strong></span> <span class='ocrx_word' id='word_1_260' title='bbox 929 2875 1182 2918; x_wconf 88' lang='lat' dir='ltr'><strong>erperam</strong></span> <span class='ocrx_word' id='word_1_261' title='bbox 1210 2862 1383 2918; x_wconf 86' lang='lat' dir='ltr'><strong>vulgo</strong></span> <span class='ocrx_word' id='word_1_262' title='bbox 1413 2876 1513 2919; x_wconf 87' lang='lat' dir='ltr'><strong>per</strong></span> <span class='ocrx_word' id='word_1_263' title='bbox 1542 2863 1909 2918; x_wconf 74' lang='lat' dir='ltr'><strong>majusculam</strong></span> <span class='ocrx_word' id='word_1_264' title='bbox 1941 2864 2006 2906; x_wconf 87' lang='lat' dir='ltr'><strong>li-</strong></span> 
     </span>
     <span class='ocr_line' id='line_1_32' title="bbox 232 2919 2005 2977; baseline 0.004 -18"><span class='ocrx_word' id='word_1_265' title='bbox 232 2920 413 2962; x_wconf 82' lang='lat' dir='ltr'><strong>teram</strong></span> <span class='ocrx_word' id='word_1_266' title='bbox 441 2932 634 2962; x_wconf 89' lang='lat' dir='ltr'><strong>nomen</strong></span> <span class='ocrx_word' id='word_1_267' title='bbox 660 2919 954 2965; x_wconf 84' lang='lat' dir='ltr'><strong>Gallorum</strong></span> <span class='ocrx_word' id='word_1_268' title='bbox 983 2921 1302 2973; x_wconf 84' lang='lat' dir='ltr'><strong>scribitur,</strong></span> <span class='ocrx_word' id='word_1_269' title='bbox 1344 2933 1500 2977; x_wconf 88' lang='lat' dir='ltr'><strong>quum</strong></span> <span class='ocrx_word' id='word_1_270' title='bbox 1532 2920 1745 2964; x_wconf 87' lang='lat' dir='ltr'><strong>Matris</strong></span> <span class='ocrx_word' id='word_1_271' title='bbox 1775 2921 2005 2966; x_wconf 85' lang='lat' dir='ltr'><strong>deorum</strong></span> 
     </span>
     <span class='ocr_line' id='line_1_33' title="bbox 231 2976 2008 3036; baseline 0.003 -19"><span class='ocrx_word' id='word_1_272' title='bbox 231 2976 578 3020; x_wconf 85' lang='lat' dir='ltr'><strong>sacerdotes</strong></span> <span class='ocrx_word' id='word_1_273' title='bbox 618 2978 826 3034; x_wconf 84' lang='lat' dir='ltr'><strong>signifi</strong></span> <span class='ocrx_word' id='word_1_274' title='bbox 843 2985 960 3031; x_wconf 83' lang='lat' dir='ltr'><strong>cat3</strong></span> <span class='ocrx_word' id='word_1_275' title='bbox 1003 2979 1262 3023; x_wconf 86' lang='lat' dir='ltr'><strong>asiatica</strong></span> <span class='ocrx_word' id='word_1_276' title='bbox 1302 2979 1445 3023; x_wconf 88' lang='lat' dir='ltr'><strong>enim</strong></span> <span class='ocrx_word' id='word_1_277' title='bbox 1474 2993 1578 3023; x_wconf 80' lang='lat' dir='ltr'><strong>vox</strong></span> <span class='ocrx_word' id='word_1_278' title='bbox 1608 2985 1720 3033; x_wconf 88' lang='lat' dir='ltr'><strong>est,</strong></span> <span class='ocrx_word' id='word_1_279' title='bbox 1753 2993 1818 3036; x_wconf 91' lang='lat' dir='ltr'><strong>qu</strong></span> <span class='ocrx_word' id='word_1_280' title='bbox 1834 2995 1894 3023; x_wconf 87' lang='lat' dir='ltr'><strong>ae</strong></span> <span class='ocrx_word' id='word_1_281' title='bbox 1922 2979 2008 3025; x_wconf 75' lang='grc' dir='ltr'><strong>τὸν</strong></span> 
     </span>
     <span class='ocr_line' id='line_1_34' title="bbox 231 3030 2001 3096; baseline 0.002 -20"><span class='ocrx_word' id='word_1_282' title='bbox 231 3030 470 3080; x_wconf 80' lang='grc' dir='ltr'><em>ἇπόκοπον</em></span> <span class='ocrx_word' id='word_1_283' title='bbox 521 3036 844 3091; x_wconf 83' lang='lat' dir='ltr'><strong>significat,</strong></span> <span class='ocrx_word' id='word_1_284' title='bbox 888 3051 1070 3095; x_wconf 83' lang='lat' dir='ltr'><strong>neque</strong></span> <span class='ocrx_word' id='word_1_285' title='bbox 1111 3052 1137 3080; x_wconf 83' lang='lat' dir='ltr'><strong>a</strong></span> <span class='ocrx_word' id='word_1_286' title='bbox 1179 3038 1415 3081; x_wconf 87' lang='lat' dir='ltr'><strong>Galliae</strong></span> <span class='ocrx_word' id='word_1_287' title='bbox 1455 3053 1484 3096; x_wconf 93' lang='lat' dir='ltr'><strong>p</strong></span> <span class='ocrx_word' id='word_1_288' title='bbox 1501 3037 1690 3094; x_wconf 91' lang='lat' dir='ltr'><strong>opulis</strong></span> <span class='ocrx_word' id='word_1_289' title='bbox 1732 3053 1796 3082; x_wconf 90' lang='lat' dir='ltr'><strong>ea</strong></span> <span class='ocrx_word' id='word_1_290' title='bbox 1835 3039 2001 3083; x_wconf 86' lang='lat' dir='ltr'><strong>notio</strong></span> 
     </span>
     <span class='ocr_line' id='line_1_35' title="bbox 229 3093 2053 3154; baseline 0.002 -18"><span class='ocrx_word' id='word_1_291' title='bbox 229 3106 272 3136; x_wconf 91' lang='lat' dir='ltr'><strong>m</strong></span> <span class='ocrx_word' id='word_1_292' title='bbox 286 3107 312 3136; x_wconf 90' lang='lat' dir='ltr'><strong>a</strong></span> <span class='ocrx_word' id='word_1_293' title='bbox 322 3107 350 3135; x_wconf 95' lang='lat' dir='ltr'><strong>n</strong></span> <span class='ocrx_word' id='word_1_294' title='bbox 363 3107 391 3136; x_wconf 86' lang='lat' dir='ltr'><strong>a</strong></span> <span class='ocrx_word' id='word_1_295' title='bbox 401 3094 498 3136; x_wconf 87' lang='lat' dir='ltr'><strong>vit.</strong></span> <span class='ocrx_word' id='word_1_296' title='bbox 556 3093 813 3138; x_wconf 87' lang='lat' dir='ltr'><strong>Meminerat</strong></span> <span class='ocrx_word' id='word_1_297' title='bbox 824 3127 837 3148; x_wconf 91' lang='lat'><strong>,</strong></span> <span class='ocrx_word' id='word_1_298' title='bbox 865 3100 968 3153; x_wconf 89' lang='lat' dir='ltr'><strong>puto</strong></span> <span class='ocrx_word' id='word_1_299' title='bbox 981 3128 995 3149; x_wconf 92' lang='lat'>‚</span> <span class='ocrx_word' id='word_1_300' title='bbox 1026 3095 1198 3152; x_wconf 78' lang='lat' dir='ltr'><strong>Polybii</strong></span> <span class='ocrx_word' id='word_1_301' title='bbox 1226 3096 1437 3154; x_wconf 86' lang='lat' dir='ltr'><strong>interpres</strong></span> <span class='ocrx_word' id='word_1_302' title='bbox 1466 3097 1649 3154; x_wconf 85' lang='lat' dir='ltr'><strong>optimus</strong></span> <span class='ocrx_word' id='word_1_303' title='bbox 1664 3129 1678 3149; x_wconf 94' lang='lat'><strong>,</strong></span> <span class='ocrx_word' id='word_1_304' title='bbox 1711 3096 1863 3141; x_wconf 86' lang='lat' dir='ltr'><strong>Gallos</strong></span> <span class='ocrx_word' id='word_1_305' title='bbox 1893 3098 2002 3140; x_wconf 84' lang='lat' dir='ltr'><strong>Pes·</strong></span> <span class='ocrx_word' id='word_1_306' title='bbox 2051 3110 2053 3112; x_wconf 85' lang='lat'>·</span> 
     </span>
     <span class='ocr_line' id='line_1_36' title="bbox 229 3151 2002 3214; baseline 0.004 -21"><span class='ocrx_word' id='word_1_307' title='bbox 229 3151 438 3195; x_wconf 82' lang='lat' dir='ltr'><strong>sinuntios</strong></span> <span class='ocrx_word' id='word_1_308' title='bbox 466 3151 670 3196; x_wconf 85' lang='lat' dir='ltr'><strong>Romanis</strong></span> <span class='ocrx_word' id='word_1_309' title='bbox 698 3155 743 3197; x_wconf 90' lang='lat' dir='ltr'><strong>in</strong></span> <span class='ocrx_word' id='word_1_310' title='bbox 772 3154 919 3198; x_wconf 86' lang='lat' dir='ltr'><strong>Asiam</strong></span> <span class='ocrx_word' id='word_1_311' title='bbox 947 3155 1266 3198; x_wconf 82' lang='lat' dir='ltr'><strong>transeuntibus</strong></span> <span class='ocrx_word' id='word_1_312' title='bbox 1297 3156 1512 3214; x_wconf 89' lang='lat' dir='ltr'><strong>supplices</strong></span> <span class='ocrx_word' id='word_1_313' title='bbox 1541 3156 1779 3199; x_wconf 85' lang='lat' dir='ltr'><strong>occurrisse</strong></span> <span class='ocrx_word' id='word_1_314' title='bbox 1799 3162 1845 3200; x_wconf 89' lang='lat' dir='ltr'><strong>et</strong></span> <span class='ocrx_word' id='word_1_315' title='bbox 1860 3156 2002 3200; x_wconf 79' lang='lat' dir='ltr'><strong>victo-</strong></span> 
     </span>
     <span class='ocr_line' id='line_1_37' title="bbox 229 3210 1114 3271; baseline 0.003 -18"><span class='ocrx_word' id='word_1_316' title='bbox 229 3210 336 3254; x_wconf 80' lang='lat' dir='ltr'><strong>riam</strong></span> <span class='ocrx_word' id='word_1_317' title='bbox 366 3211 471 3254; x_wconf 89' lang='lat' dir='ltr'><strong>belli</strong></span> <span class='ocrx_word' id='word_1_318' title='bbox 500 3211 693 3256; x_wconf 86' lang='lat' dir='ltr'><strong>Galatici</strong></span> <span class='ocrx_word' id='word_1_319' title='bbox 722 3217 979 3271; x_wconf 87' lang='lat' dir='ltr'><strong>apprecatos</strong></span> <span class='ocrx_word' id='word_1_320' title='bbox 1007 3213 1114 3257; x_wconf 85' lang='lat' dir='ltr'><strong>esse.</strong></span> 
     </span>
    </p>
   </div>
   <div class='ocr_carea' id='block_1_5' title="bbox 225 3309 2000 3417">
    <p class='ocr_par' dir='ltr' id='par_1_5' title="bbox 225 3309 2000 3417">
     <span class='ocr_line' id='line_1_38' title="bbox 340 3309 2000 3371; baseline 0.001 -17"><span class='ocrx_word' id='word_1_321' title='bbox 340 3309 440 3367; x_wconf 73' lang='lat'>[²⁸]</span> <span class='ocrx_word' id='word_1_322' title='bbox 481 3309 669 3356; x_wconf 84' lang='lat' dir='ltr'><strong>Facetus</strong></span> <span class='ocrx_word' id='word_1_323' title='bbox 708 3319 776 3357; x_wconf 87' lang='lat' dir='ltr'><strong>est</strong></span> <span class='ocrx_word' id='word_1_324' title='bbox 817 3313 1055 3356; x_wconf 87' lang='lat' dir='ltr'><strong>Kircherus</strong></span> <span class='ocrx_word' id='word_1_325' title='bbox 1098 3314 1208 3357; x_wconf 88' lang='lat' dir='ltr'><strong>Oed.</strong></span> <span class='ocrx_word' id='word_1_326' title='bbox 1238 3315 1345 3370; x_wconf 84' lang='lat' dir='ltr'><strong>Aeg.</strong></span> <span class='ocrx_word' id='word_1_327' title='bbox 1379 3314 1435 3356; x_wconf 87' lang='grc' dir='ltr'><strong>Τ.</strong></span> <span class='ocrx_word' id='word_1_328' title='bbox 1467 3314 1502 3356; x_wconf 93' lang='lat' dir='ltr'><strong>I.</strong></span> <span class='ocrx_word' id='word_1_329' title='bbox 1531 3328 1574 3371; x_wconf 89' lang='lat' dir='ltr'><strong>p.</strong></span> <span class='ocrx_word' id='word_1_330' title='bbox 1604 3313 1705 3357; x_wconf 74' lang='lat'><strong>229.</strong></span> <span class='ocrx_word' id='word_1_331' title='bbox 1736 3314 1845 3358; x_wconf 87' lang='lat' dir='ltr'><strong>hanc</strong></span> <span class='ocrx_word' id='word_1_332' title='bbox 1876 3314 2000 3358; x_wconf 79' lang='lat' dir='ltr'><strong>fabu-</strong></span> 
     </span>
     <span class='ocr_line' id='line_1_39' title="bbox 225 3366 1746 3417; baseline 0.004 -9"><span class='ocrx_word' id='word_1_333' title='bbox 225 3366 309 3411; x_wconf 85' lang='lat' dir='ltr'><strong>lam</strong></span> <span class='ocrx_word' id='word_1_334' title='bbox 338 3379 392 3411; x_wconf 83' lang='lat' dir='ltr'><strong>ex</strong></span> <span class='ocrx_word' id='word_1_335' title='bbox 421 3369 604 3415; x_wconf 87' lang='lat' dir='ltr'><strong>historia</strong></span> <span class='ocrx_word' id='word_1_336' title='bbox 634 3385 760 3416; x_wconf 85' lang='lat' dir='ltr'><strong>sacra</strong></span> <span class='ocrx_word' id='word_1_337' title='bbox 790 3371 844 3416; x_wconf 86' lang='lat' dir='ltr'><strong>de</strong></span> <span class='ocrx_word' id='word_1_338' title='bbox 873 3372 1204 3417; x_wconf 87' lang='lat' dir='ltr'><strong>Philistaeorum</strong></span> <span class='ocrx_word' id='word_1_339' title='bbox 1234 3373 1377 3417; x_wconf 81' lang='lat' dir='ltr'><strong>aureis</strong></span> <span class='ocrx_word' id='word_1_340' title='bbox 1406 3372 1499 3416; x_wconf 87' lang='lat' dir='ltr'><strong>anis</strong></span> <span class='ocrx_word' id='word_1_341' title='bbox 1529 3372 1746 3417; x_wconf 81' lang='lat' dir='ltr'><strong>derivans.</strong></span> 
     </span>
    </p>
   </div>
  </div>
 </body>
</html>
