2158 3848
280 215 399 277 146
862 222 1100 266 Limia
1143 221 1458 266 PRIMUS.

446 358 659 436 Itaque
701 358 751 415 si
798 373 1013 414 omnes
1058 354 1384 433 adytorum
1417 352 1684 413 latebras
1723 353 2058 434 perlustra-

282 460 474 531 veriS,
529 456 618 515 nil
670 460 913 536 praeter
967 465 1136 515 actus
1192 454 1553 514 sacrificales
1609 462 1670 511 et
1712 452 2061 512 fabularum

283 561 567 637 figmenta
611 564 672 613 et
714 574 901 634 super
941 555 1037 614 his
1081 556 1401 613 hominum
1450 555 1873 634 opiniosorum
1919 571 2062 611 con-

280 661 540 737 jecturas
585 656 791 714 Varias
835 673 1140 732 vagasque
1182 673 1294 732 pro
1341 655 1654 733 cujusque*
1679 653 1923 730 ingenio
1967 671 2060 709 re-

280 760 498 839 peries⁸
599 751 762 825 Quin
817 762 1103 832 apparet,
1156 771 1279 811 non
1323 755 1600 831 potuisse
1643 753 1942 830 mysteria
1983 750 2064 810 ad

282 866 514 916 tantam
570 853 1039 912 diuturnitatem
1095 871 1484 932 permanere,
1557 853 1610 912 si
1670 872 1792 932 qua
1847 851 2065 910 fuisset

278 955 538 1015 initiatis
580 954 902 1034 perspicue
943 951 1172 1013 tradita
1215 951 1569 1033 disciplina,
1613 969 1796 1029 quam
1838 952 2066 1013 mutari

277 1055 577 1116 vetuisset
630 1054 1010 1113 consciorum
1063 1054 1312 1128 religio,
1366 1055 1758 1110 immutatam
1811 1059 2066 1129 quotan-

279 1157 375 1214 nis
417 1154 634 1213 referri
675 1172 801 1212 non
843 1155 1085 1214 tulisset
1127 1159 1466 1210 ceterarum
1509 1170 1716 1209 rerum
1771 1168 2066 1212 conversa

279 1255 460 1314 ratio.
558 1251 724 1326 Quid
779 1255 975 1326 enim,
1032 1268 1290 1331 quaeso,
1351 1268 1568 1308 eorum
1624 1270 1780 1330 quae
1822 1261 2063 1310 veteres

280 1354 372 1413 illi
413 1354 743 1432 Eumolpi,
800 1354 855 1411 si
908 1353 1142 1433 placet,
1201 1349 1514 1409 auditores
1571 1350 1713 1409 rudi
1770 1349 2062 1429 simplici-

277 1463 405 1513 tate
449 1451 856 1523 crediderunt,
899 1450 1292 1530 politioribus
1335 1450 1595 1526 ingeniis
1639 1459 1700 1508 et
1733 1450 1864 1527 jam
1891 1449 2065 1508 adul-

278 1562 378 1612 tae
424 1551 719 1609 Graeciae
773 1553 924 1608 satis
967 1550 1167 1608 facere
1210 1550 1456 1629 potuit?
1514 1548 1600 1609 At
1643 1551 1787 1628 quia
1828 1559 2064 1629 specta-

278 1652 485 1711 culum
527 1650 857 1726 mysticum
900 1667 1103 1707 rerum
1150 1647 1498 1707 divinarum
1545 1647 1910 1708 adumbrata
1939 1669 2066 1709 non

268 1769 578 1832 expressa
619 1752 793 1827 signa
833 1747 1160 1807 exhibebat
1197 1757 1261 1807 et
1293 1758 1424 1807 erat
1452 1747 1529 1807 de
1558 1749 1654 1808 his
1678 1749 1873 1809 libera
1897 1749 2065 1830 quod

279 1853 535 1932 quisque
591 1849 780 1912 vellet
834 1847 1220 1924 conjectandi
1274 1851 1484 1928 copia,
1545 1849 1696 1909 haec
1750 1859 1928 1910 muta
1969 1869 2064 1911 sa·
2122 1897 2158 1924 ,η

280 1970 521 2012 crorum
578 1949 904 2029 disciplina
955 1949 1023 2005 in
1081 1948 1253 2007 nullo
1299 1949 1420 2006 alio
1466 1951 1727 2027 vestigio
1771 1968 1956 2029 quam
1998 1953 2066 2010 in

279 2051 473 2112 animi
525 2051 778 2108 notione
832 2049 1069 2127 posita,
1124 2068 1320 2128 neque
1376 2067 1492 2107 usu
1537 2052 1674 2130 capi
1715 2069 1912 2129 neque
1956 2049 2065 2110 ob-

278 2150 577 2208 solescere
622 2150 844 2229 potuit,
886 2147 998 2207 sed
1040 2166 1276 2209 novum
1309 2148 1428 2207 sibi
1465 2149 1725 2208 subinde
1752 2151 2065 2227 ingenium

278 2248 572 2322 induens,
645 2266 771 2306 una
832 2265 968 2306 cum
1021 2247 1344 2307 hominum
1401 2250 1705 2310 aetatibus
1759 2248 2064 2327 gradatim

276 2350 574 2407 maturuit
641 2356 704 2405 et
768 2347 1115 2407 seculorum
1172 2349 1334 2408 ultro
1392 2351 1666 2430 citroque
1719 2368 2064 2410 commean-

276 2448 433 2507 tium
498 2446 953 2507 vicissitudines
1035 2450 1175 2528 pari
1236 2468 1447 2527 gressu
1515 2460 1890 2531 consequuta
1953 2459 2061 2510 est.

274 2544 394 2605 His
461 2548 796 2625 expositiS‚
867 2543 1015 2625 quid
1068 2550 1380 2623 mysteriis
1432 2553 1618 2629 pretii
1670 2549 2063 2614 statuendum

275 2648 390 2718 sit,
446 2645 626 2704 facile
682 2647 1067 2725 perspicitur.
1167 2646 1236 2706 Si
1279 2647 1359 2707 ad
1401 2650 1652 2729 pietatis
1693 2649 2063 2730 virtutisque
2140 2670 2142 2672 ·

277 2745 477 2804 omnis
534 2744 808 2804 studium
861 2746 1079 2817 refert,
1141 2755 1214 2806 ut
1253 2748 1533 2809 homines
1577 2747 1904 2828 aliquando
1950 2750 2060 2810 ali-

278 2845 639 2926 quantulum
682 2845 896 2919 fleant,
940 2855 1238 2921 tremant,
1282 2856 1600 2927 stupeant,
1642 2865 1767 2906 non
1808 2850 2058 2924 infitior,

275 2943 531 3018 multos,
577 2963 729 3024 quos
772 2947 931 3005 ratio
976 2965 1102 3004 non
1143 2956 1355 3026 posset
1397 2946 1477 3006 ad
1522 2947 1777 3007 deorum
1821 2960 2058 3012 metum

277 3052 339 3101 et
370 3045 728 3122 religionem
765 3045 1089 3120 adducere,
1132 3049 1482 3108 sacrificalis
1520 3058 1852 3129 apparatus
1874 3062 2082 3131 pom--

273 3160 358 3221 pa
413 3153 474 3202 et
530 3145 886 3224 splendore,
939 3155 1010 3205 ut
1065 3145 1213 3206 deos
1256 3158 1710 3223 revererentur,
1757 3150 2054 3210 adductos
2134 3222 2136 3228 Ι

276 3258 425 3299 esse.
510 3244 696 3318 Item,
743 3250 797 3306 si
839 3246 1011 3306 nulla
1053 3245 1262 3307 fabula
1303 3259 1434 3309 tam
1475 3251 1850 3330 ineptaest,
1896 3269 2052 3329 quae
2133 3230 2136 3266 ³

273 3358 397 3400 non
441 3342 650 3423 aliquo
695 3349 1033 3427 sapientiae
1076 3347 1215 3407 fuco
1262 3349 1595 3410 circumlini
1635 3351 1866 3431 possit,
1910 3369 2050 3410 con·
2076 3335 2086 3403 ’.
2130 3360 2131 3364 ’
