2158 3848
714 236 1286 284 ELEUSINIA.
1762 223 1891 287 217

115 380 347 460 phorus
392 375 568 452 Greg.
608 372 739 432 VII.
789 371 884 431 ll.
933 369 1072 430 168.
1119 367 1184 431 C.
1227 369 1531 434 τοσούτου
1575 368 1892 440 κλύδωνος

118 477 525 559 ἐπικειμένου,
581 474 687 536 καὶ
729 469 1089 554 φροντίδων
1131 474 1345 535 ἄλλοτε
1403 473 1609 533 ἄλλων
1653 474 1895 533 ἐπικλυ-

119 576 358 653 ζόντων
401 576 634 637 αὐτῶν.
656 572 773 651 τὴν
816 569 1122 637 διάνοιαν.
1214 571 1516 631 Stobaeus
1560 569 1688 629 Ecl.
1714 568 1819 627 Ph.
1848 569 1894 628 I.

117 675 216 736 52.
273 673 325 755 ξ.
370 673 470 734 61.
530 692 592 752 p.
643 672 822 733 1090.
893 670 1080 748 Heer.
1142 670 1592 760 ἐπιγεγονότων
1649 676 1894 754 ψυχῶν.

120 775 429 835 Memnon.
474 772 637 834 Hist.
682 773 729 832 I.
784 790 845 852 p.
889 771 948 832 4.
1003 782 1248 839 πολλῶν
1293 770 1660 860 ἀλγηδόνων
1704 769 1900 832 αὐτὸν

113 872 626 938 κατατεινόντων.
679 872 1021 934 ·Eusebius
1079 873 1158 934 de
1212 875 1425 936 Theol.
1481 872 1644 932 Eccl.
1698 870 1769 930 L.
1821 869 1899 929 ΙΙ.

112 994 173 1054 p.
205 973 344 1034 156.
387 974 467 1034 D.
514 975 662 1045 τοὺς
700 975 841 1058 περὶ
872 983 1004 1039 τῶν
1039 973 1530 1060 ὗποβεβηκότων
1564 970 1901 1055 δυνάμεων

116 1073 354 1160 λόγους.
439 1074 770 1135 Africanus
826 1093 924 1155 ap.
980 1075 1205 1138 Euseb.
1250 1075 1609 1134 Demonstr.
1663 1072 1899 1149 Evang.

115 1175 182 1233 L.
229 1174 360 1234 VII.
406 1175 550 1236 390.
592 1175 672 1234 D.
731 1177 832 1254 ἔτη
877 1176 1314 1240 πεντεκαίδεκα
1369 1174 1599 1260 ὀλίγων
1652 1172 1903 1254 ἡμερῶν

113 1274 389 1338 δεόντων
442 1275 785 1361 γίγνονται.
875 1271 1162 1334 Concedo
1219 1285 1281 1335 et
1328 1275 1458 1334 “hoc
1511 1272 1638 1333 non
1680 1290 1906 1350 magna

112 1374 281 1435 mole
326 1373 408 1434 ad
449 1375 724 1453 regulam
765 1374 964 1453 redigi
1005 1393 1192 1456 posse
1244 1387 1307 1436 et
1351 1394 1436 1436 ex
1481 1372 1905 1456 superioribus

35 1510 40 1515 -
115 1492 307 1533 unum
350 1484 461 1534 aut
504 1475 766 1535 alterum
810 1478 1227 1556 suspicionem
1261 1478 1552 1557 recipere.
1639 1473 1763 1534 Sed
1790 1491 1903 1555 pro

115 1576 407 1636 universo
464 1595 684 1654 genere
739 1586 836 1636 sat
888 1596 1108 1655 graves
1168 1586 1358 1637 testes
1402 1578 1589 1636 citare
1632 1594 1906 1656 possum.

116 1674 461 1753 Dionysius
505 1676 735 1757 Areop.
781 1675 860 1736 de
902 1677 1064 1737 Eccl.
1109 1676 1282 1737 Hier.
1345 1697 1392 1737 c.
1436 1678 1542 1736 111.
1588 1674 1732 1736 255.
1776 1683 1907 1739 τῶν

116 1774 552 1858 ὕπερκοσμίων
592 1786 1038 1863 μαρμαρυγῶν
1092 1784 1176 1848 εἷς
1232 1779 1347 1857 τὴν
1401 1772 1533 1841 τῶν
1576 1777 1908 1858 ὃμοιειδῶν

120 1873 430 1958 ἒςόπτρων
500 1879 771 1963 ἀγλαΐαν
827 1879 1142 1960 ἀφιέντων
1209 1879 1434 1941 διεῖναι
1501 1877 1616 1940 τὴν
1676 1876 1909 1940 οἰκείαν

118 1980 369 2060 αἴγλην,
414 1976 523 2036 ubi
565 1977 972 2054 Pachymeres
1015 1978 1165 2037 haec
1209 1977 1469 2038 adnotat
1511 1976 1675 2036 bona
1726 1977 1908 2036 malis

117 2078 348 2136 mixta:
386 2071 738 2153 Ἀττικίζων
782 2078 865 2149 ὥς
902 2080 1231 2158 Ἀθηναῖος
1271 2081 1560 2151 συνέταξε
1597 2079 1668 2141 τὸ
1699 2079 1906 2160 ῥητὸν,

119 2175 384 2259 φάσκων
450 2188 995 2266 μαρμαρυγῶν
1063 2182 1476 2264 ἐφιέντων·
1553 2180 1717 2242 οὕτω
1784 2179 1908 2264 γὰρ

120 2278 227 2340 καὶ
270 2281 336 2341 ἐν
377 2285 468 2360 τῷ
512 2279 545 2340 έ
582 2281 899 2362 κεφαλαίῳ
942 2289 1051 2360 τῆς
1096 2281 1394 2363 οὐρανίας
1449 2279 1776 2363 ἱεραρχίας
1803 2303 1910 2341 πε-

126 2378 335 2457 ποίηκε
391 2378 552 2441 κατὰ
607 2379 679 2442 τὸ
748 2380 1026 2450 κλυτὸς
1075 2378 1600 2465 Ἱπποδάμεια.
1699 2379 1911 2439 Maxi-

122 2497 260 2538 mus
319 2478 399 2539 ad
453 2478 626 2540 Hier.
686 2476 853 2539 Coel.
918 2501 980 2561 p.
1045 2481 1116 2542 τὸ
1178 2482 1502 2564 εἰρημένον
1556 2485 1624 2545 ἐν
1680 2478 1912 2544 εἰκόσιν

121 2581 533 2654 ἀποτυποῦσι,
579 2581 725 2644 δέον
759 2586 952 2645 εἰπεῖν
981 2580 1467 2656 ἀποτυπούσαις,
1512 2581 1729 2665 μηδεὶς
1754 2582 1911 2644 ὑπο-

121 2679 307 2764 λάβοι
350 2678 632 2745 σόλοικον
676 2681 760 2752 ὥς
803 2680 1229 2768 ἀγνοήσαντος
1271 2667 1400 2746 τοῦῖ
1440 2681 1716 2769 μεγάλου
1762 2687 1911 2745 Λιο-

123 2780 376 2857 νυσίου,
438 2782 565 2845 ἀλλ’
611 2784 887 2867 ἀκριβῶς
942 2788 1096 2847 ἴστω
1142 2784 1226 2856 ὥς
1268 2793 1359 2868 τῷ
1405 2786 1542 2848 ’ὄντι
1577 2786 1910 2862 Ἀθηναῖος

121 2880 232 2942 ’καὶ
271 2880 412 2946 λίαν
454 2883 717 2952 ἀττικῶς
760 2885 924 2948 οὕτω
969 2885 1181 2968 φησίν.
1263 2888 1555 2949 Ἀττικῶν
1596 2881 1720 2970 γάρ
1784 2887 1911 2946 ἐστι

130 2978 202 3040 τὸ
224 2982 483 3062 μετοχὰς
510 2983 839 3068 ἀρσενικάς
862 2989 1158 3066 θηλυκῶς
1196 2985 1564 3050 συντάττειν
1603 2984 1688 3055 ὥς
1708 2985 1908 3069 (Όμη-

133 3101 240 3161 ρος
277 3084 648 3169 πληγέντε
690 3095 1048 3170 κεραυνῷ
1076 3113 1178 3132 ·-
1220 3087 1328 3149 καὶ
1374 3083 1561 3150 τοῦτό
1606 3106 1764 3168 φασι
1804 3087 1910 3149 καὶ

133 3181 411 3261 Κωμικοὶ
466 3185 751 3264 θηλυκὸν
821 3187 954 3250 ἀντ’
1032 3188 1361 3271 οὐδετέρου
1435 3187 1519 3258 ὥς
1579 3187 1910 3271 ἀρσενικὸν

131 3279 294 3341 κατὰ
351 3284 632 3360 θηλυκοῦ
649 3330 671 3359 ,
756 3286 862 3349 καὶ·
922 3287 1198 3353 Πλάτων
1267 3288 1375 3351 καὶ
1439 3287 1782 3372 Εὐριπίδης
1841 3291 1910 3352 ἐν

134 3378 411 3461 Βάκχαις
462 3381 769 3450 διανεύων
830 3387 1149 3469 (δινεύων)
1210 3387 1482 3474 δρομάσι
1539 3386 1904 3473 βλεφάροις·
