2158 3848
783 271 823 312 0
855 220 962 312 Rip
995 231 1091 310 11⁴1
1124 269 1161 310 c
1190 270 1239 309 A.
1776 255 1902 316 433

127 401 374 465 causam
417 401 594 461 affert
632 396 1101 468 arithmeticam,
1147 393 1442 476 additque
1465 394 1718 456 Herculi
1745 410 1907 460 octa-

120 523 270 565 vum
326 501 493 561 diem
550 508 968 559 consecratum
1037 514 1171 555 esse
1227 514 1266 554 a
1320 495 1699 573 Pythagora,
1763 501 1906 576 quia

118 603 241 674 ille,
286 609 355 660 ut
378 600 690 661 Homerus
707 598 827 669 ait,
871 593 1239 677 ἠλιτόμηνος
1281 605 1464 655 natus
1504 597 1562 656 h.
1601 616 1652 659 e,
1696 615 1908 656 mense

119 710 339 762 octavo
355 696 444 781 [Ἶ.
531 698 858 758 Praeterea
915 715 993 755 ex
1048 695 1369 756 Athenaeo
1426 695 1592 758 XIV.
1629 693 1782 757 659.
1839 694 1905 756 C.

115 800 496 883 Μένανδρος
555 803 623 863 ἐν
667 796 900 868 Κόλακι
942 796 1057 860 τὸν
1099 802 1229 866 τοῖς
1279 798 1721 881 Τετραὸισταῖς
1764 797 1905 860 δια-

115 897 501 982 κονούμενον
543 897 847 984 μάγειρον
904 900 971 960 ἐν
1012 904 1087 976 τῇ
1132 904 1241 976 τῆς
1287 895 1645 979 Πανδήμου
1685 898 1908 980 Ἀφρο-

114 998 289 1079 δίτης
332 1003 513 1084 ἑορτῇ
558 1005 722 1061 ποιεῖ
759 997 945 1060 ταυτὶ
989 997 1247 1081 λέγοντα
1303 1005 1564 1074 apparet
1621 1009 1906 1076 quartum

117 1117 362 1180 quoque
419 1099 583 1159 diem
627 1098 884 1157 Veneris
941 1114 1114 1156 sacra
1169 1093 1486 1169 habuisse3
1549 1115 1662 1155 nec
1705 1100 1908 1159 minus

115 1201 441 1279 perspicue
485 1198 792 1270 Proculus·
824 1195 906 1256 ad
951 1195 1111 1276 opp.
1157 1195 1303 1255 798.
1362 1196 1400 1274 ἡ
1455 1194 1716 1279 τετάρτη
1775 1200 1908 1282 ἱεροὶ

110 1299 478 1382 Ἀφροδίτης
519 1298 626 1360 καὶ
661 1287 888 1379 Ἑρμοῦ
934 1296 1041 1358 καὶ
1083 1295 1190 1359 διὰ
1235 1303 1421 1358 τοῦτο
1478 1297 1634 1380 πρὸς
1680 1320 1910 1363 συνου-

38 1423 47 1431 ’
117 1397 262 1462 σιάν
305 1397 614 1478 ἐπιτηδεία
633 1398 683 1477 [g
698 1399 744 1479 ].
833 1395 1139 1458 Octavum
1192 1396 1552 1457 Plutarchus
1598 1397 1670 1458 V.
1730 1399 1910 1460 Thes.

116 1518 166 1561 c.
208 1497 499 1559 XXXVI.
542 1498 788 1557 Theseo
833 1497 1023 1557 tribui
1067 1505 1329 1556 testatur
1367 1507 1428 1556 et
1452 1497 1764 1578 Neptuno,
1811 1503 1910 1561 cui

114 1598 484 1677 Pythagorei
538 1617 779 1678 quoque
835 1606 1093 1678 propter
1152 1607 1625 1675 cognomentum
1671 1599 1909 1684 ’Ἀσφά-

120 1707 246 1768 λιος
299 1698 462 1757 hunc
514 1697 842 1757 numerum
898 1696 1231 1756 soliditatis
1286 1699 1760 1775 significativum
1804 1700 1906 1760 de-

117 1796 414 1858 dicarunt.
501 1797 601 1858 De
645 1815 812 1856 nono
858 1797 960 1856 die
1005 1806 1067 1856 et
1111 1795 1197 1869 de
1234 1795 1475 1861 decimo
1522 1800 1737 1878 quinto
1784 1820 1908 1860 cer--

116 1899 307 1958 tiores
350 1916 465 1958 nos
509 1897 715 1958 reddit
741 1897 1088 1972 Dionysius
1130 1894 1265 1955 Art.
1304 1898 1411 1956 III.
1457 1898 1601 1958 243.
1646 1898 1756 1958 ubi
1793 1899 1909 1960 do-

115 2009 210 2058 cet
264 2000 331 2058 in
388 1997 772 2058 orationibus
827 1997 1226 2075 genethliacis
1296 1995 1464 2056 diem
1521 1999 1729 2078 ipsum
1787 2021 1908 2081 quo

115 2100 250 2180 quis
309 2108 494 2159 natus
549 2100 661 2173 sit,
729 2095 1030 2158 laudandi
1084 2099 1413 2158 materiam
1469 2099 1794 2178 praebere:
1857 2108 1911 2165 εἰ

117 2195 234 2281 μὲν
275 2207 351 2279 τῇ
407 2199 750 2282 νουμηνίᾳ,
814 2199 908 2261 ὅτι
964 2198 1122 2280 ἀρχὴ
1178 2206 1292 2260 τοῦ
1336 2196 1533 2279 μηνός
1588 2236 1674 2244 -
1728 2207 1782 2263 εἰ
1834 2195 1904 2264 δὲ

121 2297 362 2382 ἑβδόμῃ
405 2298 444 2378 ἢ
490 2301 662 2379 ἕκτῃ,
723 2300 818 2362 ὅτι
864 2300 1023 2381 ἱεραὶ
1064 2304 1201 2361 τοῖν
1244 2302 1429 2361 θεοῖν
1459 2307 1563 2344 “-
1623 2302 1780 2379 ἔχοις
1835 2301 1905 2363 δ’

120 2399 205 2462 ἂν
248 2399 388 2480 περὶ
427 2407 536 2478 τῆς
580 2397 798 2478 ἐνάτης
843 2401 1069 2485 λέγειν,
1128 2399 1224 2461 ὅτι
1267 2399 1402 2481 ἱερὰ
1444 2406 1558 2461 τοῦ
1601 2399 1777 2478 ἡλίου
1821 2438 1905 2445 -—

120 2503 173 2561 εἰ
216 2498 284 2561 δὲ
329 2498 871 2579 πεντεκαιδεκάτη,
930 2501 1024 2562 ὅτι
1079 2500 1185 2562 καὶ
1243 2499 1402 2578 αὐτὴ
1457 2506 1565 2578 τῆς
1615 2499 1902 2579 Ἀθηνᾶς.

119 2599 460 2658 Vicesimus
500 2618 711 2659 rursus
756 2598 1038 2680 Apollini
1083 2618 1253 2659 sacer
1294 2598 1430 2660 fuit.
1487 2618 1548 2661 v.
1594 2598 1801 2676 Etym.
1860 2619 1906 2661 s,

117 2696 425 2768 Εἲκάδιος.
510 2699 830 2778 Minervae
870 2700 1095 2760 natalis
1141 2699 1255 2760 sub
1298 2701 1484 2760 finem
1537 2702 1766 2761 mensis
1813 2722 1905 2762 ce-

120 2799 388 2859 lebratus
433 2808 496 2858 et
534 2801 702 2881 ipsa,
759 2810 828 2860 ut
869 2801 1183 2860 nonnullis
1240 2801 1477 2875 visum,
1542 2803 1906 2886 Τριτογένης

242 2980 302 3040 [f]
333 2983 540 3028 Similiter
567 2984 733 3045 Apollo,
753 2987 808 3028 ob
838 2986 1006 3044 septimi
1047 2985 1134 3030 diei
1163 2985 1413 3042 religionem
1442 2958 1622 3043 septimo
1652 3000 1795 3031 mense
1825 3002 1903 3031 na-

127 3047 199 3084 tus
229 3040 385 3084 dicitnr
414 3042 568 3101 schol„
595 3043 764 3086 eauim.
794 3043 851 3087 H.
881 3045 926 3087 in
955 3045 1051 3088 Del.
1081 3043 1182 3088 251.
1757 3049 1760 3051 ’

245 3126 309 3200 [ε’]
341 3127 515 3185 Nuptiis
552 3130 748 3174 ineundis
787 3130 1062 3176 interlunium
1104 3137 1251 3189 aptum
1294 3130 1488 3173 declarat
1527 3131 1734 3175 Proculus
1775 3132 1830 3176 ad
1861 3146 1905 3177 ν.

124 3184 227 3227 780.
254 3190 480 3240 Αθηναῖοι
507 3185 585 3238 τὰς
613 3187 727 3248 πρὸς
755 3185 952 3234 σύνοδον
979 3188 1149 3249 ἡμέρας
1180 3191 1435 3247 ἐξελέγοντο
1478 3188 1592 3248 πρὸς
1619 3188 1797 3250 γάμους
1826 3194 1903 3236 καὶ

125 3241 180 3286 τὰ
226 3240 457 3314 Θεογάμια
495 3246 687 3292 ἐτέλουν.
730 3247 1012 3292 Plenilunium
1052 3249 1136 3292 Dio
1178 3249 1337 3302 Chrys.
1378 3247 1477 3290 VII.
1506 3248 1608 3291 245.
1647 3248 1901 3310 ποιήσομεν

124 3299 229 3351 τοὺς
256 3318 432 3360 γαμους
459 3299 633 3373 ἡμέραν
661 3302 844 3362 ἀγαθὴν
873 3303 1213 3377 ἐπιλεξάμενοι,
1256 3303 1364 3350 ὅταν
1391 3303 1456 3363 μὴ
1484 3306 1653 3367 μικρὸν
1681 3301 1708 3365 ἦ
1737 3308 1786 3354 τὸ
1819 3322 1900 3354 σευ

127 3357 301 3460 {pstor-I
324 3360 527 3462 Pindari,
556 3362 757 3421 Sapphus
786 3369 832 3406 et
859 3364 1080 3423 Euripidis
1110 3365 1353 3409 testimonia
1384 3364 1560 3420 collegit
1591 3356 1768 3411 Mar‘tin.
1798 3369 1902 3412 Var.

168 3425 248 3461 ect.
305 3451 314 3460 .
346 3433 381 3460 c.
474 3451 483 3460 .

1484 3498 1576 3555 28·
