2158 3848
743 215 1235 260 «οιιΡΗιοΑ.
1775 197 1902 260 527

119 352 498 414 cunctabitur
555 347 858 408 adhunc
917 351 1303 423 praesentem
1365 342 1595 419 referre
1666 345 1904 422 locum3

116 453 227 514 sed
259 450 514 511 *duobus
554 447 774 529 primis
831 441 1116 506 versibus
1173 441 1254 502 ad
1298 441 1752 518 dubitationem
1796 445 1904 506 ad·

117 553 336 612 ductus
379 568 552 621 sum,
611 565 696 631 an
740 565 817 605 ex
872 544 997 604 alia
1038 545 1340 604 carminis
1383 553 1563 624 parte
1606 543 1725 604 huc
1780 547 1907 604 sint

112 659 513 731 praepostere
556 647 859 707 translati.
946 644 1177 705 Verum
1234 645 1390 705 haec
1429 645 1703 718 Proculi,
1769 643 1905 705 Cle-

112 752 338 810 mentis
395 757 461 808 et
513 747 771 808 Stobaei
826 745 1087 806 dissidia
1142 763 1268 805 non
1327 755 1454 806 tam
1512 746 1906 808 animadver-

112 853 287 910 sione
332 848 535 927 digna,
581 867 765 929 quam
794 846 962 928 quod
1005 848 1196 906 etiam
1240 847 1305 905 in
1349 847 1733 927 temporibus
1763 867 1903 909 ver-

110 952 332 1010 borum
377 950 477 1008 hic
518 949 647 1008 illic
689 967 730 1008 a
773 967 840 1008 se
885 947 1238 1027 discrepant
1280 965 1342 1007 v.
1393 948 1489 1007 10.
1532 950 1904 1030 ἠερέθονται

113 1062 177 1110 et
216 1052 587 1131 ἠερέθοντο,
649 1068 710 1111 v.
756 1049 857 1108 23.
914 1051 1033 1128 ἔχει
1095 1056 1157 1106 et
1212 1049 1379 1126 ἔχεν,
1442 1066 1503 1109 v.
1549 1048 1650 1107 34.
1705 1049 1907 1129 μέλλει

116 1162 179 1210 et
219 1153 458 1232 μέλλεν,
505 1160 567 1208 et
608 1148 806 1208 multo
853 1150 1049 1226 magis
1094 1145 1264 1226 quod
1306 1156 1495 1226 poeta
1537 1148 1675 1227 ipse
1719 1160 1907 1229 saepe

107 1251 423 1331 praesenti
494 1258 806 1329 tempore,
894 1267 1082 1328 saepe
1151 1248 1340 1328 etiam
1403 1247 1768 1329 imperfecto
1846 1258 1907 1308 et

0 1375 4 1386 ·
109 1349 716 1430 plusquamperfecto
762 1367 910 1409 usus
956 1358 1067 1408 est.
1151 1346 1226 1406 Id
1272 1367 1420 1407 vero
1467 1350 1572 1428 qui
1630 1352 1907 1409 evenerit

2 1522 6 1524 Y
108 1450 371 1527 intelligi
413 1468 599 1530 posse
642 1448 937 1523 arbitror,
983 1450 1039 1509 si
1081 1467 1399 1509 sumamus
1445 1468 1585 1509 eum
1630 1451 1903 1528 primum

118 1550 197 1610 de
241 1551 350 1609 illo
394 1561 680 1631 tempore
722 1550 1048 1630 loquutum
1094 1568 1259 1622 esse,
1321 1567 1441 1629 quo
1485 1547 1730 1630 Jupiter
1773 1571 1898 1612 om-

110 1671 220 1711 nes
265 1650 416 1710 deos
462 1652 863 1731 omniumque
903 1669 1114 1710 rerum
1159 1649 1538 1711 substantias
1582 1651 1707 1711 late
1734 1652 1904 1712 fusas

111 1752 542 1833 dispersasque
584 1752 651 1809 in
692 1769 763 1810 se
804 1751 1118 1828 recollegit
1169 1761 1232 1809 et
1275 1750 1494 1810 mundi
1535 1754 1904 1814 universita-

110 1863 238 1912 tem
283 1851 582 1924 condidit,
626 1850 852 1910 deinde
894 1869 1048 1912 vero
1094 1850 1463 1910 adnexuisse
1508 1854 1685 1931 quasi
1714 1872 1904 1932 quan->

0 1950 5 2043 ¹.
111 1952 254 2013 dam
299 1952 696 2030 doxologiam
741 1953 970 2011 summi
1012 1953 1285 2011 numinis
1322 1971 1435 2032 per
1479 1960 1679 2012 totum
1725 1973 1904 2013 mun-

0 2046 9 2083 *
112 2053 260 2114 dum
320 2054 545 2113 intenti
618 2062 954 2133 cunctaque
1021 2054 1277 2112 numine
1337 2071 1451 2112 suo
1518 2055 1903 2134 complentis

111 2153 254 2214 Jam
294 2173 489 2233 supra
533 2153 803 2213 Tzetzae
845 2155 1227 2213 mentionem
1271 2153 1603 2214 habuimus
1652 2175 1902 2216 versum

109 2256 253 2315 hinc
297 2253 655 2335 decerptum
698 2253 932 2333 Orphei
989 2254 1237 2330 hymnis
1296 2253 1733 2330 adscribentiS,
1799 2276 1902 2315 eo-

114 2374 232 2435 que
274 2355 525 2413 nomine
568 2354 685 2412 hoc
729 2354 1034 2413 canticum
1097 2356 1286 2415 etiam
1332 2346 1587 2415 Stobaei
1633 2356 1902 2417 editores

111 2456 469 2533 insigniunt,
513 2473 712 2534 neque
754 2456 873 2513 erit
900 2456 1246 2534 quisquam,
1291 2457 1438 2535 quin
1480 2456 1655 2515 illam
1698 2458 1902 2538 splen-

112 2553 326 2615 didam
370 2556 733 2627 orationem,
779 2573 899 2634 qua
942 2554 1045 2614 dei
1086 2557 1292 2634 imago
1337 2555 1571 2616 mundo
1599 2558 1903 2638 impressa

110 2654 531 2736 praedicatur,
591 2654 971 2732 hymnodiae
1016 2674 1199 2736 quam
1246 2658 1677 2736 cosmogoniae
1721 2660 1902 2718 simi-

110 2755 328 2815 liorem
372 2764 567 2836 putet.
652 2755 752 2817 Ab
795 2756 1135 2817 Aristotele
1179 2767 1386 2817 autem
1444 2768 1507 2817 et
1549 2758 1897 2840 Porphyrio

111 2855 231 2914 hae
273 2854 559 2918 diversae
615 2859 904 2918 carminis
960 2867 1171 2939 partes
1216 2859 1508 2919 confusae
1552 2867 1614 2917 et
1656 2869 1898 2939 pertur-

0 2962 4 3041 J
113 2953 297 3015 batae
337 2966 499 3031 sunt,
542 2957 897 3038 hymnoque
941 2959 1228 3020 subtexta
1270 2959 1382 3018 illa
1425 2959 1698 3019 clausula
1740 2959 1899 3025 πάν-

111 3080 192 3117 τα
235 3055 302 3118 δ’
349 3056 752 3142 ἀποκρύψας,
810 3078 931 3139 qua
972 3070 1162 3142 poeta
1217 3061 1632 3119 narrationem
1660 3058 1755 3130 ¹de
1801 3079 1897 3121 ca-

112 3156 319 3234 taposi
359 3155 646 3219 Phanetis
690 3161 1076 3235 terminavit,
1135 3160 1479 3219 rectissime
1532 3161 1895 3242 imperfecto

114 3263 398 3335 tempore
438 3260 652 3339 μέλλεν
696 3257 875 3335 usus,
933 3261 1131 3342 quod,
1193 3260 1299 3339 qui
1352 3259 1468 3320 hoc
1523 3280 1770 3322 carmen
1815 3261 1896 3322 ad

28 3390 31 3444 3
113 3364 499 3434 praesentem
574 3378 780 3420 rerum
857 3370 1086 3422 statum
1158 3359 1700 3423 accommodarunt
1724 3407 1741 3436 ,
1828 3364 1894 3422 in
