2158 3848
270 180 394 240 272
794 189 1031 233 LIBER
1074 187 1498 243 SECUNDUS.

270 322 732 384 Samothracum
798 321 982 379 sacris
1046 318 1404 379 Dardanum
1475 318 1667 379 fuisse
1720 316 2033 378 Diodorus

268 422 457 484 tradit
498 422 568 481 V.
611 423 713 482 49.
768 421 1116 481 levissimus
1171 428 1412 491 auctor,
1480 417 1591 478 sed
1647 434 2036 477 communem

269 522 347 582 de
413 524 629 604 priscis
700 521 1046 580 cerimoniis
1115 519 1469 596 opinionem
1547 526 1857 599 sequutus,
1961 515 2035 575 Id

267 641 417 683 vero
462 630 761 681 secretum
803 621 1007 677 nescio
1047 635 1125 674 an
1165 635 1203 674 a
1236 619 1538 696 principio
1571 616 1855 677 omnibus
1892 614 2037 673 deo-

266 741 401 780 rum
447 719 890 796 gentiliciorum
945 715 1132 774 sacris
1190 714 1532 775 adhibitum
1574 718 1775 776 fuerit.
1863 712 2039 773 Cleo-

266 837 507 879 menem
551 815 797 896 quidem
840 814 1020 892 Argis
1063 811 1291 872 Junoni
1337 816 1681 895 supplicare
1723 816 2038 878 volentem

266 917 583 999 prohibuit
633 915 862 976 Heraei
931 915 1213 991 antisteS‚
1283 916 1398 994 οὐχ
1465 916 1672 988 ὅσιον,
1738 915 2038 995 inquiens,

269 1016 500 1082 αὐτόθι
559 1016 737 1099 ξείνῳ
806 1014 993 1079 θύειν
1058 1012 1334 1073 Herodo.
1393 1013 1494 1073 VI.
1552 1014 1653 1073 81.
1721 1013 2039 1092 eidemque

268 1118 582 1198 acropolin
625 1114 1006 1176 sacrificandi
1049 1118 1232 1172 causa
1273 1115 1545 1192 ingresso
1578 1114 1805 1172 restitit
1842 1131 2041 1172 sacer-

270 1217 382 1279 dos
428 1219 614 1277 attica
655 1218 750 1276 his
795 1217 1029 1278 verbis:
1072 1216 1147 1277 οὓ
1191 1216 1458 1296 θεμιτὸν
1484 1220 1788 1297 Δωριεῦσι
1831 1215 2041 1296 παριέ-

270 1343 378 1383 ναι
435 1321 734 1381 ἐνταῦθα.
833 1317 1044 1397 Neque
1100 1316 1334 1375 Achaei
1388 1315 1648 1375 Helicen
1701 1313 2037 1374 incolentes
2112 1379 2114 1381 ,
2153 1306 2158 1374 ‘J

268 1419 555 1491 Ionibus,
620 1426 691 1476 ut
732 1417 1019 1496 Neptuno
1064 1416 1381 1475 Heliconis
1440 1434 1572 1473 rem
1629 1413 1908 1475 divinam
1950 1413 2041 1472 ia-

253 1526 473 1578 ‘cerent
541 1526 968 1579 concesserunt
1032 1514 1221 1574 Diod.
1276 1514 1411 1574 XV.
1466 1514 1567 1573 49.
1593 1510 1666 1594 [¹³]
1757 1511 1919 1585 Quin
1974 1514 2043 1570 in

268 1618 510 1677 decreto
555 1617 970 1676 Piraeensium
1012 1617 1340 1696 paganico,
1386 1633 1504 1692 quo
1550 1614 1882 1685 maximos,
1937 1614 2042 1690 qui

268 1720 500 1778 exteris
544 1716 733 1776 tribui
776 1725 1065 1796 possunt,
1119 1716 1383 1775 honores
1430 1711 1866 1772 Callidamanti
1919 1713 2043 1770 cui-

268 1816 411 1877 dam
468 1816 781 1889 deferunt‚
848 1835 1159 1875 sacrorum
1216 1813 1600 1895 quorundam
1651 1813 2044 1894 paganalium

274 1935 420 1976 usus
463 1918 831 1976 nominatim
876 1918 1205 1996 excipitur:
1262 1916 1385 1978 Καὶ
1440 1916 1593 1978 ὅταν
1634 1911 1845 1975 θύωσι
1889 1918 2042 1973 Πει-

270 2024 458 2100 ραιεῖς
520 2022 587 2080 ἐν
629 2024 758 2087 τοῖς
809 2024 1036 2087 κοινοῖς
1097 2021 1279 2099 ἱεροῖς
1322 2017 1528 2097 νέμειν
1583 2015 1689 2077 καὶ
1730 2011 2042 2076 Kalindoi-

267 2143 458 2199 μαντι
499 2118 725 2200 μερίδα
768 2116 1055 2199 καθάπερ
1099 2117 1204 2178 καὶ
1244 2122 1372 2185 τοῖς
1417 2118 1620 2184 ἄλλοις
1663 2120 2043 2196 Πειραιεῢσι,

267 2219 374 2280 καὶ
418 2223 902 2292 συνεστιᾶσθαι,
965 2219 1130 2298 ἄλλῳ
1175 2214 1244 2277 δὲ
1287 2213 1372 2296 μή
1416 2214 1680 2273 Boeckh.
1724 2215 1908 2273 Inscr.
1954 2211 2041 2273 Cl.

267 2319 314 2377 Ι.
359 2319 423 2381 P.
474 2318 527 2378 l.
570 2317 644 2378 N.
691 2317 785 2378 CI.
874 2316 1062 2396 Cujus
1109 2315 1474 2374 exclusionis
1520 2332 1738 2373 causae
1779 2313 2044 2372 fortasse

270 2418 407 2477 aliis
464 2419 622 2477 aliae
678 2419 848 2478 fuere
904 2428 965 2478 et
1019 2416 1329 2475 nonnullis
1373 2417 1685 2495 privatae,
1743 2423 1814 2473 ut
1852 2433 2046 2494 quum

271 2517 348 2577 ab
394 2516 727 2578 Evandriis
770 2518 1238 2577 Atheniensium
1295 2516 1599 2594 peregrini
1644 2532 1858 2572 omnes
1900 2532 2043 2592 pro-

269 2617 452 2677 hibiti
496 2626 638 2677 sunt
659 2616 887 2676 Anecd.
931 2616 1121 2676 Bekk.
1166 2636 1227 2696 p.
1253 2613 1394 2674 257.
1442 2613 1803 2673 aMiltiadis
1847 2633 2042 2691 agone

269 2717 513 2777 funebri
554 2718 958 2796 Lampsaceni
981 2715 1253 2775 Herodo.
1279 2714 1381 2773 VI.
1427 2714 1525 2774 38.
1569 2713 1645 2772 ab
1681 2703 2043 2792 Amphiarai

271 2818 519 2877 oraculo
578 2817 853 2876 Thebani
908 2816 998 2876 Id.
1055 2817 1216 2878 VIII.
1268 2814 1404 2874 134.
1461 2815 1537 2873 ab
1591 2815 1861 2873 Isthmiis
1905 2815 2044 2874 Elei

270 2918 570 2978 Plutarch.
628 2917 706 2977 de
746 2916 921 2994 Pyth.
968 2917 1070 2976 Or.
1116 2938 1163 2976 c.
1213 2915 1308 2975 13.
1353 2937 1413 2996 p.
1457 2914 1601 2974 2692.
1650 2913 1718 2973 T.
1763 2915 1820 2974 9.
1865 2915 2040 2975 Paus.
2068 2929 2080 2962 ι
2144 2914 2147 2931 ³

392 3042 454 3100 [b]
484 3045 639 3101 Populi
669 3044 850 3089 Romani
887 3044 1013 3087 sociis
1053 3057 1349 3099 nonnunquam
1378 3042 1626 3098 permissum
1657 3045 1722 3083 est
1750 3040 1795 3082 in
1825 3041 2040 3098 Capitolio

272 3116 397 3145 sacra
425 3105 582 3145 facere.
613 3119 654 3146 v,
685 3104 769 3147 Dio
801 3104 923 3146 Cass.
952 3102 1111 3145 LXIX.
1146 3100 1213 3145 15.
1244 3102 1338 3144 Liv.
1368 3100 1529 3143 XLIII.
1561 3098 1602 3141 6.
1631 3098 1790 3141 XLIV.
1823 3096 1891 3143 14.
1922 3100 2040 3141 Idem

273 3161 575 3218 gratificantur
614 3162 754 3205 Latiis
796 3163 973 3205 Oloutii.
1010 3176 1051 3203 v.
1096 3160 1325 3202 Chandler.
1366 3159 1510 3215 Antiq.
1550 3157 1688 3200 Asiat.
1720 3172 1764 3215 p.
1798 3157 1894 3200 135.
1923 3158 2039 3200 Her-

273 3220 511 3262 mionenses
541 3220 736 3264 Asinaeis
767 3222 976 3264 Murator.
1007 3220 1139 3262 Thes.
1182 3219 1238 3262 T.
1269 3220 1326 3261 II.
1358 3217 1457 3260 607.
1500 3216 1717 3258 Ludorum
1748 3221 1792 3258 et
1821 3228 2038 3259 sacrorum

275 3272 507 3321 communio
549 3293 677 3336 saepe
716 3281 890 3323 foedere
929 3284 1058 3337 pacta
1097 3278 1195 3321 Liv.
1225 3277 1351 3320 VIII.
1379 3273 1445 3318 14.
1475 3280 1519 3318 et
1548 3275 1592 3318 in
1622 3275 1758 3318 numis
1790 3275 2037 3329 consignata

275 3342 354 3379 est.
385 3352 425 3380 v.
456 3336 638 3381 Eckhel.
663 3338 818 3383 -Doctn
847 3339 975 3383 Num.
1008 3338 1064 3380 T.
1094 3337 1170 3380 IV.
1201 3337 1301 3380 388.
