2158 3848
217 197 345 259 676
741 204 976 250 menn
1022 203 1454 250 SECUNDUS.

213 344 447 405 ἅπασιν
507 336 1053 420 ἀπομιμουμένους
1108 335 1188 397 τὰ
1231 334 1371 417 περὶ
1413 332 1612 413 αὐτὴν
1643 331 1993 417 ,συμβάντα

213 437 445 510 θυσίας
501 438 607 501 καὶ
660 437 772 506 τὰς
827 437 1015 503 ἄλλας
1071 431 1255 515 τιμὰς
1309 434 1994 516 ἀπονεῖμαιγρῐίεοί-

215 558 358 620 que
426 536 873 597 imitamina
930 533 1128 591 facti
1186 549 1367 592 aera
1423 531 1614 592 deae
1671 535 1995 593 comites

213 655 596 715 raucaque
652 644 870 710 terga
905 639 1224 693 movent
1267 630 1451 692 ovid.
1490 633 1659 692 Fast.
1704 632 1808 693 IV.
1853 632 1996 693 211.

216 738 564 817 Stephanus
621 752 671 795 S.
713 734 906 816 ’Ἀγρα
950 768 1034 775 —
1076 731 1155 793 τὰ
1213 733 1406 813 μικροὶ
1449 731 1762 817 μυστήρια
1805 732 1997 815 μίμη-

213 863 304 920 μα
358 843 487 899 τῶν
542 832 684 915 περὶ
736 831 851 894 τὸν
906 829 1236 894 Διόνυσον.
1337 832 1494 890 Ister
1550 851 1648 912 ap.
1675 901 1679 905 ³
1705 832 1878 893 Suid.
1937 842 1998 892 et

213 939 420 1013 Etym.
491 933 575 993 M.
642 951 704 1010 p.
770 931 915 990 787.
971 932 1051 993 τὰ
1107 936 1236 1000 τοῖς
1300 932 1663 1018 Θαργηλίοις
1718 931 1998 1017 ἀγόμενα

212 1035 455 1100 τούτων
490 1031 816 1111 (sacrilegii
850 1050 889 1089 a
914 1031 1248 1091 Pharmaco
1281 1033 1615 1106 commissi,
1646 1031 1737 1091 ab
1762 1031 2001 1091 Achille

216 1136 443 1217 puniti)
502 1129 953 1213 ἄπομιμήματά
1007 1135 1152 1194 ἐστι.
1226 1130 1582 1192 Lactantius
1635 1133 1682 1191 Ι.
1739 1131 1841 1191 21.
1899 1131 2001 1192 38.

216 1237 476 1316 Ipsius
551 1231 780 1291 Jovis
851 1228 1149 1290 Cretici
1231 1250 1451 1292 sacra
1528 1231 1716 1312 quid
1784 1231 2001 1292 aliud

218 1353 438 1413 quam
492 1330 882 1410 quomodo
940 1332 1048 1389 sit
1103 1340 1238 1390 aut
1291 1332 1743 1392 subtractus
1786 1333 2003 1413 patri

217 1442 351 1492 aut
393 1432 738 1491 nutritus
775 1439 1002 1488 osten
1021 1429 1248 1490 dunt'.l
1291 1430 1431 1490 Hoc
1461 1433 1649 1508 igitur
1684 1433 1792 1512 qui
1824 1450 2004 1511 prae-

218 1542 490 1593 sumtum
546 1530 846 1602 habuere,
903 1548 1028 1588 non
1085 1529 1523 1590 admirandum
1578 1540 1672 1590 est
1724 1533 1780 1590 si
1823 1549 2006 1611 quos-

217 1633 370 1692 libet
424 1633 578 1690 ritus
634 1631 712 1690 ab
772 1649 896 1689 uno
957 1631 1164 1710 aliquo
1221 1630 1475 1690 definito
1520 1631 1682 1690 facto
1725 1641 2005 1710 repetere

218 1732 423 1793 conati
466 1741 634 1805 sunt,
671 1731 769 1791 his
803 1749 961 1811 quae
1000 1732 1216 1790 fierent
1250 1731 1443 1790 simili
1480 1740 1541 1789 et
1575 1741 2002 1791 consentaneo.

221 1830 341 1904 Qui
383 1831 522 1890 fons
567 1842 660 1891 est
702 1841 835 1890 tum
877 1831 1044 1889 illius
1091 1830 1169 1890 de
1212 1832 1444 1891 Diome
1489 1831 1736 1892 fabulae
1768 1835 1837 1910 [⁰]
1882 1832 2006 1892 Bu-

217 1933 594 2013 phoniorum
638 1947 823 1987 causa
864 1931 1184 2002 inventae,
1242 1940 1375 1989 tum
1419 1931 1680 1991 aliarum
1723 1934 2003 1992 innume-

217 2031 506 2092 rabilium
527 2074 544 2102 ‚
614 2047 872 2107 quarum
932 2047 1055 2087 una
1108 2030 1369 2088 alteram
1423 2028 1752 2109 redarguit.
1850 2032 2004 2091 Dio-

220 2136 720 2201 mumnarrant,
765 2127 931 2207 quod
976 2128 1200 2190 bovem
1247 2131 1534 2190 colonum
1577 2150 1790 2205 suum,
1850 2133 2004 2191 occi-

221 2231 428 2303 disset,
471 2230 538 2287 in
582 2230 833 2287 exilium
871 2238 1092 2301 actum,
1137 2247 1285 2288 mox
1319 2244 1530 2290 autem
1567 2232 1798 2292 oraculi
1824 2233 2006 2310 jussu

219 2337 578 2392 revocatum
640 2338 701 2387 et
750 2328 989 2406 judicio
1045 2329 1372 2390 liberatum
1439 2350 1602 2406 esse3
1671 2331 1818 2391 inde
1872 2351 2004 2392 coe-

221 2431 387 2510 pisse
432 2431 690 2487 mimum
734 2429 908 2488 illum
946 2429 1327 2506 judicialem.
1385 2431 1507 2491 Sed
1554 2452 1710 2512 quae
1753 2432 2007 2493 tandem

226 2547 408 2588 causa
461 2527 627 2598 fuit,
678 2547 782 2586 cur
827 2528 1118 2602 Tenedii,
1165 2550 1354 2609 quum
1399 2531 1625 2590 Libero
1668 2553 1803 2592 rem
1844 2533 2004 2594 divi-

221 2648 366 2688 nam
409 2627 698 2699 facerent,
744 2646 904 2700 eum,
950 2630 1054 2705 qui
1100 2632 1380 2690 votivum
1427 2633 1692 2691 vitulum
1735 2641 2007 2711 prostra-

225 2731 449 2800 visset,
504 2728 743 2806 impetu
795 2727 956 2785 facto
1013 2727 1328 2804 abigerent
1371 2739 1432 2787 et
1473 2730 1804 2807 fugientem
1847 2731 2005 2811 lapi-

228 2828 408 2887 dibus
452 2828 932 2887 insectarentur‘!
975 2826 1213 2887 Aelian.
1256 2828 1336 2887 H.
1379 2829 1497 2889 An.
1540 2831 1678 2890 XII.
1722 2830 1823 2890 34.
1879 2828 2005 2891 Cur

226 2927 396 3008 apud
449 2926 791 3007 Aegyptios
846 2948 923 2988 ex
951 2918 1228 2988 'numero
1282 2929 1716 3008 pollinctorum
1760 2932 1843 3005 is,
1899 2934 2006 3011 qui

228 3027 573 3087 dissecandi
625 3027 943 3090 cadaveris
996 3029 1242 3087 initium
1286 3028 1559 3104 fecisset,
1614 3031 1780 3090 illico
1824 3050 1892 3091 se
1934 3033 2002 3092 in
2052 3110 2054 3112 v

226 3129 433 3206 fugam
487 3128 747 3205 conjecit
799 3115 1159 3192 διωκόντων
1209 3137 1339 3192 τῶν
1395 3130 1854 3212 συμπαρόντων
1895 3133 2002 3195 καὶ

230 3227 445 3297 λίθοις
493 3226 857 3308 βαλλόντων
928 3229 1015 3290 ἔτι
1068 3227 1138 3290 δὲ
1193 3232 1651 3312 καταρωμένων
1708 3232 1895 3292 Diod.
1950 3234 1997 3291 Ι.

345 3352 408 3408 [⁶]
442 3367 481 3394 v.
513 3351 721 3409 Epimetr.
754 3352 892 3396 XVII.
