2158 3848
187 246 311 304 766
713 261 944 303 meua
990 261 1413 307 SECUNDUs.

187 407 346 447 nam
404 389 907 465 significantibus»,
978 391 1140 469 quud
1195 411 1316 450 non
1373 396 1646 474 ineptum
1705 395 1948 455 videtur

182 488 422 546 Brimus
480 488 926 567 hypocorisma.
1036 490 1159 549 Sed
1207 493 1337 568 jam
1395 496 1577 553 nimis
1630 484 1827 554 multa
1871 494 1946 553 de

183 606 248 645 re
302 606 497 666 neque
552 604 774 663 magna
831 605 1023 667 neque
1083 609 1394 669 unquam‚·
1435 603 1504 652 ut
1550 588 1843 665 arbitror,
1884 596 1945 652 in

182 697 459 765 apertum
505 704 778 746 evasura.
1228 702 1229 707 ’

347 786 547 844 Altius
591 786 869 846 evehitur
914 786 1218 847 Welckeri
1258 792 1619 868 conjectura,
1665 791 1945 871 Tritopa-

179 896 338 944 trum
397 887 648 943 nomine
692 886 1071 963 Trittyarum
1114 898 1339 968 patres
1364 891 1688 967 significari
1730 904 1947 970 putan-

179 987 256 1043 tis
299 986 363 1043 in
408 984 631 1062 Trilog.
662 985 942 1063 Aeschyl.
989 1008 1046 1067 p.
1099 987 1233 1047 152.
1279 990 1454 1069 'quod
1490 992 1595 1069 qui
1638 990 1772 1048 fieri
1803 1007 1945 1069 pos-

176 1086 286 1158 sit,
342 1102 380 1143 a
433 1085 569 1145 viro
625 1084 806 1149 docto
862 1087 1015 1145 mihi
1059 1087 1276 1167 subjici
1320 1091 1519 1169 cupio.
1603 1086 1765 1150 Num
1799 1106 1949 1156 -cgon-

177 1194 297 1243 stat
340 1183 613 1260 Trittyas
671 1193 778 1243 aut
835 1188 1125 1263 singulas*
1145 1191 1433 1269 proprios
1478 1200 1584 1249 aut
1627 1192 1944 1251 universas

178 1301 528 1343 communes
594 1284 873 1343 coluisse·
913 1288 1236 1364 parentes?
1325 1299 1442 1348 aut·
1485 1292 1538 1348 si
1595 1291 1718 1348 hoc·
1762 1291 1948 1347 nimis

175 1392 426 1460 anguste
484 1383 856 1459 interrogare
883 1384 1162 1457 videor,
1249 1400 1411 1446 num·
1452 1388 1791 1448 Demerum
1846 1398 1951 1446 aut

175 1483 592 1542 Phratriarum
637 1491 744 1540 aut
780 1481 1071 1543 Gentium
1118 1496 1224 1544 aut
1267 1479 1568 1545 Tribuum
1604 1487 1811 1567 patres
1830 1487 1950 1546 >de-

172 1583 514 1642 monstrari
546 1582 845 1661 possunt?
888 1580 1067 1642 Certe
1109 1594 1234 1645 non
1272 1594 1563 1665 'possunt3
1606 1604 1753 1646 namv
1795 1586 1951 1654 Ζεὺς

176 1681 474 1767 φράτριος
530 1692 591 1741 et
637 1686 872 1762 Ἀθηνᾶ
929 1685 1204 1768 φρατρία
1261 1695 1442 1766 atque
1486 1687 1804 1767 Eponymi
1845 1703 1950 1750 ner

175 1802 292 1864 que
356 1782 886 1866 φρατριοπάτορες
953 1802 1150 1863 neque
1206 1786 1630 1869 φυλοπάτορες
1683 1802 1950 1864 unquam

174 1892 486 1943 vocantur.
551 1883 765 1961 Itaque
801 1884 887 1942 eb
931 1886 1126 1943 solam
1172 1886 1439 1944 nominis
1485 1884 1952 1945 'similitudinem

174 1982 532 2043 Welckerus
576 1962 874 2061 repugnat
917 1985 1278 2061 antiquariis
1322 1986 1554 2057 atticis,
1599 1988 1702 2064 qui
1746 1985 1829 2044 de
1857 1988 1950 2044 in-

178 2082 442 2152 dustria,
511 2091 581 2140 ut
636 2090 922 2160 apparet,
978 2071 1139 2140 'hanc
1193 2098 1341 2142 rem·
1383 2087 1637 2145 scrutati
1693 2095 1835 2144 sunt
1890 2095 1952 2144 et
2035 2126 2037 2130 .

179 2182 558 2257 Trittyarum
615 2199 786 2240 sacra
799 2224 816 2253 ‚
861 2182 914 2239 si
958 2200 1078 2260 qua
1123 2173 1623 2261 Tritopateribus
1667 2186 1952 2247 instituta

178 2289 379 2353 erant,
448 2290 608 2339 certe
674 2282 913 2358 cognita
976 2280 1350 2354 habuerunt,
1419 2283 1496 2342 ab
1562 2285 1672 2344 illa
1741 2294 1951 2344 autem

177 2383 520 2459 conjectura
563 2381 918 2458 longissime
961 2380 1260 2440 aberrant.
1306 2379 1610 2457 Ceterum,
1654 2392 1724 2443 ut
1761 2384 1949 2446 verbo

116 2531 119 2533 ,
175 2479 534 2559 expediam,
568 2480 1087 2562 ›Trittyopatores
1129 2483 1222 2541 illi
1267 2481 1510 2541 dicendi
1552 2484 1839 2557 fuissent,
1881 2493 1951 2543 ut

177 2577 598 2663 τριττυάρχαι.
1356 2567 1368 2571 ⁸

343 2677 444 2738 Ad
511 2679 797 2738 ultimum
845 2679 1222 2739 .Lambecius
1290 2692 1351 2739 et
1417 2681 1810 2739 Bartholinus
1869 2680 1947 2740 de

178 2779 463 2857 Puerper.
520 2798 582 2858 p.
642 2778 738 2837 ll.
791 2779 856 2836 in
912 2777 1176 2837 Himerii
1233 2778 1333 2837 Or.
1389 2780 1433 2837 I.
1491 2779 1591 2838 21.
1637 2780 1778 2839 366.
1835 2787 1947 2842 Γε-

179 2878 448 2948 νεθλίοις
490 2879 735 2942 παίδων
777 2880 1016 2964 γένεσιν
1058 2878 1280 2941 δοῦναι
1324 2877 1761 2960 προςεύξομαι,
1822 2880 1946 2937 (ἴθ-

179 2978 549 3037 nethliorum
604 2980 854 3038 nomine
914 2977 1292 3056 Tritopatres
1336 2980 1659 3056 significari
1702 2988 1946 3037 conten-

180 3077 366 3149 dunt,
422 3079 820 3157 similiterque
872 3077 1258 3154 Musgravius
1311 3080 1376 3136 in
1432 3079 1576 3137 Eur.
1621 3079 1747 3136 Ion.
1802 3078 1944 3137 635.

180 3176 376 3259 (655.)
430 3177 538 3237 ubi
591 3178 965 3238 Erechtheus
1023 3182 1191 3247 θεοῖς
1233 3180 1500 3263 γενέταις
1544 3197 1610 3237 se
1654 3179 1945 3237 sacrifica-

183 3288 386 3336 turum
440 3277 620 3351 dicit,
678 3297 782 3338 eos
834 3279 1091 3355 intelligi
1146 3279 1294 3338 vult.
1390 3279 1617 3338 Verum
1663 3277 1946 3356 Tritopa-

182 3387 344 3448 trum
403 3378 598 3437 cultus
652 3396 691 3437 a
742 3378 891 3438 solis
945 3378 1443 3451 Atheniensibus,
1504 3388 1572 3438 ut
1627 3376 1944 3454 Phanode-
