2158 3848
286 225 408 285 398
809 237 1044 283 LIBER
1087 237 1512 285 SECUNDUS.

284 379 410 442 „et
479 366 869 440 Thaliam,
951 371 1108 431 κατὰ
1163 370 1360 432 ταύτὰ
1417 370 1484 432 δὲ
1540 373 1608 435 ἐν
1663 375 1868 438 ἔπεσίν
1921 379 2045 439 ἐστι

283 474 459 541 ,,τοῖς
495 468 960 549 Ὀνομακρίτου·
1005 471 1081 526 in
1127 468 1463 549 Orphico
1515 490 1701 532 vero
1744 473 2044 549 Hymno

282 567 552 642 „XLIX
619 566 1120 645 appellantur
1175 571 1514 654 θυγατέρες
1573 571 1774 652 Ζηνός
1825 599 1888 636 τε
1944 575 2048 636 καὶ

279 666 682 747 ,,Εὗνομίης,
740 667 1016 750 Ἀγλαΐη,
1081 668 1266 746 Θαλίη
1323 694 1387 730 τε
1443 671 1548 732 καὶ
1603 672 2047 755 Εὗφροσύνη.“

276 768 361 827 At
403 767 542 824 hinc
584 766 790 844 potius
835 766 1006 843 sequi
1051 765 1315 840 videtur,
1359 767 1825 832 Onomacritum
1850 772 2048 850 Hym-

275 884 496 926 norum
555 873 866 924 auctorem
923 883 1047 923 non
1104 885 1252 925 esse.
1339 866 1500 927 Nam
1555 850 1742 932 iniis
1784 874 2047 932 nomini—

274 966 422 1040 buS‚
493 983 646 1044 quae
715 963 790 1022 ab
849 965 1133 1024 omnibus
1191 965 1408 1026 eodem
1465 968 1652 1027 modo
1706 971 2047 1044 traduntur,

276 1066 460 1126 ambo
521 1066 932 1136 consentiunt,
1001 1064 1369 1125 dissentiunt
1423 1077 1627 1128 autem
1682 1070 1749 1128 in
1800 1073 2048 1131 nomine
2100 1090 2116 1119 ss

274 1169 488 1226 matris
543 1166 809 1226 maxime
867 1166 1280 1227 controverso.
1391 1166 1515 1226 Sed
1557 1170 1848 1233 nimirum
1893 1169 2047 1229 hanc

274 1266 746 1347 discrepantiam
805 1266 1088 1323 eximunt
1134 1262 1343 1324 Critici
1388 1266 1538 1325 dum
1577 1279 1685 1328 aut
1726 1268 2044 1346 Hymnum

273 1366 352 1425 ad
399 1365 756 1444 exemplum
801 1365 1139 1423 Pausaniae
1183 1374 1243 1423 et
1262 1365 1526 1425 Hesiodi
1570 1369 1895 1446 corrigunt,
1940 1381 2047 1429 aut

269 1466 489 1527 horum
549 1465 788 1542 utrique
842 1481 1067 1522 nomen
1120 1465 1403 1545 Εὐνομία.
1457 1485 1533 1524 ex
1573 1465 1826 1543 Hymno
1869 1471 2045 1528 resti-

270 1574 478 1638 tuunt,
524 1580 782 1643 quorum
826 1573 1109 1622 neutrum
1156 1563 1372 1643 probo,
1414 1568 1723 1644 posterius
1766 1568 2044 1628 funditus

268 1665 552 1745 reprobe.
608 1664 765 1725 Nam
808 1662 1144 1747 Εὓρυνόμη
1190 1674 1475 1724 constans
1523 1674 1617 1724 est
1658 1668 1724 1725 in
1764 1666 2042 1728 Hesiodo
2102 1676 2109 1684 ¹

270 1774 333 1824 et
389 1765 690 1825 Pausania
731 1766 946 1837 lectio,
1006 1783 1198 1844 eoque
1254 1766 1503 1824 nomine
1562 1776 1758 1826 mater
1802 1768 2043 1828 Gratia-

171 1933 173 1935 *
266 1884 404 1924 rum
461 1884 647 1944 saepe
702 1866 1055 1942 insignitur,
1099 1883 1223 1923 non
1267 1865 1469 1924 solum
1514 1866 1592 1926 ab
1635 1866 2040 1948 Apollodoro,

269 1965 500 2025 Seneca
543 1975 605 2023 et
648 1965 854 2042 Etym.
897 1964 981 2023 M.
1027 1983 1179 2043 quos
1205 1965 1589 2026 Burmannus
1633 1968 1918 2046 producit
1961 1967 2042 2026 ad

266 2065 516 2124 Anthol.
571 2066 618 2123 I.
675 2065 790 2144 Ep.
848 2066 948 2124 77.
1005 2063 1114 2123 sed
1159 2066 1344 2124 etiam
1390 2062 1765 2126 Callimacho
1782 2062 1858 2148 [¹¹]
1903 2066 2040 2126 Ori-

267 2185 419 2243 gene
433 2160 505 2246 [ἰ]
552 2174 613 2223 et
658 2162 930 2224 Cornuto
942 2162 1050 2246 [¹³];
1094 2165 1401 2224 Eunomia
1447 2176 1686 2239 autem,
1742 2184 1864 2245 quo
1910 2184 2039 2225 mo-

386 2331 446 2391 [h]
478 2333 675 2390 Heynius
703 2335 748 2377 in
779 2334 928 2391 Suppl.
959 2334 1010 2376 ΙΙ.
1038 2334 1093 2376 T.
1108 2334 1209 2378 VII.
1237 2350 1280 2392 p.
1296 2335 1397 2378 800.
1429 2335 1560 2378 affert
1589 2349 1758 2378 versum
1788 2332 2039 2382 ἀδέσποτον

267 2407 292 2435 e
330 2393 473 2436 Schol.
515 2394 565 2436 n.
607 2393 772 2436 XVIII.
815 2393 916 2438 396.
964 2395 1020 2437 Οἱ
1058 2392 1108 2437 δὲ
1145 2407 1234 2451 μεκ
1276 2394 1383 2450 (sic)
1422 2389 1665 2452 Εὐρυνόμη
1702 2391 1909 2449 Τιτηνιὰζ·
1936 2389 2036 2437 εἶπε

266 2452 376 2507 (sic)
405 2453 558 2507 ἔτικτε,
590 2452 644 2494 de
676 2467 759 2508 quo
790 2452 1003 2509 desperat.
1033 2452 1101 2494 De
1133 2453 1384 2494 Gratiarum
1413 2458 1551 2494 matre
1581 2453 1689 2495 haec
1717 2452 1818 2506 dici,
1848 2467 1875 2495 e
1899 2452 2037 2509 Scho-

265 2509 323 2550 lio
364 2511 457 2566 ipso
499 2515 702 2565 apparet:
743 2510 796 2551 de
839 2511 1112 2552 restitutione
1142 2525 1292 2553 versus
1323 2525 1450 2567 quum
1479 2511 1768 2554 Hermaunum
1799 2511 2033 2554 consuluis-

269 2581 380 2619 sem,
421 2568 643 2623 respondit
684 2568 785 2622 mihi
828 2569 964 2610 verba
994 2569 1248 2618 Callimachi
1287 2583 1382 2610 esse
1422 2574 1536 2611 teste
1566 2569 1795 2625 Apollonio
1837 2569 1891 2612 de
1921 2568 2036 2612 Con-

261 2627 396 2682 junct.
428 2640 470 2681 p.
503 2625 601 2668 505.
631 2628 948 2683 Καλλίμαχος·
985 2625 1091 2669 Οὐδ’
1124 2625 1231 2669 ἕνεκ’
1266 2623 1509 2685 Εὐρυνόμη
1547 2625 1773 2683 Τιτηνιάς,
1806 2642 1916 2683 quae
1945 2641 2035 2669 me-

263 2685 348 2727 lius
379 2683 527 2726 afferri
558 2698 583 2725 a
611 2683 764 2726 Bastio
796 2683 850 2725 ad
882 2684 1018 2739 Greg.
1051 2699 1094 2740 p.
1118 2683 1216 2725 899.
1240 2684 1847 2742 οιδενεκευρυνομητιτηνιας.
1879 2684 2035 2742 anue

261 2743 480 2799 jungenda
507 2742 648 2785 videri
676 2757 769 2784 cum
801 2741 963 2784 Gallim.
998 2744 1069 2784 Fr.
1103 2741 1439 2784 CCCCLXVII.
1470 2742 1626 2785 Blomf.

500 2796 594 2843 oid*
628 2799 736 2844 ἕνεκ’
772 2796 1014 2874 Εὐρυνόμη
1051 2796 1281 2856 Τιτηνιάς,
1314 2803 1440 2859 εἴπερ
1470 2800 1609 2844 ἔτικτε

491 2857 569 2908 τὰς
597 2857 753 2908 ῖδανὰς
783 2863 995 2914 Χαριτας.

263 2918 386 2960 Haec
414 2918 685 2960 Hermannus
716 2932 793 2960 nos
823 2918 992 2969 docuit3
1021 2910 1199 2975 μεγάλα
1222 2912 1287 2973 χά
1318 2933 1357 2965 ις
1388 2914 1530 2972 αὐτῷὶ

383 2976 442 3032 [i]
475 2972 719 3034 Αἰγύπτιοι,
749 2974 830 3019 οὐκ
861 2975 1011 3019 οἴδασι
1039 2978 1091 3034 τῇ
1120 2978 1254 3033 σφῶν
1283 2932 1499 3031 gaal-§urcy
1519 2969 1834 3033 Μνημοσύνην
1860 2974 2029 3033 μητέρα

263 3038 492 3090 Μουσῶν,
537 3033 642 3079 οὐδὲ
677 3037 818 3093 Θέμιν
842 3031 1012 3090 Ὡρῶν,
1054 3033 1158 3078 οὐδὲ
1187 3030 1460 3091 Εὐρυνόμην
1487 3037 1601 3091 μίαν
1630 3035 1719 3076 τῶν
1750 3037 1960 3091 Χαρίτων
1988 3047 2026 3076 ο.

264 3093 378 3136 Cels.
423 3094 480 3136 T.
513 3090 612 3136 340.
651 3093 706 3136 D.
752 3093 818 3149 (p.
864 3093 959 3148 18.)
1000 3093 1072 3134 ubi
1110 3096 1281 3152 μητέρα
1313 3091 1552 3134 emendant.
1593 3092 1771 3134 Gratias
1801 3091 2028 3148 Aegyptiis

260 3152 431 3206 ignotas
461 3166 554 3194 esse
583 3152 720 3194 tradit
746 3151 994 3194 Herodotus
1022 3151 1083 3194 II.
1116 3151 1186 3193 50.
1727 3159 1730 3162 ’
2021 3158 2024 3162 ’

381 3208 447 3264 [k]
480 3210 533 3252 de
572 3211 679 3253 Nat.
710 3209 840 3253 Deor.
873 3225 910 3252 c.
942 3210 1038 3252 XV.
1083 3207 1193 3259 Διὸς
1229 3212 1483 3267 θυγατέρας
1526 3203 1748 3267 Χάριτας·
1794 3209 1838 3251 οἱ
1901 3207 1952 3251 ὲν
1978 3205 2028 3255 ἐξ

260 3265 577 3326 Εὐρυδομένης
605 3264 916 3326 (Εὗρυδόμης)
943 3269 992 3311 υἱ
1021 3266 1061 3310 ‹5'
1092 3266 1372 3326 Εὐρυνόμης,
1403 3266 1518 3315 τινὲς
1547 3265 1639 3318 δ’ἐξ
1666 3265 1846 3324 Εὐρυμε
1878 3260 2024 3318 οὔσης·
2094 3315 2100 3321 ,

261 3327 318 3368 cf.
361 3325 590 3368 Schrader.
633 3328 770 3368 Anim.
813 3326 868 3367 ad
910 3327 1134 3369 Musaeum
1174 3341 1218 3383 p.
1264 3326 1362 3368 189.
1421 3325 1472 3366 In
1504 3338 1699 3381 seqq.·p.
1735 3323 1831 3366 163.
1861 3324 2026 3378 ἱλαρῶς

261 3382 589 3441 εὐεργετουσῶν
619 3383 884 3428 scribendum
914 3398 992 3440 pro
1023 3386 1191 3440 ἱλαρῶν
1236 3384 1481 3442 εὐεργετῶν
1520 3381 1678 3426 οὐσῶν.
1720 3380 2022 3424 Reconditiora

2145 2498 2158 2510 ’Σ
2144 2434 2158 2483 :D
2145 2311 2158 2423 ἀἵδε--
2149 2287 2158 2301 .-
2153 2179 2158 2253 --q-
