2158 3848
786 224 1241 269 onpnch.
1782 214 1905 278 513

130 367 385 438 quutum
430 371 591 429 esse;
649 369 866 415 versus
920 354 1045 431 ipsi
1099 355 1204 433 qui
1247 363 1510 428 restant,
1573 356 1652 416 de
1696 372 1906 422 contu-

127 456 475 518 bernalibus
521 453 623 514 dei
664 450 1008 536 accipiendi
1052 463 1228 527 sunt,
1294 474 1431 515 eam
1478 457 1645 517 vitae
1699 462 1907 522 condi-

125 559 358 617 tionem
398 555 625 627 nactis,
686 571 874 633 quam
926 553 1031 613 ille
1085 552 1315 615 barbae
1371 573 1707 637 comaeque
1760 563 1909 622 viri-

123 656 221 717 dis
263 654 543 715 ubertate
585 653 860 715 declarat
874 649 967 734 [Ἴ.
1053 652 1173 714 His
1227 651 1354 715 non
1409 641 1682 719 alienum
1734 658 1907 721 vide-

122 766 223 817 tur
263 755 614 829 adstruere,
675 774 836 835 quae
880 753 1164 835 Orpheus
1225 756 1349 815 alio
1402 755 1542 818 loco
1587 755 1680 818 de'
1707 759 1909 838 homi-

119 875 268 916 num
310 857 596 938 priorum
639 856 974 918 vivacitate
1022 854 1199 940 dixit.
1286 856 1648 919 Plutarchus
1691 859 1907 943 Symp.

120 956 283 1017 VIII.
338 956 399 1017 4.
452 958 511 1017 2.
580 957 613 1020 ὅ
673 961 882 1040 φοῖνιξ
897 951 968 1036 [¹]
1027 953 1383 1039 μακρόβιόν
1435 959 1606 1022 ἐστιν
1658 962 1728 1023 ἐν
1779 968 1909 1032 τοῖς

120 1055 390 1140 μάλιστα
432 1065 563 1122 τῶν
607 1063 852 1140 φυτῶν,
895 1055 980 1125 ὥς
1021 1079 1146 1117 που
1190 1055 1400 1117 καὶτὰ
1437 1057 1715 1140 Ὀρφικοὶ
1751 1069 1906 1124 ταῦ-

121 1182 200 1221 τα
242 1154 674 1241 μεμαρτύρηκε

457 1298 528 1308 -
602 1300 667 1307 —-
742 1268 871 1332 ζῶον
903 1264 950 1320 δ’
985 1265 1098 1320 ἴσον
1130 1262 1463 1337 ἀκροκόμοισι

264 1354 518 1408 Φοινίκων
549 1352 746 1424 ἕρνεσσι
767 1351 852 1421 [k].

119 1475 306 1538 quem
347 1456 555 1516 locum
578 1455 848 1516 Varroni
890 1473 989 1535 ap.
1032 1454 1310 1514 Lactant.
1352 1455 1500 1516 Inst.
1539 1457 1615 1518 ΙΙ.
1665 1458 1761 1520 12.
1804 1461 1906 1523 21.

118 1558 440 1637 Plinioque
470 1555 604 1617 vll.
646 1555 750 1617 49.
792 1557 1074 1634 ignotum
1115 1554 1309 1614 fuisse
1351 1574 1599 1617 necesse
1644 1569 1758 1634 est,
1801 1565 1908 1642 qui

118 1657 469 1719 Hesiodum
522 1658 797 1738 primum
855 1654 934 1715 de
987 1655 1435 1736 longinquitate
1477 1658 1647 1718 vitae
1700 1657 1910 1741 aliqua

118 1757 472 1840 prodidisse
514 1755 808 1831 scribunt3
869 1754 1036 1836 quod
1086 1754 1255 1816 idem
1299 1755 1570 1816 dixerim
1626 1757 1705 1817 de
1746 1759 1908 1839 Aga-

118 1857 437 1920 tharchide
478 1857 655 1917 Phot.
702 1853 873 1917 CCL.
930 1875 992 1937 p.
1036 1855 1182 1915 719.
1238 1865 1301 1915 et
1329 1854 1618 1944 ‘Josep‘ho
1660 1857 1906 1942 Antiqq.

117 1960 165 2019 I.
208 1958 269 2020 4.
306 1959 365 2019 9.
419 1959 525 2039 qui
566 1955 882 2030 Hesiodo,
941 1953 1258 2015 Hecataeo
1313 1966 1376 2016 et
1416 1956 1744 2019 Hellanico
1798 1979 1907 2021 au-

120 2057 390 2120 ctoribus
431 2059 629 2119 utitur
671 2055 753 2118 ad
811 2055 1235 2138 probandum,
1294 2057 1578 2119 homines
1632 2059 1710 2119 ab
1767 2070 1908 2123 ortu

117 2158 336 2221 mundi
362 2159 689 2242 propiores
713 2158 914 2220 vitam
955 2157 1316 2235 longissime
1358 2158 1725 2222 extendisse.
1780 2162 1908 2223 Sed

121 2259 203 2320 ad
247 2259 672 2338 Theogoniam
713 2267 1011 2320 revertor.
1348 2256 1349 2259 ’

244 2441 314 2502 [l]
343 2440 523 2503 Κρόνος
550 2441 756 2501 εὖχαίτης
781 2442 828 2485 in
859 2442 1049 2486 Oraculo
1080 2457 1150 2500 ap.
1181 2442 1344 2486 Euseb.
1377 2442 1451 2485 Pr.
1480 2442 1565 2487 Ev.
1595 2443 1673 2486 VI.
1691 2443 1792 2489 238.
1818 2443 1904 2490 λά-

125 2517 222 2554 σιος
248 2503 294 2546 in
321 2503 520 2545 versibus
538 2501 784 2545 Antimachi
812 2501 888 2544 R.
918 2501 1082 2545 XXIV.
1114 2516 1156 2558 p.
1177 2500 1249 2545 72.
1280 2501 1562 2560 εὐρυγένειος
1577 2502 1719 2546 Noun.
1735 2504 1904 2548 XVIII.

122 2562 223 2605 229.
254 2563 440 2604 fortasse
469 2561 526 2604 ob
555 2560 734 2604 eandem
765 2573 952 2613 causam,
984 2574 1227 2617 quanquam
1255 2560 1333 2603 illa
1361 2560 1555 2617 epitheta
1575 2567 1755 2617 possunt
1772 2564 1902 2608 etiam
1931 2595 1935 2599 ›

123 2635 151 2664 a
190 2621 330 2663 forma
367 2619 567 2663 derivata
608 2633 703 2662 esse
743 2633 871 2676 quam
899 2619 1106 2676 Philyrae
1135 2621 1303 2663 amator
1329 2618 1496 2673 induit3
1526 2621 1668 2671 ἵππος
1686 2619 1902 2680 χαιτήεις,

122 2678 375 2737 λασιαύχην
401 2679 494 2722 fere
522 2683 776 2736 perpetuum
805 2683 886 2722 est.

243 2763 313 2824 [ἱ]
346 2766 474 2819 Quae
502 2765 788 2810 Grammatici
817 2765 871 2809 de
901 2770 1085 2811 accentu
1114 2765 1266 2809 horum
1294 2764 1504 2809 nominum
1533 2765 1820 2822 praecipiunt,
1848 2767 1904 2811 de

126 2826 347 2869 vocalibus
384 2825 431 2868 in
473 2825 776 2870 terminatione
818 2825 972 2883 positis
1009 2825 1186 2877 valent3
1227 2839 1365 2881 neque
1407 2826 1546 2882 κῆρυξ
1574 2830 1620 2868 et
1648 2827 1791 2882 ψῦξαι
1819 2826 1902 2869 sibi

124 2890 381 2942 repugnant,
408 2889 459 2928 ut
485 2889 615 2941 putat
639 2883 928 2928 Buttmannus
957 2885 1148 2927 Gramm.
1179 2884 1260 2926 Gr.
1290 2884 1349 2927 T.
1378 2883 1438 2926 H.
1467 2881 1569 2926 399.

248 2968 311 3029 [Β]
340 2972 429 3015 Pro
459 2966 756 3030 ἀκροκόμοισι
783 2972 894 3016 male
921 2972 1125 3016 Reiskius
1155 2967 1321 3031 ἅβροκό
1361 2986 1450 3015 οισι
1478 2968 1689 3012 emendat.
1743 2966 1902 3029 Ἀκρό-

129 3044 266 3087 κομοι
306 3033 509 3088 φοίνικες
536 3029 719 3086 Dionys.
758 3030 931 3088 Perieg.
976 3030 1102 3074 1080.
1144 3031 1287 3074 Nonn.
1361 3030 1445 3072 ion.
1476 3027 1570 3070 XV.
1605 3028 1701 3071 112.
1731 3025 1903 3085 ὑψίκο-

129 3103 212 3146 μοι
241 3088 425 3145 Gregor.
452 3089 566 3132 Naz.
596 3088 737 3131 Laud.
766 3089 891 3146 Virg.
919 3105 963 3147 p.
992 3088 1064 3133 46.
1095 3090 1154 3132 T.
1186 3089 1245 3131 ΙΙ.
1287 3087 1446 3131 aerio
1477 3086 1750 3130 sublimes
1779 3101 1901 3130 ver-

132 3146 249 3189 tice
288 3146 510 3204 palmae
539 3147 742 3190 Lactant.
782 3146 984 3192 Phoenic.
1025 3163 1066 3192 v.
1106 3147 1177 3190 69.
1221 3148 1275 3191 cf.
1306 3145 1435 3188 Diod.
1465 3145 1524 3187 II.
1555 3143 1627 3191 53.
1659 3159 1901 3203 quanquam

131 3207 287 3263 φοῖνιξ
316 3201 566 3265 ἁβρόκομος
593 3205 753 3249 dicitur
778 3205 888 3250 Bur.
916 3206 1012 3265 Iph.
1042 3207 1095 3250 A.
1127 3205 1253 3248 1099.
1309 3204 1378 3247 De
1414 3203 1650 3248 vivacitate
1678 3205 1773 3261 ejus
1800 3205 1900 3248 Am-

130 3263 249 3307 bros.
290 3264 499 3308 Hexaem.
537 3263 700 3309 LVIII.
741 3278 778 3308 c.
809 3264 878 3310 1⁷.
918 3280 962 3335 p.
991 3261 1062 3308 44.
1100 3264 1291 3307 Palma
1332 3262 1526 3306 virens
1556 3277 1768 3320 semper
1796 3277 1901 3307 ma·-

132 3327 227 3366 net
278 3321 721 3367 conservatione
776 3327 830 3365 et
882 3321 1275 3367 diuturnitate
1314 3321 1600 3366 foliorum.
1666 3321 1900 3380 Dionysius

133 3394 199 3439 ap.
233 3381 395 3426 Euseb.
426 3379 500 3423 Pr.
530 3380 614 3425 Ev.
642 3381 765 3426 XIV.
794 3380 867 3426 25.
895 3381 998 3429 775.
1022 3377 1395 3443 μακροβιωτάτην
1423 3385 1567 3424 vocat.

1485 3453 1567 3513 33
