<?xml version="1.0" encoding="UTF-8"?>
<!DOCTYPE html PUBLIC "-//W3C//DTD XHTML 1.0 Transitional//EN"
    "http://www.w3.org/TR/xhtml1/DTD/xhtml1-transitional.dtd">
<html xmlns="http://www.w3.org/1999/xhtml" xml:lang="en" lang="en">
 <head>
  <title>
</title>
<meta http-equiv="Content-Type" content="text/html;charset=utf-8" />
  <meta name='ocr-system' content='tesseract 3.04.00' />
  <meta name='ocr-capabilities' content='ocr_page ocr_carea ocr_par ocr_line ocrx_word'/>
</head>
<body>
  <div class='ocr_page' id='page_1' title='image "./aglaophamussived01lobeuoft_0036.png"; bbox 0 0 2176 3886; ppageno 0'>
   <div class='ocr_carea' id='block_1_1' title="bbox 215 202 1397 262">
    <p class='ocr_par' dir='ltr' id='par_1_1' title="bbox 215 202 1397 262">
     <span class='ocr_line' id='line_1_1' title="bbox 215 202 1397 262; baseline 0 -10"><span class='ocrx_word' id='word_1_1' title='bbox 215 202 300 262; x_wconf 82' lang='lat'>20</span> <span class='ocrx_word' id='word_1_2' title='bbox 807 209 1044 253; x_wconf 84' lang='lat' dir='ltr'><strong>LIBER</strong></span> <span class='ocrx_word' id='word_1_3' title='bbox 1087 209 1397 253; x_wconf 87' lang='lat' dir='ltr'><strong>PRIMUS.</strong></span> 
     </span>
    </p>
   </div>
   <div class='ocr_carea' id='block_1_2' title="bbox 213 337 2003 2963">
    <p class='ocr_par' dir='ltr' id='par_1_2' title="bbox 213 337 2003 2814">
     <span class='ocr_line' id='line_1_2' title="bbox 218 337 1993 418; baseline -0.001 -15"><span class='ocrx_word' id='word_1_4' title='bbox 218 337 694 403; x_wconf 88' lang='lat' dir='ltr'>concelebranda</span> <span class='ocrx_word' id='word_1_5' title='bbox 748 340 1067 402; x_wconf 84' lang='lat' dir='ltr'><strong>Eleusinia</strong></span> <span class='ocrx_word' id='word_1_6' title='bbox 1135 341 1546 413; x_wconf 90' lang='lat' dir='ltr'>confluebant,</span> <span class='ocrx_word' id='word_1_7' title='bbox 1612 341 1678 399; x_wconf 92' lang='lat' dir='ltr'>in</span> <span class='ocrx_word' id='word_1_8' title='bbox 1732 355 1993 418; x_wconf 86' lang='lat' dir='ltr'>aequum</span> 
     </span>
     <span class='ocr_line' id='line_1_3' title="bbox 217 433 1994 528; baseline -0.003 -27"><span class='ocrx_word' id='word_1_9' title='bbox 217 459 394 528; x_wconf 74' lang='lat' dir='ltr'>suum</span> <span class='ocrx_word' id='word_1_10' title='bbox 431 441 535 519; x_wconf 91' lang='lat' dir='ltr'>jus</span> <span class='ocrx_word' id='word_1_11' title='bbox 577 433 933 520; x_wconf 85' lang='lat' dir='ltr'>reciperent.</span> <span class='ocrx_word' id='word_1_12' title='bbox 984 440 1136 514; x_wconf 80' lang='lat' dir='ltr'>Quis</span> <span class='ocrx_word' id='word_1_13' title='bbox 1180 461 1366 522; x_wconf 90' lang='lat' dir='ltr'>porro</span> <span class='ocrx_word' id='word_1_14' title='bbox 1410 440 1621 512; x_wconf 90' lang='lat' dir='ltr'>nescit,</span> <span class='ocrx_word' id='word_1_15' title='bbox 1648 439 1994 511; x_wconf 79' lang='lat' dir='ltr'>Romanos,</span> 
     </span>
     <span class='ocr_line' id='line_1_4' title="bbox 215 537 1998 621; baseline -0.003 -21"><span class='ocrx_word' id='word_1_16' title='bbox 215 558 476 621; x_wconf 90' lang='lat' dir='ltr'>quorum</span> <span class='ocrx_word' id='word_1_17' title='bbox 517 541 770 621; x_wconf 88' lang='lat' dir='ltr'>plurimi</span> <span class='ocrx_word' id='word_1_18' title='bbox 812 541 1131 601; x_wconf 84' lang='lat' dir='ltr'>Eleusinia</span> <span class='ocrx_word' id='word_1_19' title='bbox 1173 549 1564 621; x_wconf 87' lang='lat' dir='ltr'>acceperunt,</span> <span class='ocrx_word' id='word_1_20' title='bbox 1607 537 1873 597; x_wconf 88' lang='lat' dir='ltr'>alienam</span> <span class='ocrx_word' id='word_1_21' title='bbox 1917 538 1998 603; x_wconf 87' lang='lat' dir='ltr'>ci-</span> 
     </span>
     <span class='ocr_line' id='line_1_5' title="bbox 216 638 1994 721; baseline -0.003 -20"><span class='ocrx_word' id='word_1_22' title='bbox 216 642 475 702; x_wconf 86' lang='lat' dir='ltr'>vitatem</span> <span class='ocrx_word' id='word_1_23' title='bbox 522 640 859 700; x_wconf 80' lang='lat' dir='ltr'><strong>adsciscere</strong></span> <span class='ocrx_word' id='word_1_24' title='bbox 890 659 1028 700; x_wconf 87' lang='lat' dir='ltr'>non</span> <span class='ocrx_word' id='word_1_25' title='bbox 1069 642 1367 721; x_wconf 79' lang='lat' dir='ltr'>potuisse,</span> <span class='ocrx_word' id='word_1_26' title='bbox 1412 641 1559 719; x_wconf 92' lang='lat' dir='ltr'>quin</span> <span class='ocrx_word' id='word_1_27' title='bbox 1600 656 1776 697; x_wconf 91' lang='lat' dir='ltr'>suam</span> <span class='ocrx_word' id='word_1_28' title='bbox 1812 638 1994 696; x_wconf 88' lang='lat' dir='ltr'>amit-</span> 
     </span>
     <span class='ocr_line' id='line_1_6' title="bbox 216 737 1998 814; baseline -0.003 -14"><span class='ocrx_word' id='word_1_29' title='bbox 216 741 453 800; x_wconf 72' lang='lat' dir='ltr'>terent&#39;.l</span> <span class='ocrx_word' id='word_1_30' title='bbox 518 741 637 804; x_wconf 93' lang='lat' dir='ltr'>His</span> <span class='ocrx_word' id='word_1_31' title='bbox 704 740 989 800; x_wconf 90' lang='lat' dir='ltr'>omnibus</span> <span class='ocrx_word' id='word_1_32' title='bbox 1046 742 1374 814; x_wconf 82' lang='lat' dir='ltr'>evincitur,</span> <span class='ocrx_word' id='word_1_33' title='bbox 1426 737 1743 797; x_wconf 87' lang='lat' dir='ltr'>Julianum</span> <span class='ocrx_word' id='word_1_34' title='bbox 1797 744 1998 795; x_wconf 88' lang='lat' dir='ltr'>sectae</span> 
     </span>
     <span class='ocr_line' id='line_1_7' title="bbox 217 838 1999 920; baseline -0.003 -21"><span class='ocrx_word' id='word_1_35' title='bbox 217 842 465 917; x_wconf 88' lang='lat' dir='ltr'>cynicae</span> <span class='ocrx_word' id='word_1_36' title='bbox 519 839 834 899; x_wconf 86' lang='lat' dir='ltr'>addictum</span> <span class='ocrx_word' id='word_1_37' title='bbox 892 838 1278 920; x_wconf 86' lang='lat' dir='ltr'>eundemque</span> <span class='ocrx_word' id='word_1_38' title='bbox 1334 839 1689 899; x_wconf 90' lang='lat' dir='ltr'>coelestium</span> <span class='ocrx_word' id='word_1_39' title='bbox 1734 838 1999 896; x_wconf 73' lang='lat' dir='ltr'>&#39;cerimo-</span> 
     </span>
     <span class='ocr_line' id='line_1_8' title="bbox 215 937 2002 1013; baseline -0.002 -15"><span class='ocrx_word' id='word_1_40' title='bbox 215 942 457 998; x_wconf 87' lang='lat' dir='ltr'>niarum</span> <span class='ocrx_word' id='word_1_41' title='bbox 513 941 1109 1013; x_wconf 85' lang='lat' dir='ltr'>reverentissimum,</span> <span class='ocrx_word' id='word_1_42' title='bbox 1167 940 1339 999; x_wconf 90' lang='lat' dir='ltr'>illam</span> <span class='ocrx_word' id='word_1_43' title='bbox 1399 938 1774 998; x_wconf 82' lang='lat' dir='ltr'>defensionis</span> <span class='ocrx_word' id='word_1_44' title='bbox 1815 937 2002 997; x_wconf 90' lang='lat' dir='ltr'>ratio-</span> 
     </span>
     <span class='ocr_line' id='line_1_9' title="bbox 214 1036 1999 1119; baseline -0.003 -20"><span class='ocrx_word' id='word_1_45' title='bbox 214 1057 388 1112; x_wconf 91' lang='lat' dir='ltr'>nem,</span> <span class='ocrx_word' id='word_1_46' title='bbox 443 1059 562 1119; x_wconf 91' lang='lat' dir='ltr'>qua</span> <span class='ocrx_word' id='word_1_47' title='bbox 605 1042 964 1117; x_wconf 89' lang='lat' dir='ltr'>magistrum</span> <span class='ocrx_word' id='word_1_48' title='bbox 1009 1041 1263 1099; x_wconf 89' lang='lat' dir='ltr'>crimine</span> <span class='ocrx_word' id='word_1_49' title='bbox 1307 1049 1650 1099; x_wconf 91' lang='lat' dir='ltr'>contemtae</span> <span class='ocrx_word' id='word_1_50' title='bbox 1682 1036 1999 1114; x_wconf 76' lang='lat' dir='ltr'>religionis</span> 
     </span>
     <span class='ocr_line' id='line_1_10' title="bbox 213 1139 2002 1220; baseline -0.002 -22"><span class='ocrx_word' id='word_1_51' title='bbox 213 1139 522 1212; x_wconf 88' lang='lat' dir='ltr'>liberaret,</span> <span class='ocrx_word' id='word_1_52' title='bbox 565 1149 788 1220; x_wconf 93' lang='lat' dir='ltr'>suopte</span> <span class='ocrx_word' id='word_1_53' title='bbox 830 1142 1132 1220; x_wconf 90' lang='lat' dir='ltr'>reperisse</span> <span class='ocrx_word' id='word_1_54' title='bbox 1174 1141 1420 1217; x_wconf 91' lang='lat' dir='ltr'>ingenio</span> <span class='ocrx_word' id='word_1_55' title='bbox 1465 1142 1600 1201; x_wconf 90' lang='lat' dir='ltr'>sive</span> <span class='ocrx_word' id='word_1_56' title='bbox 1640 1139 1852 1218; x_wconf 90' lang='lat' dir='ltr'>potius</span> <span class='ocrx_word' id='word_1_57' title='bbox 1882 1154 2002 1196; x_wconf 76' lang='lat' dir='ltr'>ve-</span> 
     </span>
     <span class='ocr_line' id='line_1_11' title="bbox 215 1237 2003 1319; baseline -0.002 -22"><span class='ocrx_word' id='word_1_58' title='bbox 215 1249 409 1311; x_wconf 83' lang='lat' dir='ltr'>terem</span> <span class='ocrx_word' id='word_1_59' title='bbox 463 1238 737 1299; x_wconf 89' lang='lat' dir='ltr'>fabulam</span> <span class='ocrx_word' id='word_1_60' title='bbox 800 1259 1044 1313; x_wconf 90' lang='lat' dir='ltr'>eorum,</span> <span class='ocrx_word' id='word_1_61' title='bbox 1106 1242 1210 1319; x_wconf 88' lang='lat' dir='ltr'>qui</span> <span class='ocrx_word' id='word_1_62' title='bbox 1262 1239 1594 1299; x_wconf 86' lang='lat' dir='ltr'>Herculem</span> <span class='ocrx_word' id='word_1_63' title='bbox 1639 1247 1701 1297; x_wconf 91' lang='lat' dir='ltr'>et</span> <span class='ocrx_word' id='word_1_64' title='bbox 1741 1237 2003 1297; x_wconf 84' lang='lat' dir='ltr'>Dioscu-</span> 
     </span>
     <span class='ocr_line' id='line_1_12' title="bbox 214 1334 2000 1418; baseline -0.002 -21"><span class='ocrx_word' id='word_1_65' title='bbox 214 1357 338 1411; x_wconf 91' lang='lat' dir='ltr'>ros,</span> <span class='ocrx_word' id='word_1_66' title='bbox 383 1357 571 1418; x_wconf 90' lang='lat' dir='ltr'>quum</span> <span class='ocrx_word' id='word_1_67' title='bbox 615 1341 851 1399; x_wconf 84' lang='lat' dir='ltr'>initiari</span> <span class='ocrx_word' id='word_1_68' title='bbox 895 1341 1146 1414; x_wconf 91' lang='lat' dir='ltr'>vellent,</span> <span class='ocrx_word' id='word_1_69' title='bbox 1191 1359 1229 1399; x_wconf 91' lang='lat' dir='ltr'>a</span> <span class='ocrx_word' id='word_1_70' title='bbox 1273 1339 1510 1401; x_wconf 90' lang='lat' dir='ltr'>civibus</span> <span class='ocrx_word' id='word_1_71' title='bbox 1543 1337 1766 1398; x_wconf 88' lang='lat' dir='ltr'>Atticis</span> <span class='ocrx_word' id='word_1_72' title='bbox 1801 1334 2000 1414; x_wconf 89' lang='lat' dir='ltr'>adop-</span> 
     </span>
     <span class='ocr_line' id='line_1_13' title="bbox 215 1435 2001 1519; baseline -0.002 -24"><span class='ocrx_word' id='word_1_73' title='bbox 215 1447 376 1496; x_wconf 89' lang='lat' dir='ltr'>tatos</span> <span class='ocrx_word' id='word_1_74' title='bbox 421 1438 625 1497; x_wconf 87' lang='lat' dir='ltr'>ferunt</span> <span class='ocrx_word' id='word_1_75' title='bbox 655 1435 767 1518; x_wconf 75' lang='lat' dir='ltr'>[ff],</span> <span class='ocrx_word' id='word_1_76' title='bbox 813 1439 893 1498; x_wconf 88' lang='lat' dir='ltr'>ad</span> <span class='ocrx_word' id='word_1_77' title='bbox 936 1440 1235 1518; x_wconf 87' lang='lat' dir='ltr'>Diogenis</span> <span class='ocrx_word' id='word_1_78' title='bbox 1281 1449 1565 1519; x_wconf 89' lang='lat' dir='ltr'>tempora</span> <span class='ocrx_word' id='word_1_79' title='bbox 1598 1436 2001 1497; x_wconf 82' lang='lat' dir='ltr'>transtulisse.</span> 
     </span>
     <span class='ocr_line' id='line_1_14' title="bbox 217 1533 2001 1599; baseline -0.001 -5"><span class='ocrx_word' id='word_1_80' title='bbox 217 1533 504 1596; x_wconf 88' lang='lat' dir='ltr'>Ceterum</span> <span class='ocrx_word' id='word_1_81' title='bbox 570 1556 695 1595; x_wconf 90' lang='lat' dir='ltr'>non</span> <span class='ocrx_word' id='word_1_82' title='bbox 754 1541 1160 1598; x_wconf 90' lang='lat' dir='ltr'>necessariam</span> <span class='ocrx_word' id='word_1_83' title='bbox 1231 1559 1363 1598; x_wconf 90' lang='lat' dir='ltr'>esse</span> <span class='ocrx_word' id='word_1_84' title='bbox 1418 1542 1606 1599; x_wconf 90' lang='lat' dir='ltr'>istam</span> <span class='ocrx_word' id='word_1_85' title='bbox 1660 1536 2001 1597; x_wconf 86' lang='lat' dir='ltr'>excusatio-</span> 
     </span>
     <span class='ocr_line' id='line_1_15' title="bbox 213 1635 2003 1709; baseline 0.001 -17"><span class='ocrx_word' id='word_1_86' title='bbox 213 1654 356 1693; x_wconf 88' lang='lat' dir='ltr'>nem</span> <span class='ocrx_word' id='word_1_87' title='bbox 415 1635 726 1694; x_wconf 87' lang='lat' dir='ltr'>declarant</span> <span class='ocrx_word' id='word_1_88' title='bbox 779 1638 1071 1709; x_wconf 79' lang='lat' dir='ltr'>ZenoniS,</span> <span class='ocrx_word' id='word_1_89' title='bbox 1118 1636 1429 1697; x_wconf 80' lang='lat' dir='ltr'>Cleanthis</span> <span class='ocrx_word' id='word_1_90' title='bbox 1475 1649 1536 1698; x_wconf 90' lang='lat' dir='ltr'>et</span> <span class='ocrx_word' id='word_1_91' title='bbox 1578 1638 1858 1698; x_wconf 83' lang='lat' dir='ltr'>Panaetii</span> <span class='ocrx_word' id='word_1_92' title='bbox 1901 1654 2003 1694; x_wconf 85' lang='lat' dir='ltr'>ex-</span> 
     </span>
     <span class='ocr_line' id='line_1_16' title="bbox 216 1733 2000 1817; baseline 0.003 -24"><span class='ocrx_word' id='word_1_93' title='bbox 216 1735 423 1814; x_wconf 89' lang='lat' dir='ltr'>empla</span> <span class='ocrx_word' id='word_1_94' title='bbox 452 1735 527 1814; x_wconf 66' lang='lat' dir='ltr'>[g]</span> <span class='ocrx_word' id='word_1_95' title='bbox 589 1736 904 1796; x_wconf 88' lang='lat' dir='ltr'>civitatem</span> <span class='ocrx_word' id='word_1_96' title='bbox 960 1736 1231 1796; x_wconf 88' lang='lat' dir='ltr'>Atticam</span> <span class='ocrx_word' id='word_1_97' title='bbox 1289 1740 1705 1797; x_wconf 81' lang='lat' dir='ltr'>recusantium</span> <span class='ocrx_word' id='word_1_98' title='bbox 1759 1740 1866 1800; x_wconf 80' lang='grc' dir='ltr'>ἵνα</span> <span class='ocrx_word' id='word_1_99' title='bbox 1913 1733 2000 1817; x_wconf 86' lang='grc' dir='ltr'>μὴ</span> 
     </span>
     <span class='ocr_line' id='line_1_17' title="bbox 214 1833 2001 1919; baseline -0.003 -22"><span class='ocrx_word' id='word_1_100' title='bbox 214 1833 443 1905; x_wconf 76' lang='grc' dir='ltr'>δόξωσι</span> <span class='ocrx_word' id='word_1_101' title='bbox 486 1835 599 1904; x_wconf 79' lang='grc' dir='ltr'>τὰς</span> <span class='ocrx_word' id='word_1_102' title='bbox 638 1836 851 1899; x_wconf 77' lang='grc' dir='ltr'><em>αὑτῶν</em></span> <span class='ocrx_word' id='word_1_103' title='bbox 884 1837 1189 1919; x_wconf 72' lang='grc' dir='ltr'><em>πατρίδας</em></span> <span class='ocrx_word' id='word_1_104' title='bbox 1229 1838 1484 1900; x_wconf 71' lang='grc' dir='ltr'><em>ἀδικεῖν.</em></span> <span class='ocrx_word' id='word_1_105' title='bbox 1525 1837 1769 1899; x_wconf 49' lang='grc' dir='ltr'>παίηΐτ.</span> <span class='ocrx_word' id='word_1_106' title='bbox 1812 1837 1882 1898; x_wconf 91' lang='lat' dir='ltr'>L.</span> <span class='ocrx_word' id='word_1_107' title='bbox 1923 1834 2001 1894; x_wconf 91' lang='lat' dir='ltr'>II.</span> 
     </span>
     <span class='ocr_line' id='line_1_18' title="bbox 218 1931 2002 2016; baseline 0.001 -24"><span class='ocrx_word' id='word_1_108' title='bbox 218 1954 264 1992; x_wconf 94' lang='lat' dir='ltr'>c.</span> <span class='ocrx_word' id='word_1_109' title='bbox 308 1935 413 1992; x_wconf 92' lang='lat' dir='ltr'>III.</span> <span class='ocrx_word' id='word_1_110' title='bbox 459 1931 513 2013; x_wconf 69' lang='grc' dir='ltr'>ξ.</span> <span class='ocrx_word' id='word_1_111' title='bbox 558 1934 616 1992; x_wconf 87' lang='lat'>3.</span> <span class='ocrx_word' id='word_1_112' title='bbox 654 1942 781 1992; x_wconf 92' lang='lat' dir='ltr'>not.</span> <span class='ocrx_word' id='word_1_113' title='bbox 829 1955 885 2014; x_wconf 90' lang='lat' dir='ltr'>p.</span> <span class='ocrx_word' id='word_1_114' title='bbox 935 1935 1003 1993; x_wconf 87' lang='lat' dir='ltr'>Si</span> <span class='ocrx_word' id='word_1_115' title='bbox 1046 1955 1197 2001; x_wconf 79' lang='lat' dir='ltr'>vero</span> <span class='ocrx_word' id='word_1_116' title='bbox 1244 1937 1502 2016; x_wconf 86' lang='lat' dir='ltr'>quilibet</span> <span class='ocrx_word' id='word_1_117' title='bbox 1544 1956 1702 1998; x_wconf 90' lang='lat' dir='ltr'>unus</span> <span class='ocrx_word' id='word_1_118' title='bbox 1737 1937 2002 1996; x_wconf 85' lang='lat' dir='ltr'>Graeco-</span> 
     </span>
     <span class='ocr_line' id='line_1_19' title="bbox 214 2033 2002 2115; baseline 0.002 -25"><span class='ocrx_word' id='word_1_119' title='bbox 214 2052 353 2091; x_wconf 89' lang='lat' dir='ltr'>rum</span> <span class='ocrx_word' id='word_1_120' title='bbox 407 2033 504 2091; x_wconf 91' lang='lat' dir='ltr'>his</span> <span class='ocrx_word' id='word_1_121' title='bbox 560 2036 746 2093; x_wconf 87' lang='lat' dir='ltr'>sacris</span> <span class='ocrx_word' id='word_1_122' title='bbox 801 2036 1097 2095; x_wconf 89' lang='lat' dir='ltr'>interesse</span> <span class='ocrx_word' id='word_1_123' title='bbox 1140 2038 1377 2115; x_wconf 91' lang='lat' dir='ltr'>potuit,</span> <span class='ocrx_word' id='word_1_124' title='bbox 1434 2039 1487 2096; x_wconf 89' lang='lat' dir='ltr'>si</span> <span class='ocrx_word' id='word_1_125' title='bbox 1531 2040 1730 2111; x_wconf 78' lang='lat' dir='ltr'>civeS,</span> <span class='ocrx_word' id='word_1_126' title='bbox 1775 2036 2002 2108; x_wconf 86' lang='lat' dir='ltr'>exteri,</span> 
     </span>
     <span class='ocr_line' id='line_1_20' title="bbox 216 2132 2002 2218; baseline 0.001 -25"><span class='ocrx_word' id='word_1_127' title='bbox 216 2133 356 2205; x_wconf 87' lang='lat' dir='ltr'>viri,</span> <span class='ocrx_word' id='word_1_128' title='bbox 413 2132 751 2206; x_wconf 84' lang='lat' dir='ltr'>foeminae,</span> <span class='ocrx_word' id='word_1_129' title='bbox 807 2135 969 2207; x_wconf 91' lang='lat' dir='ltr'>noti,</span> <span class='ocrx_word' id='word_1_130' title='bbox 1023 2137 1253 2214; x_wconf 91' lang='lat' dir='ltr'>ignoti,</span> <span class='ocrx_word' id='word_1_131' title='bbox 1307 2139 1617 2218; x_wconf 89' lang='lat' dir='ltr'>principes</span> <span class='ocrx_word' id='word_1_132' title='bbox 1661 2136 2002 2215; x_wconf 87' lang='lat' dir='ltr'>vulgusque</span> 
     </span>
     <span class='ocr_line' id='line_1_21' title="bbox 217 2221 2003 2313; baseline 0.003 -23"><span class='ocrx_word' id='word_1_133' title='bbox 217 2230 476 2291; x_wconf 90' lang='lat' dir='ltr'>admissi</span> <span class='ocrx_word' id='word_1_134' title='bbox 505 2221 689 2307; x_wconf 90' lang='lat' dir='ltr'>sunt,</span> <span class='ocrx_word' id='word_1_135' title='bbox 732 2243 916 2312; x_wconf 91' lang='lat' dir='ltr'>quot,</span> <span class='ocrx_word' id='word_1_136' title='bbox 961 2253 1222 2313; x_wconf 84' lang='lat' dir='ltr'>quaeso,</span> <span class='ocrx_word' id='word_1_137' title='bbox 1267 2237 1433 2296; x_wconf 89' lang='lat' dir='ltr'>illius</span> <span class='ocrx_word' id='word_1_138' title='bbox 1477 2239 1684 2298; x_wconf 89' lang='lat' dir='ltr'>arcani</span> <span class='ocrx_word' id='word_1_139' title='bbox 1728 2237 2003 2297; x_wconf 82' lang='lat' dir='ltr'>conscios</span> 
     </span>
     <span class='ocr_line' id='line_1_22' title="bbox 216 2332 2002 2397; baseline 0.003 -6"><span class='ocrx_word' id='word_1_140' title='bbox 216 2332 408 2391; x_wconf 84' lang='lat' dir='ltr'>fuisse</span> <span class='ocrx_word' id='word_1_141' title='bbox 452 2351 698 2392; x_wconf 89' lang='lat' dir='ltr'>necesse</span> <span class='ocrx_word' id='word_1_142' title='bbox 743 2334 862 2392; x_wconf 91' lang='lat' dir='ltr'>est!</span> <span class='ocrx_word' id='word_1_143' title='bbox 908 2332 963 2391; x_wconf 94' lang='lat' dir='ltr'>E</span> <span class='ocrx_word' id='word_1_144' title='bbox 1008 2337 1238 2394; x_wconf 88' lang='lat' dir='ltr'>cunctis</span> <span class='ocrx_word' id='word_1_145' title='bbox 1284 2336 1578 2397; x_wconf 85' lang='lat' dir='ltr'>Graeciae</span> <span class='ocrx_word' id='word_1_146' title='bbox 1621 2335 2002 2397; x_wconf 87' lang='lat' dir='ltr'>solemnibus</span> 
     </span>
     <span class='ocr_line' id='line_1_23' title="bbox 216 2431 2003 2517; baseline 0.006 -28"><span class='ocrx_word' id='word_1_147' title='bbox 216 2431 458 2515; x_wconf 89' lang='lat' dir='ltr'>nullum</span> <span class='ocrx_word' id='word_1_148' title='bbox 502 2432 621 2491; x_wconf 86' lang='lat' dir='ltr'>fuit</span> <span class='ocrx_word' id='word_1_149' title='bbox 662 2434 802 2512; x_wconf 91' lang='lat' dir='ltr'>pari</span> <span class='ocrx_word' id='word_1_150' title='bbox 842 2433 1136 2509; x_wconf 86' lang='lat' dir='ltr'>religione</span> <span class='ocrx_word' id='word_1_151' title='bbox 1178 2436 1554 2513; x_wconf 85' lang='lat' dir='ltr'>praeditum3</span> <span class='ocrx_word' id='word_1_152' title='bbox 1596 2437 1876 2498; x_wconf 86' lang='lat' dir='ltr'>Athenae</span> <span class='ocrx_word' id='word_1_153' title='bbox 1906 2438 2003 2517; x_wconf 88' lang='lat' dir='ltr'>ip·-</span> 
     </span>
     <span class='ocr_line' id='line_1_24' title="bbox 217 2531 2003 2615; baseline 0.005 -26"><span class='ocrx_word' id='word_1_154' title='bbox 217 2549 321 2590; x_wconf 86' lang='lat' dir='ltr'>sae</span> <span class='ocrx_word' id='word_1_155' title='bbox 377 2531 494 2589; x_wconf 94' lang='lat' dir='ltr'>hoc</span> <span class='ocrx_word' id='word_1_156' title='bbox 549 2532 708 2590; x_wconf 86' lang='lat' dir='ltr'>festo</span> <span class='ocrx_word' id='word_1_157' title='bbox 764 2540 1046 2612; x_wconf 90' lang='lat' dir='ltr'>tempore</span> <span class='ocrx_word' id='word_1_158' title='bbox 1101 2534 1496 2594; x_wconf 90' lang='lat' dir='ltr'>multitudine</span> <span class='ocrx_word' id='word_1_159' title='bbox 1539 2539 2003 2615; x_wconf 87' lang='lat' dir='ltr'>peregrinorum</span> 
     </span>
     <span class='ocr_line' id='line_1_25' title="bbox 217 2630 2003 2716; baseline 0.005 -28"><span class='ocrx_word' id='word_1_160' title='bbox 217 2630 478 2689; x_wconf 88' lang='lat' dir='ltr'>refertae</span> <span class='ocrx_word' id='word_1_161' title='bbox 535 2641 708 2690; x_wconf 87' lang='lat' dir='ltr'>erant</span> <span class='ocrx_word' id='word_1_162' title='bbox 735 2631 869 2712; x_wconf 64' lang='lat' dir='ltr'>[gg],</span> <span class='ocrx_word' id='word_1_163' title='bbox 928 2650 1289 2712; x_wconf 89' lang='lat' dir='ltr'>omnesque,</span> <span class='ocrx_word' id='word_1_164' title='bbox 1358 2636 1462 2714; x_wconf 91' lang='lat' dir='ltr'>qui</span> <span class='ocrx_word' id='word_1_165' title='bbox 1515 2654 1701 2715; x_wconf 91' lang='lat' dir='ltr'>quum</span> <span class='ocrx_word' id='word_1_166' title='bbox 1746 2646 2003 2716; x_wconf 86' lang='lat' dir='ltr'>possent</span> 
     </span>
     <span class='ocr_line' id='line_1_26' title="bbox 217 2730 1999 2814; baseline 0.005 -27"><span class='ocrx_word' id='word_1_167' title='bbox 217 2730 481 2803; x_wconf 86' lang='lat' dir='ltr'>initiari,</span> <span class='ocrx_word' id='word_1_168' title='bbox 549 2749 675 2789; x_wconf 90' lang='lat' dir='ltr'>non</span> <span class='ocrx_word' id='word_1_169' title='bbox 744 2732 973 2790; x_wconf 90' lang='lat' dir='ltr'>initiati</span> <span class='ocrx_word' id='word_1_170' title='bbox 1040 2742 1269 2812; x_wconf 89' lang='lat' dir='ltr'>essent,</span> <span class='ocrx_word' id='word_1_171' title='bbox 1334 2734 1502 2812; x_wconf 89' lang='lat' dir='ltr'>vulgi</span> <span class='ocrx_word' id='word_1_172' title='bbox 1557 2745 1717 2795; x_wconf 91' lang='lat' dir='ltr'>certe</span> <span class='ocrx_word' id='word_1_173' title='bbox 1761 2736 1999 2814; x_wconf 88' lang='lat' dir='ltr'>judicio</span> 
     </span>
    </p>

    <p class='ocr_par' dir='ltr' id='par_1_3' title="bbox 336 2896 1997 2963">
     <span class='ocr_line' id='line_1_27' title="bbox 336 2896 1997 2963; baseline 0.004 -20"><span class='ocrx_word' id='word_1_174' title='bbox 336 2896 397 2957; x_wconf 80' lang='lat' dir='ltr'>[ff]</span> <span class='ocrx_word' id='word_1_175' title='bbox 430 2917 471 2944; x_wconf 87' lang='lat' dir='ltr'>v.</span> <span class='ocrx_word' id='word_1_176' title='bbox 517 2901 651 2943; x_wconf 87' lang='lat' dir='ltr'>Orell.</span> <span class='ocrx_word' id='word_1_177' title='bbox 696 2901 749 2943; x_wconf 86' lang='lat' dir='ltr'>ad</span> <span class='ocrx_word' id='word_1_178' title='bbox 790 2901 931 2958; x_wconf 81' lang='lat' dir='ltr'>Epist.</span> <span class='ocrx_word' id='word_1_179' title='bbox 971 2902 1094 2945; x_wconf 88' lang='lat' dir='ltr'>Socr.</span> <span class='ocrx_word' id='word_1_180' title='bbox 1136 2918 1177 2960; x_wconf 91' lang='lat' dir='ltr'>p.</span> <span class='ocrx_word' id='word_1_181' title='bbox 1218 2903 1319 2947; x_wconf 73' lang='lat'>263.</span> <span class='ocrx_word' id='word_1_182' title='bbox 1357 2904 1457 2947; x_wconf 89' lang='lat' dir='ltr'>Hoc</span> <span class='ocrx_word' id='word_1_183' title='bbox 1498 2905 1664 2948; x_wconf 84' lang='lat' dir='ltr'>aludis</span> <span class='ocrx_word' id='word_1_184' title='bbox 1693 2906 1877 2963; x_wconf 83' lang='lat' dir='ltr'>publicis</span> <span class='ocrx_word' id='word_1_185' title='bbox 1904 2911 1997 2951; x_wconf 83' lang='lat' dir='ltr'>tra-</span> 
     </span>
    </p>
   </div>
   <div class='ocr_carea' id='block_1_3' title="bbox 218 2956 1996 3075">
    <p class='ocr_par' dir='ltr' id='par_1_4' title="bbox 218 2956 1996 3075">
     <span class='ocr_line' id='line_1_28' title="bbox 218 2956 1996 3023; baseline 0.006 -25"><span class='ocrx_word' id='word_1_186' title='bbox 218 2956 390 3001; x_wconf 79' lang='lat' dir='ltr'>ductum</span> <span class='ocrx_word' id='word_1_187' title='bbox 433 2960 630 3012; x_wconf 81' lang='lat' dir='ltr'>videtur3</span> <span class='ocrx_word' id='word_1_188' title='bbox 671 2960 935 3003; x_wconf 86' lang='lat' dir='ltr'>Philammon</span> <span class='ocrx_word' id='word_1_189' title='bbox 979 2961 1035 3003; x_wconf 87' lang='lat' dir='ltr'>ad</span> <span class='ocrx_word' id='word_1_190' title='bbox 1075 2976 1253 3017; x_wconf 87' lang='lat' dir='ltr'>agonem</span> <span class='ocrx_word' id='word_1_191' title='bbox 1294 2977 1379 3005; x_wconf 87' lang='lat' dir='ltr'>non</span> <span class='ocrx_word' id='word_1_192' title='bbox 1416 2964 1625 3007; x_wconf 82' lang='lat' dir='ltr'>admissus</span> <span class='ocrx_word' id='word_1_193' title='bbox 1661 2966 1910 3023; x_wconf 81' lang='lat' dir='ltr'>priusquam</span> <span class='ocrx_word' id='word_1_194' title='bbox 1939 2966 1996 3009; x_wconf 79' lang='lat' dir='ltr'>ab</span> 
     </span>
     <span class='ocr_line' id='line_1_29' title="bbox 218 3016 1743 3075; baseline 0.005 -18"><span class='ocrx_word' id='word_1_195' title='bbox 218 3016 450 3059; x_wconf 83' lang='lat' dir='ltr'>Aristotele</span> <span class='ocrx_word' id='word_1_196' title='bbox 479 3019 709 3075; x_wconf 83' lang='lat' dir='ltr'>adoptatus</span> <span class='ocrx_word' id='word_1_197' title='bbox 741 3024 856 3061; x_wconf 83' lang='lat' dir='ltr'>esset</span> <span class='ocrx_word' id='word_1_198' title='bbox 887 3019 1097 3062; x_wconf 81' lang='lat' dir='ltr'>Themist.</span> <span class='ocrx_word' id='word_1_199' title='bbox 1131 3021 1208 3063; x_wconf 91' lang='lat' dir='ltr'>Or.</span> <span class='ocrx_word' id='word_1_200' title='bbox 1243 3021 1358 3063; x_wconf 90' lang='lat' dir='ltr'><strong>XXI.</strong></span> <span class='ocrx_word' id='word_1_201' title='bbox 1387 3021 1487 3064; x_wconf 77' lang='lat'>249.</span> <span class='ocrx_word' id='word_1_202' title='bbox 1518 3022 1572 3064; x_wconf 91' lang='lat' dir='ltr'>D.</span> <span class='ocrx_word' id='word_1_203' title='bbox 1718 3020 1743 3035; x_wconf 79' lang='grc'>”“</span> 
     </span>
    </p>
   </div>
   <div class='ocr_carea' id='block_1_4' title="bbox 216 3065 1992 3203">
    <p class='ocr_par' dir='ltr' id='par_1_5' title="bbox 216 3065 1992 3203">
     <span class='ocr_line' id='line_1_30' title="bbox 216 3065 1992 3189; baseline 0.005 -59"><span class='ocrx_word' id='word_1_204' title='bbox 216 3144 256 3186; x_wconf 80' lang='grc' dir='ltr'><strong>Ο</strong></span> <span class='ocrx_word' id='word_1_205' title='bbox 334 3088 650 3189; x_wconf 48' lang='lat' dir='ltr'>[5]⁰5Plutarch‚</span> <span class='ocrx_word' id='word_1_206' title='bbox 682 3091 816 3134; x_wconf 88' lang='lat' dir='ltr'>Stoic.</span> <span class='ocrx_word' id='word_1_207' title='bbox 846 3090 1048 3147; x_wconf 88' lang='lat' dir='ltr'>Repugn.</span> <span class='ocrx_word' id='word_1_208' title='bbox 1078 3092 1154 3135; x_wconf 90' lang='lat' dir='ltr'>IV.</span> <span class='ocrx_word' id='word_1_209' title='bbox 1184 3090 1282 3135; x_wconf 83' lang='lat'>340.</span> <span class='ocrx_word' id='word_1_210' title='bbox 1315 3093 1372 3140; x_wconf 92' lang='grc' dir='ltr'>Τ.</span> <span class='ocrx_word' id='word_1_211' title='bbox 1403 3093 1527 3138; x_wconf 90' lang='grc' dir='ltr'><strong>ΧΙΠ.</strong></span> <span class='ocrx_word' id='word_1_212' title='bbox 1557 3095 1699 3139; x_wconf 88' lang='lat' dir='ltr'>Procl.</span> <span class='ocrx_word' id='word_1_213' title='bbox 1731 3065 1786 3139; x_wconf 71' lang='lat' dir='ltr'>ad</span> <span class='ocrx_word' id='word_1_214' title='bbox 1814 3095 1992 3140; x_wconf 85' lang='lat' dir='ltr'>Hesiod.</span> 
     </span>
     <span class='ocr_line' id='line_1_31' title="bbox 259 3160 461 3203; baseline 0.005 -16"><span class='ocrx_word' id='word_1_215' title='bbox 259 3160 329 3203; x_wconf 91' lang='lat' dir='ltr'>pp.</span> <span class='ocrx_word' id='word_1_216' title='bbox 451 3179 461 3188; x_wconf 94' lang='lat'>.</span> 
     </span>
    </p>
   </div>
   <div class='ocr_carea' id='block_1_5' title="bbox 205 3218 1988 3400">
    <p class='ocr_par' dir='ltr' id='par_1_6' title="bbox 205 3218 1988 3400">
     <span class='ocr_line' id='line_1_32' title="bbox 332 3218 1988 3287; baseline 0.006 -27"><span class='ocrx_word' id='word_1_217' title='bbox 332 3218 424 3275; x_wconf 85' lang='lat' dir='ltr'>[gg]</span> <span class='ocrx_word' id='word_1_218' title='bbox 458 3220 661 3263; x_wconf 84' lang='lat' dir='ltr'>Philostr.</span> <span class='ocrx_word' id='word_1_219' title='bbox 702 3222 753 3263; x_wconf 92' lang='lat' dir='ltr'>V.</span> <span class='ocrx_word' id='word_1_220' title='bbox 792 3222 934 3278; x_wconf 87' lang='lat' dir='ltr'>Apoll.</span> <span class='ocrx_word' id='word_1_221' title='bbox 977 3222 1012 3264; x_wconf 94' lang='lat' dir='ltr'>I.</span> <span class='ocrx_word' id='word_1_222' title='bbox 1045 3223 1123 3276; x_wconf 87' lang='lat'>18,</span> <span class='ocrx_word' id='word_1_223' title='bbox 1159 3223 1255 3266; x_wconf 86' lang='lat'>155.</span> <span class='ocrx_word' id='word_1_224' title='bbox 1294 3227 1401 3285; x_wconf 76' lang='grc' dir='ltr'>περὶ</span> <span class='ocrx_word' id='word_1_225' title='bbox 1440 3231 1699 3286; x_wconf 75' lang='grc' dir='ltr'><em>μυστηρίων</em></span> <span class='ocrx_word' id='word_1_226' title='bbox 1728 3223 1872 3287; x_wconf 79' lang='grc' dir='ltr'><em>ὤραν,</em></span> <span class='ocrx_word' id='word_1_227' title='bbox 1914 3224 1988 3272; x_wconf 85' lang='grc' dir='ltr'>ὅτε</span> 
     </span>
     <span class='ocr_line' id='line_1_33' title="bbox 207 3273 1985 3343; baseline 0.006 -25"><span class='ocrx_word' id='word_1_228' title='bbox 207 3273 438 3331; x_wconf 71' lang='grc' dir='ltr'>Ἀθηναῖοι</span> <span class='ocrx_word' id='word_1_229' title='bbox 481 3278 957 3335; x_wconf 64' lang='grc' dir='ltr'><em>πολυανθρωπότατοι.</em></span> <span class='ocrx_word' id='word_1_230' title='bbox 1018 3281 1233 3324; x_wconf 86' lang='lat' dir='ltr'>Aristides</span> <span class='ocrx_word' id='word_1_231' title='bbox 1274 3282 1458 3326; x_wconf 85' lang='lat' dir='ltr'>Panath.</span> <span class='ocrx_word' id='word_1_232' title='bbox 1501 3301 1543 3342; x_wconf 90' lang='lat' dir='ltr'>p.</span> <span class='ocrx_word' id='word_1_233' title='bbox 1579 3286 1674 3329; x_wconf 88' lang='lat'>191.</span> <span class='ocrx_word' id='word_1_234' title='bbox 1705 3284 1895 3343; x_wconf 72' lang='grc' dir='ltr'><em>δέχεσθε</em></span> <span class='ocrx_word' id='word_1_235' title='bbox 1923 3287 1985 3342; x_wconf 82' lang='grc' dir='ltr'>’τῷ</span> 
     </span>
     <span class='ocr_line' id='line_1_34' title="bbox 205 3331 1373 3400; baseline 0.009 -24"><span class='ocrx_word' id='word_1_236' title='bbox 205 3331 458 3392; x_wconf 78' lang='grc' dir='ltr'><strong><em>Ἐλευσινίῳ</em></strong></span> <span class='ocrx_word' id='word_1_237' title='bbox 488 3339 668 3387; x_wconf 81' lang='grc' dir='ltr'><strong><em>πλείους</em></strong></span> <span class='ocrx_word' id='word_1_238' title='bbox 698 3336 727 3392; x_wconf 82' lang='grc' dir='ltr'><em>ἧ</em></span> <span class='ocrx_word' id='word_1_239' title='bbox 755 3342 799 3382; x_wconf 79' lang='grc' dir='ltr'>οἴ</span> <span class='ocrx_word' id='word_1_240' title='bbox 825 3340 967 3399; x_wconf 75' lang='grc' dir='ltr'><em>ἕτεροι</em></span> <span class='ocrx_word' id='word_1_241' title='bbox 996 3341 1049 3399; x_wconf 78' lang='grc' dir='ltr'>τῇ</span> <span class='ocrx_word' id='word_1_242' title='bbox 1077 3337 1198 3400; x_wconf 75' lang='grc' dir='ltr'>πάσῃ</span> <span class='ocrx_word' id='word_1_243' title='bbox 1227 3338 1373 3386; x_wconf 78' lang='grc' dir='ltr'><strong><em>πόλει.</em></strong></span> 
     </span>
    </p>
   </div>
  </div>
 </body>
</html>
