2158 3848
245 214 372 273 710
775 227 1015 271 LIBER
1062 226 1493 272 SECUNDUS.

241 358 473 416 riorum
557 356 846 433 figmenta
925 356 1006 416 ad
1088 367 1318 416 struem
1392 355 1735 416 faciendam
1807 367 2026 437 par-ata

240 456 484 516 fuerint.
575 454 701 516 Sed
753 458 891 536 Jam
945 458 1096 515 satis
1160 456 1268 516 diu
1311 459 1375 515 in
1419 458 1538 516 hoc
1581 457 1890 517 haesimus
1932 457 2026 516 di-

242 556 558 618 verticulo.

964 839 1138 899 CAP.
1224 839 1302 898 X.

360 980 474 1040 De
526 979 878 1060 fabulae
944 980 1206 1063 ipsius
1270 980 1927 1060 significatione.

416 1151 726 1225 Quorsum
782 1152 934 1212 haec
977 1161 1112 1212 tota
1156 1152 1474 1230 tragoedia
1515 1155 1771 1214 inventa
1813 1153 1895 1211 sit
1938 1151 2032 1212 di-

154 1294 158 1301 r
242 1270 421 1314 verse
476 1254 975 1331 interpretantur.
1082 1252 1412 1325 Nonnulli,
1473 1262 1544 1312 ut
1597 1250 1914 1312 Diodorus
1971 1262 2033 1311 et

241 1350 550 1415 Cornutus
596 1355 683 1432 (v.
734 1349 799 1410 C.
837 1351 910 1410 V.
957 1350 1009 1431 ξ.
1047 1352 1198 1432 34.),
1242 1354 1456 1430 Zagrei
1498 1353 1916 1412 internecione
1939 1355 2032 1412 ni-

238 1452 328 1510 hil
373 1450 542 1510 aliud
582 1470 765 1530 quam
811 1452 944 1511 vini
990 1452 1310 1525 culturam,
1354 1452 1743 1531 putationem
1786 1460 1851 1510 et
1878 1467 2032 1514 uva-

239 1571 380 1610 rum
438 1551 552 1610 sub
608 1551 852 1632 prelum
909 1550 1351 1628 subjectionem
1411 1552 1735 1629 significari
1792 1561 2033 1631 putant.

240 1652 455 1711 Plures
512 1661 718 1711 autem
778 1660 841 1711 et
896 1653 1202 1711 acutiores
1260 1654 1506 1712 animae
1562 1651 1916 1712 mundanae
1957 1671 2034 1712 ex

243 1750 460 1812 divina
541 1761 749 1812 mente
828 1771 1254 1833 progressum,
1343 1771 1670 1832 rerumque
1747 1753 2034 1814 dividua-

240 1870 381 1911 rum
426 1872 502 1911 ex
544 1852 886 1913 individuis
931 1855 1329 1933 unigenisque
1374 1856 1885 1935 procreationem.
1937 1857 2035 1916 Ita

215 1951 592 2011 ⁴Alexander
634 1952 1004 2033 Lycopolita
1066 1955 1365 2034 expositis
1407 1953 1908 2014 Manichaeorum
1955 1955 2035 2014 de

240 2052 421 2112 varia
466 2053 711 2111 animae
755 2062 1174 2132 temperatura
1216 2054 1478 2134 placitiS‚
1523 2054 1640 2112 hoc
1682 2049 1874 2113 modo
1895 2073 2034 2134 per-

243 2159 407 2210 orat:
453 2154 511 2214 οἱ
553 2156 621 2214 ἐν
664 2150 906 2222 τούτοις
945 2155 1332 2236 χαριέστεροι
1378 2140 1511 2216 τῶν
1535 2152 1840 2232 Ἑλλήνων
1875 2157 2033 2220 ἄνα-

241 2249 701 2333 μιμνήσκουσιν
753 2253 919 2333 ἡμᾶς
971 2257 1037 2315 ἐκ
1093 2262 1224 2317 τῶν
1282 2253 1557 2325 οἰκείων,
1615 2257 1682 2315 ἐκ
1733 2253 1852 2336 μὲν
1903 2265 2035 2320 τῶν

243 2360 527 2415 τελετῶν.
567 2353 682 2415 τὸν
751 2352 1295 2436 κατατεμνόμενον
1351 2353 1667 2418 Διόνυσον
1719 2363 1811 2437 τῷ
1868 2355 2034 2442 λόγῳ

246 2451 714 2532 ἐπιφημίζοντες
757 2453 881 2515 ὑπὸ
925 2462 1056 2518 τῶν
1107 2454 1426 2529 Τιτάνων,
1486 2453 1776 2538 καθάπερ
1821 2458 2033 2542 λέγου-

247 2571 349 2614 σιν
393 2551 602 2624 αὐτοὶ,
656 2552 772 2630 τὴν
827 2554 1019 2616 θείαν
1064 2554 1342 2637 δύναμιν
1383 2556 1748 2638 μερίζεσθαι
1792 2562 1876 2626 εἰς
1916 2558 2033 2636 τὴν

244 2652 431 2730 ὕλην·
494 2653 559 2713 ἐκ
601 2650 671 2713 δὲ
713 2658 844 2713 τῶν
887 2661 1162 2732 ποιητῶν
1204 2663 1313 2733 τῆς
1357 2654 1888 2739 Γιγαντομαχίας,
1935 2657 2032 2718 ὅτι

244 2750 402 2832 μηδὲ
448 2751 628 2814 αὐτοὶ
668 2749 991 2836 ἠγνόησαν
1034 2754 1149 2832 τὴν
1191 2763 1299 2834 τῆς
1343 2754 1490 2833 ὕλης
1533 2755 1690 2816 κατὰ
1725 2762 1838 2816 τοῦ
1869 2760 2030 2819 θεοῦ

250 2854 556 2934 ἄνταρσιν
601 2872 648 2910 c.
691 2850 766 2910 V.
809 2870 868 2930 p.
905 2852 1006 2911 74.
1054 2852 1123 2912 T.
1160 2855 1236 2913 II.
1275 2854 1431 2914 Bibl.
1472 2854 1630 2913 Gall.
1671 2856 1823 2913 etin
1850 2853 2032 2916 Com-

247 2951 416 3011 befis.
470 2951 630 3012 Bibl.
685 2950 862 3012 Auct.
918 2952 1077 3014 Nov.
1130 2954 1196 3013 P.
1250 2956 1327 3014 II.
1383 2976 1442 3036 p.
1503 2954 1561 3014 6.
1618 2954 1692 3015 A.
1737 2954 2031 3036 additque

247 3052 362 3110 hac
415 3053 618 3131 specie
673 3052 1094 3113 similitudinis
1149 3054 1317 3114 haud
1375 3073 1606 3136 paucos
1652 3054 1734 3114 ad
1780 3056 2054 3117 credens

253 3151 402 3211 dum
446 3152 760 3213 allectatos
806 3172 955 3213 esse.
1034 3154 1234 3214 Multa
1274 3158 1341 3215 in
1383 3157 1541 3215 hanc
1584 3158 1949 3216 sententiam
1993 3176 2032 3217 a
2120 3158 2123 3166 '

250 3251 508 3311 Proculo
577 3250 892 3327 dicuntur,
957 3274 1114 3334 quae
1178 3256 1299 3316 huc
1367 3267 1770 3336 transponere
1833 3277 2029 3338 neque

253 3361 431 3411 vacat
485 3370 681 3431 neque
739 3353 914 3429 libet3
982 3364 1075 3415 est
1131 3357 1295 3417 enim
1356 3358 1634 3441 omnium
1690 3359 2027 3419 communis
