2158 3848
793 235 1238 281 oarnch.
1777 222 1899 284 753

790 471 839 533 C
862 490 897 533 Α
923 490 976 533 P.
1057 473 1247 534 XVII.

636 616 1397 680 Φυσικᾶ.

917 787 970 867 ξ.
1064 787 1115 847 1.

295 912 364 972 Si
408 912 486 973 de
528 914 644 973 hoc
686 915 983 987 carmine,
1028 923 1097 973 ut
1140 913 1218 972 de
1258 913 1585 994 permultis
1629 901 1768 974 aliis
1813 915 1899 975 nil

125 1020 369 1092 praeter
424 1011 655 1074 nudum
709 1031 936 1074 nomen
988 1023 1363 1093 superesset,
1408 1011 1572 1072 haud
1618 1023 1899 1074 cunctan-

127 1122 219 1171 ter
284 1112 365 1173 ad
428 1111 599 1173 idem
655 1132 845 1191 genus
900 1114 1364 1191 superstitiosae
1425 1111 1741 1171 doctrinae
1791 1114 1899 1173 ad-

116 1207 558 1289 scriberemus,
618 1212 697 1271 de
751 1229 872 1291 quo
914 1210 1126 1290 paullo
1170 1220 1314 1270 ante
1358 1208 1741 1289 disputatum
1787 1221 1896 1272 est.

120 1310 279 1371 Nam
334 1321 398 1370 et
450 1313 552 1391 qui
610 1293 878 1370 occultas
929 1328 1134 1368 rerum
1178 1310 1551 1369 naturalium
1595 1312 1761 1372 vires
1804 1331 1899 1372 ra-

121 1409 437 1491 tionesque
492 1421 554 1470 et
608 1410 994 1490 sympathias
1049 1417 1425 1483 scrutantur,
1487 1405 1733 1486 Physici
1776 1411 1898 1472 dici

120 1510 318 1569 solent
333 1513 405 1589 [⁸]
461 1520 524 1570 et
574 1509 851 1570 remedia
893 1527 1149 1581 arcana,
1194 1509 1493 1584 amuleta,
1538 1507 1896 1586 dynamera,

118 1609 515 1686 Physicorum
559 1629 783 1671 nomen
825 1609 1072 1682 habent,
1113 1625 1234 1688 quo
1279 1607 1713 1684 Zoromasdae,
1756 1611 1897 1693 (Zo-

117 1727 244 1769 nar.
309 1710 454 1770 Lex.
518 1730 579 1791 p.
645 1711 817 1791 964.)
890 1709 1235 1781 HermetiS,
1311 1706 1897 1786 Pseudodemocriti,

115 1808 525 1884 Manethonis,
567 1809 718 1870 Julii
761 1809 1039 1869 Africani
1083 1817 1267 1887 atque
1310 1809 1574 1867 aliorum
1617 1808 1762 1868 libri
1803 1812 1895 1871 in-

116 1911 328 1990 scripti
370 1910 634 1970 fuerunt.
705 1910 918 1989 anue
962 1909 1309 1986 conjectura
1350 1909 1556 1987 primo
1599 1907 1895 1989 adspectu

112 2010 229 2069 hoc
268 2009 650 2093 probabilior
694 2008 1040 2081 videbatur,
1085 2023 1207 2087 quo
1248 2007 1556 2087 promtior
1597 2008 1755 2068 alius
1781 2008 1894 2068 Or-

111 2109 278 2188 phici
333 2112 619 2170 carminis
671 2110 1005 2181 memoria,
1059 2105 1226 2187 quod
1279 2107 1346 2165 in
1403 2105 1621 2167 eodem
1675 2126 1895 2186 genere

114 2207 425 2269 doctrinae
493 2219 807 2271 versatum
863 2226 995 2268 esse
1050 2214 1327 2287 oportet,
1391 2205 1549 2265 illud
1603 2206 1893 2268 videlicet

115 2307 284 2382 dico,
351 2307 517 2389 quod
579 2311 719 2393 περὶ
773 2309 975 2372 λίθων
1026 2315 1269 2392 γλυφῆς
1322 2310 1457 2369 sive
1514 2306 1594 2367 de
1646 2309 1891 2368 annulis

109 2408 382 2488 physicis
422 2410 785 2491 inscriptum
829 2418 922 2470 est
940 2404 1034 2488 [⁵].
1113 2406 1342 2469 Verum
1385 2406 1463 2467 ab
1507 2407 1621 2467 hac
1665 2409 1891 2486 cogita-

112 2510 279 2567 tione
320 2527 434 2569 nos
477 2519 543 2570 et
574 2509 858 2570 Brontini
899 2493 1128 2568 nomen
1162 2506 1422 2567 abduxit
1456 2508 1714 2567 carmini
1747 2508 1889 2568 huic

109 2610 463 2689 appositum
519 2619 582 2669 et
635 2609 963 2672 diversitas
1017 2625 1230 2684 eorum
1247 2651 1265 2680 ,
1324 2619 1480 2688 quae
1534 2626 1609 2666 ex
1655 2606 1887 2686 Orphei

229 2778 291 2835 [⁰]
323 2779 497 2835 Ajuut
535 2778 805 2835 Physici,
847 2778 996 2836 quod
1039 2778 1220 2837 pellis
1276 2774 1505 2819 colubri
1546 2774 1792 2818 decocta
1831 2775 1885 2818 in

113 2836 239 2878 oleo
284 2836 421 2879 mire
459 2836 717 2880 dolorem
755 2839 975 2881 aurium
1014 2836 1242 2892 mitiget
1271 2839 1352 2878 etc.
1395 2833 1644 2889 Hieronym.
1675 2848 1712 2876 c.
1742 2833 1884 2876 Jovin.

112 2893 164 2935 L.
206 2893 266 2936 11.
306 2908 349 2952 p.
381 2893 479 2938 199.
510 2893 568 2937 Τ.
597 2893 673 2938 IV.
711 2894 927 2940 Dicunt
955 2895 1213 2952 Physici,
1245 2893 1336 2950 qui
1368 2892 1469 2935 sub
1499 2891 1734 2949 scorpio
1764 2906 1883 2934 nas-

114 2952 295 3005 citur,
324 2952 440 2996 cito
470 2951 713 2996 moritur
752 2953 897 2998 Schol.
937 2954 1072 3011 Cruq.
1114 2954 1173 2996 ΙΙ.
1204 2951 1288 2994 Od.
1320 2950 1388 2993 17.
1418 2966 1459 3008 p.
1494 2949 1590 2992 116.
1621 2951 1678 2998 cf,
1712 2950 1883 2992 Reines.

111 3010 429 3112 ἕξει-,οῃῐὶεοιᾶ
455 3008 636 3112 ἾῙ.5ἓ.7
658 3009 758 3054 892.
800 3011 1008 3057 Bes-nard.
1048 3012 1104 3056 ad
1134 3011 1275 3055 Nonn.
1305 3008 1426 3067 Epit.
1458 3023 1493 3052 c.
1525 3008 1599 3052 lx.
1628 3007 1795 3052 Niclas.
1828 3008 1883 3052 ad

209 3082 294 3196 PD’]
325 3100 520 3184 ‘Galenus
559 3141 615 3185 de
638 3100 811 3185 ‘Medic
851 3141 1001 3200 simpl.
1041 3141 1092 3184 L.
1135 3140 1189 3183 X.
1221 3139 1288 3183 19.
1317 3138 1416 3183 258.
1452 3139 1507 3182 Ε.
1549 3138 1776 3183 ἐντιθέασι
1804 3138 1881 3181 καὶ

114 3198 334 3269 {anuum
375 3198 513 3245 αὐτὸν
538 3200 794 3271 (iaspidem)
823 3200 935 3272 Zzscoc
963 3202 1041 3245 καὶ
1062 3196 1325 3273 ἱγλύφουσιι(
1354 3199 1405 3243 ἐν
1433 3197 1552 3255 αὐτῷ
1579 3195 1660 3241 τὸν
1687 3195 1765 3267 '¹³2⁶
1795 3195 1881 3239 ἀκ-

112 3256 467 3386 ἑΐὲἒκῖἴὲἴῖἔτξ,
491 3260 1107 3374 ’ἑῗβῖᾙῗεῖεέ“ιῖαἵωβῗέξῗξ,ἴῖ
1121 3255 1882 3374 filssfffffssifffflssfiffiss0²⁵5}

113 3377 212 3417 sunt
240 3373 414 3429 medici)
446 3376 701 3419 nncreduluu.

1459 3444 1543 3504 48
