2158 3848
813 205 1272 294 ORPHrCA.
1799 235 1925 297 453

152 382 463 461 scripserit
487 381 640 453 ,sive
679 376 904 438 scholis
948 376 1076 435 suis
1104 375 1436 454 xpraefatus
1479 377 1694 455 fuerit,
1757 384 1923 464 quod

116 481 355 539 *nescio
411 498 531 557 qua
583 477 807 537 fiducia
872 473 1135 534 affirmat
1187 475 1451 536 Michael
1505 478 1791 541 Neander
1842 483 1922 543 ad

147 577 392 653 Phocyl.
435 597 498 657 p.
541 577 643 637 46.
686 585 940 636 >veteres
983 574 1421 655 philosophos,
1479 588 1547 637 ut
1587 579 1920 659 profanum

147 685 420 736 arcerent
446 676 684 754 vulgus,
727 676 916 735 aliurn
963 674 1132 734 aliud
1177 674 1326 735 ludo
1371 695 1483 736 suo
1521 680 1920 760 inscripsisse,

145 777 530 854 Pythagoran
573 776 933 839 hoc=³Aeiow
977 780 1279 846 ξυνετοῖσι
1323 815 1406 824 --
1461 789 1753 858 sequutus
1795 780 1922 840 for-

142 886 306 935 tasse
349 877 708 950 Erasmum'‚
767 877 872 955 qui
914 877 980 934 in
1023 875 1216 954 Adag.
1260 897 1321 958 p.
1365 877 1509 937 710.
1566 877 1682 938 Ed.
1724 878 1917 938 Fran-

145 975 259 1035 cof.
302 974 377 1035 A.
420 974 820 1036 MDCXLVI.
880 975 1271 1053 Pythagoran
1312 972 1430 1035 hoc
1482 977 1917 1055 praefatum

145 1095 278 1136 esse
332 1076 512 1149 dicit,
571 1075 818 1134 *nullum
872 1077 1009 1155 ipse
1061 1083 1283 1134 testem
1340 1075 1675 1155 proferens.
1775 1076 1917 1136 Vim

143 1175 390 1255 quidem
432 1176 600 1234 illius
619 1203 622 1206 >
643 1175 842 1233 tetrici
896 1174 1207 1232 interdicti
1248 1175 1664 1252 Pythagoreos
1710 1193 1916 1235 conse-

143 1285 337 1334 ctatos
395 1294 528 1334 esse
563 1282 848 1332 testatur
895 1273 1186 1351 Origenes
1242 1295 1289 1333 c.
1336 1271 1493 1337 Cels
1548 1276 1594 1334 Ι.
1639 1275 1781 1335 326.
1840 1275 1915 1335 Α.

140 1374 301 1444 τινὲς
342 1373 457 1456 μὲν
500 1371 663 1454 ἦσαν
705 1374 1067 1456 ἐξωτερικοὶ,
1109 1374 1271 1445 τινὲς
1296 1374 1365 1437 δὲ
1402 1376 1770 1457 ἐσωτερικοὶ,
1813 1375 1920 1439 καὶ

141 1474 302 1544 τινὲς
344 1474 463 1556 μὲν
507 1471 837 1542 ἀκούοντες
881 1473 1280 1559 Πυθαγόρα,
1327 1475 1419 1545 ὥς
1464 1476 1697 1546 αὐτὸς
1742 1478 1915 1558 ἔφα,

142 1578 315 1638 ἄλλοι
369 1575 435 1637 δ’
494 1577 562 1637 ἐν
619 1572 979 1654 ἄποῤῥήτοις
1032 1572 1474 1657 διδασκόμενοι
1514 1576 1594 1638 τὰ
1646 1576 1732 1657 μὴ
1777 1578 1917 1646 ἄξια

141 1673 424 1758 φθάνειν
475 1679 559 1744 εἶς
618 1674 851 1742 ἀκοὰ-ς
902 1672 1282 1756 βεβήλους
1351 1675 1456 1737 καὶ
1511 1675 1766 1757 μηδέπω
1819 1699 1918 1738 κε-

142 1775 589 1856 καθαρμένας,
653 1772 778 1832 Sed
821 1773 1012 1834 verba
1067 1776 1205 1854 ipsa
1258 1775 1337 1833 iis
1395 1774 1707 1852 abjudicat
1747 1777 1918 1852 igno·
1969 1843 1971 1845 ¹

143 1885 243 1934 tus
287 1881 500 1933 auctor
543 1891 641 1952 ap.
688 1873 858 1932 Stob.
914 1874 1080 1932 Flor.
1124 1873 1197 1931 V.
1251 1893 1314 1952 p.
1359 1874 1458 1933 69.
1517 1893 1696 1953 quem
1742 1874 1919 1951 Wyt-

142 1973 497 2034 tenbachius
540 1972 932 2032 Plutarchum
990 1992 1123 2033 esse
1155 1983 1346 2053 *putat
1403 1975 1471 2032 in
1512 1974 1754 2053 Fragm.
1774 1978 1776 1980 “
1797 1975 1918 2033 Inc.

140 2094 202 2155 p.
247 2073 390 2133 876.
437 2073 622 2136 οὐδέν
665 2077 832 2136 ἐστιν
875 2073 1039 2135 οὕτω
1093 2081 1200 2154 τῆς
1243 2079 1698 2160 Πυθαγορικῆς
1744 2083 1921 2158 φιλο-

145 2173 368 2256 σοφίας
411 2174 574 2237 ἴδιον
621 2173 704 2242 ὥς
745 2173 816 2235 τὸ
849 2174 1233 2256 συμβολικὸν
1277 2174 1411 2238 οἷον
1455 2179 1522 2238 ἐν
1563 2183 1768 2255 τελετῇ
1811 2200 1920 2257 με-

142 2275 447 2359 μιγμένον
490 2281 670 2356 φωνῇ
713 2273 819 2334 καὶ
863 2281 1095 2352 σιωπῇ,
1142 2275 1287 2343 ὥςτε
1330 2275 1415 2356 μὴ
1461 2277 1656 2360 λέγειν

275 2371 456 2426 Ἀείσω
491 2373 766 2436 ξυνετοῖσι,
802 2368 974 2440 θύρας
1009 2370 1055 2422 δ’
1096 2371 1345 2425 ἐπίθεσθε
1376 2373 1586 2441 βέβηλοι

148 2473 276 2535 ἀλλ’
323 2470 554 2535 αὐτόθι
612 2474 770 2552 ἔχειν
826 2480 960 2554 φῶς
1018 2479 1146 2542 τοῖς
1203 2472 1506 2554 συνήθεσι
1557 2475 1627 2538 τὸ
1686 2473 1923 2558 φραζό-

147 2596 372 2653 μενον,
417 2572 659 2655 τυφλὸν
701 2571 770 2634 δὲ
813 2572 918 2633 καὶ
962 2574 1207 2654 ἄσημον
1248 2580 1377 2644 τοῖς
1422 2573 1708 2657 ἀπείροις.
1800 2565 1925 2633 'Sed

146 2682 352 2733 utrum
396 2671 762 2749 Pythagorei
819 2673 978 2731 hunc
1034 2691 1283 2733 versum
1341 2675 1785 2736 celebraverint
1846 2693 1925 2733 an

146 2791 272 2831 non
317 2771 784 2845 celebraverint,
841 2774 996 2831 scire
1039 2772 1206 2832 haud
1248 2774 1460 2848 refert3
1505 2777 1654 2834 satis
1700 2785 1791 2833 est
1830 2776 1924 2846 in-

148 2871 368 2949 telligi,
433 2879 575 2930 eu'm
622 2872 904 2952 Orphicis
962 2873 1334 2932 carminibus
1376 2876 1675 2933 insertum
1719 2875 1925 2932 fuisse.

150 2967 358 3048 Neque
399 2971 516 3030 hoc
573 2972 773 3031 solum
828 2973 1022 3052 liquet
1065 2973 1188 3033 vsed
1243 2976 1430 3032 etiam
1485 2978 1742 3055 propria
1797 2975 1926 3052 ejus

153 3067 328 3127 sedes
390 3070 795 3131 demonstrari
850 3082 1056 3152 potest
1117 3094 1192 3132 ex
1247 3076 1544 3134 Plutarch.
1592 3076 1805 3156 Symp.
1847 3076 1924 3134 ΙΙ.

155 3170 212 3227 3.
270 3165 409 3227 522.
470 3171 675 3233 ’Λείσω
734 3180 1040 3235 συνετοῖσι
1095 3200 1206 3236 τον
1256 3178 1564 3257 Ὀρφικὸν
1606 3178 1710 3239 καὶ
1761 3177 1926 3258 ἱερὸν

158 3267 374 3353 λόγον,
447 3271 513 3339 ὃς
568 3273 680 3335 οὐκ
738 3273 996 3352 ὄρνιθος
1051 3273 1249 3355 μόνον
1305 3277 1374 3337 τὸ
1423 3277 1551 3339 ιῦὀν
1596 3276 1925 3359 ἀποφαίνει

158 3366 609 3452 πρεσβύτερον,
673 3371 826 3432 ἀλλὰ
884 3374 987 3434 καὶ
1043 3375 1293 3438 ἅπασαν
1339 3377 1509 3459 αὐτῷ
1552 3385 1680 3442 τῶν
1726 3374 1927 3440 ἁπαν*
