2158 3848
821 213 1281 258 oRPHICA.
1805 196 1933 258 669

163 352 358 429 legem
400 349 705 426 cognitam
726 341 1085 414 habuisset,
1125 339 1282 400 hanc
1315 342 1532 422 potius
1575 361 1757 423 quam
1794 345 1934 407 Ari.-

162 448 477 530 stophanis
518 446 610 506 *de
662 443 933 505 sabazio
989 440 1258 501 edictum
1312 440 1617 501 ludicrum
1671 462 1935 504 comme-

162 557 507 611 moraturus
550 542 773 604 fuerit'l
816 541 1080 615 Deinde,
1126 560 1248 623 qua
1287 540 1537 602 demum
1567 543 1717 602 nota
1747 543 1938 603 Grae-

161 650 250 721 ci,
305 661 494 729 quum
549 663 624 704 ea
677 653 882 704 essent
935 642 1227 726 opinione
1279 641 1531 715 imbuti,
1599 651 1671 702 ut
1723 659 1937 702 omnes

160 747 312 807 deos
353 746 472 806 sibi
516 764 655 805 cum
699 743 983 804 omnibus
1026 760 1381 804 communes
1425 761 1560 804 esse
1601 741 1939 816 crederent,

160 847 455 908 advectos
501 830 580 906 ab
623 844 947 922 indigenis,
991 843 1289 903 barbaros
1333 860 1373 903 a
1416 842 1821 904 Graecanicis
1846 841 1941 901 di-

162 949 468 1026 stinguere
513 944 864 1026 quiverint‘!
906 944 1023 1005 Illa
1067 945 1200 1006 sive
1235 946 1376 1015 ξένα
1410 946 1545 1004 sive
1577 946 1776 1009 καινὰ
1794 941 1941 1009 ’δαι-

159 1045 384 1129 μόνια,
451 1065 607 1126 quae
662 1045 945 1106 Socrates
1000 1044 1316 1103 induxisse
1373 1043 1763 1118 credebatur,
1824 1046 1943 1104 etsi

160 1157 377 1207 neuter
400 1145 749 1225 Apologeta
790 1147 942 1205 satis
986 1144 1286 1224 explicate
1331 1142 1562 1217 definit,
1606 1155 1814 1204 tamen
1859 1136 1943 1204 ad

158 1246 315 1306 illud
372 1263 560 1323 genus
614 1243 871 1303 deorum
925 1243 1404 1321 alienigenarum
1462 1243 1729 1304 adscribi
1770 1244 1943 1304 nullo

51 1428 56 1434 ὁ
159 1345 350 1406 modo
406 1353 686 1424 possunt.
760 1342 974 1424 Neque
1030 1363 1302 1424 unquam
1357 1343 1765 1404 Athenienses
1822 1344 1944 1403 diis

159 1447 496 1530 peregrinis
539 1445 842 1503 solemnia
882 1443 1159 1524 publica,
1206 1455 1274 1504 ut
1302 1444 1619 1523 Fungerus
1665 1455 1728 1506 et
1755 1442 1945 1506 Creu-

160 1565 338 1607 zerus
395 1553 677 1617 narrant,
733 1544 876 1604 hinc
930 1545 1161 1604 scilicet
1209 1534 1488 1617 Θεοξένιὰ
1533 1546 1727 1621 dicta,
1772 1549 1946 1608 insti-

159 1656 440 1721 tuerunt3
521 1663 703 1726 quem
783 1663 1053 1704 errorem
1119 1645 1466 1706 Boeckhius
1536 1647 1798 1707 correxit
1863 1645 1946 1706 ad

158 1747 333 1808 Pind.
402 1765 463 1827 p.
523 1744 660 1806 194.
729 1742 965 1805 dudum
1020 1755 1163 1805 ante
1217 1765 1256 1805 a
1310 1746 1526 1824 Biagio
1582 1749 1946 1825 castigatum

157 1849 257 1910 De
299 1849 542 1908 Decret.
585 1845 728 1905 Ath.
772 1865 835 1926 p.
877 1842 1132 1926 313.[¹‘].
1178 1844 1303 1905 Sed
1347 1864 1500 1926 quos
1545 1846 1947 1907 Hemsterlw

159 1950 288 2011 sius
354 1945 645 2029 producit
710 1943 862 2004 deos
926 1946 1314 2025 peregrinos,
1381 1965 1655 2028 quosque
1710 1949 1947 2029 passim

157 2050 366 2112 mariti
419 2049 727 2126 ringentes
781 2044 903 2106 sibi
958 2044 1035 2104 ab
1094 2047 1389 2106 uxoribus
1446 2047 1514 2106 in
1557 2046 1814 2108 domum
1843 2039 1950 2108 'in-¹

158 2153 308 2212 ferri
362 2158 729 2229 queruntur,
775 2146 1016 2227 ,partim
1073 2156 1247 2205 erant
1291 2145 1622 2208 daemones
1666 2150 1949 2228 geniique

164 2251 436 2321 obscuri,
491 2249 798 2326 majorum
852 2247 1182 2307 numinum
1216 2245 1558 2307 adseculae
1616 2258 1677 2308 et
1711 2249 1949 2327 janito-

161 2370 306 2426 res,
349 2367 505 2430 quos
559 2349 810 2407 nomine
867 2355 1048 2406 tenus
1107 2347 1173 2406 in
1229 2349 1418 2407 sacris
1475 2349 1652 2408 citari
1708 2347 1951 2410 invidia

160 2453 333 2514 nulla
376 2458 538 2522 erat,
595 2465 880 2508 concesso
937 2449 1301 2528 praesertim
1346 2449 1765 2525 satyricorum
1801 2448 1955 2509 deo...

160 2573 300 2614 rum
344 2551 541 2623 cultu,
595 2549 858 2621 naonis,
914 2546 1254 2625 Tychonis,
1314 2547 1656 2621 Orthanae,
1717 2551 1948 2630 partim

162 2654 261 2714 dis
303 2649 651 2715 vernaculis
699 2650 797 2708 ita
850 2667 1031 2729 pares
1074 2657 1137 2708 et
1179 2648 1411 2709 similes
1428 2692 1444 2721 ,
1502 2656 1574 2707 ut
1616 2650 1947 2729 peregrini*-

163 2756 307 2815 tatis
365 2750 646 2812 damnari
698 2766 824 2808 non
879 2758 1150 2830 possent.
1255 2746 1578 2809 Coliadem
1622 2758 1697 2807 -et
1751 2748 1950 2808 Gene-

164 2853 447 2931 tyllidem
488 2860 730 2914 veteres
774 2847 941 2909 docti
982 2847 1238 2910 Veneris
1281 2849 1643 2928 Dianaeque
1690 2858 1799 2909 aut
1838 2869 1950 2930 pa-

164 2950 485 3013 redrorum
545 2959 947 3029 cognomenta
1002 2968 1136 3011 esse
1178 2949 1430 3023 volunt,
1485 2948 1643 3009 falso
1687 2948 1951 3010 fortasse

164 3051 276 3115 sed
317 3052 471 3113 nihil
513 3049 596 3112 ad
637 3069 797 3125 rem3
839 3068 983 3111 nam
1027 3050 1109 3111 ad
1152 3051 1307 3110 hanc
1351 3051 1775 3130 quaestionem
1808 3069 1949 3130 per-

287 3257 352 3316 [ἰ]
385 3255 541 3313 Neque
570 3257 768 3311 Thebis,
811 3258 860 3298 ut
888 3253 1112 3299 Coruinius
1152 3256 1358 3313 putabat,
1409 3255 1486 3298 sed
1515 3255 1694 3314 Delphis
1736 3242 1947 3306 Θεοὲέὶνια

169 3317 390 3361 celebrata
431 3329 563 3369 esse,
596 3315 742 3359 docuit
782 3313 1028 3357 Larcherus
1069 3315 1157 3357 Sur
1188 3315 1249 3357 les
1281 3317 1390 3357 fetes
1421 3328 1463 3370 p.
1494 3314 1594 3358 318.
1625 3316 1683 3358 Τ.
1713 3314 1784 3357 48.
1817 3316 1943 3357 Mem.

170 3377 224 3418 cs.
268 3374 574 3431 Wyttenbach.
617 3375 671 3417 ad
713 3373 827 3414 Plut.
871 3373 916 3413 S.
948 3373 1004 3415 N.
1038 3374 1088 3418 V.
1121 3388 1160 3428 p.
1192 3373 1263 3415 68.
1297 3372 1369 3430 qui
1399 3371 1454 3416 de
1482 3372 1565 3416 diis
1595 3375 1784 3422 ξενικοῖς
1813 3379 1943 3415 errat.
