2158 3848
211 167 337 227 442
738 176 973 220 LIBER
1016 139 1447 220 sn'CUNDUS.

349 304 554 377 εἰςορὰα
583 311 767 375 ψυχῶν
798 310 1035 376 θνητῶν,
1070 310 1141 380 νῷ
1175 305 1222 359 δ’
1259 303 1564 378 εῗςοράαται.

351 390 506 454 αὐτὸς
537 390 582 445 δ’
619 393 673 455 ἐξ
705 391 920 462 ἀγαθῶν
950 397 1166 461 θνητοῖς
1196 391 1354 445 κακὸν
1386 390 1475 444 οὐκ
1510 389 1746 443 ἐπιτέλλει

350 472 672 547 ἀνθρώποις·
692 474 848 548 αἰτῶ
885 477 942 529 δὲ
969 474 1121 545 χάρις
1153 477 1236 528 καὶ
1266 484 1418 543 μῖσος
1450 475 1636 544 ὀπηδεῖ

247 567 311 621 15
348 564 431 615 καὶ
464 558 685 622 πόλεμος
717 562 800 611 καὶ
834 560 1013 626 λοιμὸς
1045 559 1110 612 ἰδ’
1147 559 1301 630 ἄλγεα
1335 558 1667 633 δακρυόεντα.

349 646 469 700 οὖδέ
496 665 574 705 τις
607 644 718 696 ἴσθ’
755 644 950 714 ἕτερος·
990 642 1054 696 σὺ
1085 643 1147 696 δέ
1173 665 1257 696 κεν
1290 645 1380 717 ῥέα
1411 644 1555 699 πάντ’
1592 641 1932 717 ἐςορήσαιςΰῐ]

347 730 414 783 αἴ
437 750 520 781 κεν
555 728 668 798 ἴδῃς
700 727 884 781 αὐτόν·
920 730 1039 800 πρὶν
1071 727 1136 797 δή
1171 749 1292 782 ποτε
1325 730 1454 802 δεῦρ’
1493 732 1572 783 ἐπὶ
1602 738 1768 800 γαῖαν,

349 816 523 869 τέκνον
557 813 707 881 ἐμὸν,
747 815 896 877 δείξω
932 833 1040 882 σοι,
1076 810 1294 883 ὁπηνίκα
1327 815 1569 886 δέρκομαι
1602 815 1762 870 αὓτοῦ

348 901 484 969 ἲβζνια
514 900 597 951 καὶ
623 906 774 970 χεῖρα
807 899 1057 970 στιβαρὴν
1087 906 1352 971 κρατεροῖο
1382 905 1546 953 θεοῖο.

241 991 313 1043 20
347 984 504 1045 αὐτὸν
535 983 580 1036 δο
617 982 709 1052 οὐχ
741 981 906 1056 ὁρόω·
952 987 1064 1056 περὶ
1097 984 1194 1056 γὰρ
1228 985 1383 1055 νέφος
1415 981 1704 1054 ἐστήρικται

349 1070 525 1143 λοιπὸν
558 1071 696 1136 ἐμοί·
736 1074 916 1124 στᾶσιν
952 1071 1008 1123 δὲ
1041 1071 1162 1123 δέκα
1198 1072 1385 1138 πτυχαὶ
1417 1067 1737 1143 ανθρωποισι
1754 1067 1820 1137 [¹]

349 1157 409 1209 οὗ
439 1154 534 1227 γάρ
572 1156 657 1208 κέν
689 1177 766 1217 τις
800 1156 899 1208 ἴδοι
931 1161 1140 1224 θνητῶν
1171 1153 1411 1227 μερόπων
1443 1156 1716 1226 κραίνοντα

350 1245 393 1295 εἷ
426 1241 498 1310 μὴ
529 1239 838 1310 μουνογενής
872 1262 948 1303 τις
980 1240 1224 1345 ἀπορρώξ
1261 1238 1436 1295 Φυλου
1471 1239 1675 1294 ἄνωθεν
1689 1240 1754 1309 [¹¹]

348 1327 660 1381 Xald‘atſtrmv
698 1325 830 1395 ἴδρις
861 1347 958 1396 γαρ
991 1325 1076 1395 εἠν
1113 1325 1322 1397 α’στροιο
1357 1327 1564 1397 πορείης

242 1419 310 1469 25
347 1415 430 1465 καὶ
465 1412 690 1482 σφαίρης
720 1410 883 1478 κίνημ’
921 1409 1055 1481 ἀμφὶ
1082 1408 1261 1478 χθόνα
1291 1408 1360 1472 ὡς
1391 1411 1662 1481 περἰτέλλει

348 1496 642 1566 κυκλοτερές
673 1494 714 1564 γ’
752 1496 804 1546 ἐν
844 1494 939 1567 ἴσῳ
973 1495 1106 1547 κατὰ
1141 1495 1388 1566 σφέτερον
1419 1495 1673 1550 κνώδακα.

347 1581 610 1650 πνεύματα
646 1580 690 1632 δ’
730 1577 924 1648 ἡνιοχεῖ
949 1581 1067 1651 περί
1098 1578 1138 1631 τ’
1175 1579 1301 1650 ἠέρα
1334 1582 1419 1632 καὶ
1453 1582 1565 1655 πὲερὶ
1592 1584 1760 1647 χεῦμα

348 1666 601 1736 νάματος·
638 1666 861 1736 ἐκφαίνει
897 1666 954 1718 δὲ
987 1664 1151 1736 πυρὸς
1185 1666 1336 1727 σέλας
1368 1663 1674 1736 ἴφιγενήτου,

350 1753 504 1815 αὐτὸς
538 1751 602 1821 δὴ
633 1751 792 1821 μέγαν
819 1744 976 1813 αὖθις
1008 1750 1081 1803 ἐπ’
1119 1750 1341 1822 οὐρανὸν
1374 1748 1666 1822 ἐστήρικται

242 1847 313 1897 30
341 1839 544 1911 χρυσέῳ
578 1839 668 1890 εἷνὶ
700 1835 907 1909 θρόνῳ·
943 1838 1062 1906 γαίη
1096 1837 1140 1891 δ’
1177 1835 1279 1890 ὑπὸ
1316 1839 1472 1890 ποσσὶ
1504 1836 1707 1904 βέβηκε,

343 1929 493 1992 χεῖρα
529 1923 586 1974 δὲ
619 1920 875 1992 δεξιτερὴν
909 1922 989 1973 ἐπὶ
1023 1922 1271 1994 τέρμασιν
1304 1920 1546 1975 ὠκεανοῖο

349 2006 622 2059 ἐκτέτακεν.
662 2006 821 2076 ὀρέων
855 2007 911 2059 δὲ
945 2007 1114 2077 τρέμει
1145 2004 1300 2075 βάσις
1333 2006 1510 2060 ἔνδοθι
1542 2011 1701 2080 θυμῷ
1720 2005 1768 2075 [¹]

353 2092 470 2144 οὐδὲ
503 2090 673 2162 φέρειν
706 2090 919 2144 δύναται
953 2092 1199 2164 κρατερὸν
1229 2092 1397 2160 μένος.
1433 2092 1539 2145 ἔστι
1574 2093 1630 2144 δὲ
1664 2089 1871 2153 πάντως
1923 2148 1925 2150 ,

348 2177 502 2238 αὐτὸς
534 2173 834 2247 ἐπουράνιος
865 2179 949 2229 καὶ
984 2178 1062 2229 ἐπὶ
1089 2179 1249 2245 χθονὶ
1282 2176 1452 2229 πάντα
1483 2182 1691 2251 τελευτᾷ

244 2269 312 2320 35
351 2262 513 2334 ἀρχὴν
547 2261 702 2323 αὐτὸς
734 2262 863 2329 ἔχων
896 2264 980 2314 καὶ
1013 2263 1206 2329 μέσσον
1237 2262 1329 2332 ἠδὲ
1360 2261 1598 2331 τελευτὴν
1613 2266 1712 2329 [¹¹¹],

334 2390 400 2449 [¹1]
432 2394 558 2436 Haec
587 2393 650 2435 sic
680 2392 909 2435 scribenda
938 2392 1143 2435 videntur
1185 2390 1244 2436 σὺ
1275 2392 1331 2438 δέ
1357 2407 1436 2436 κεν
1465 2394 1545 2452 ῥέα
1575 2388 1702 2436 πάντ’
1738 2384 2007 2463 ἒςαθρἡαις

213 2454 324 2509 πρίν
365 2466 445 2495 κεν
485 2451 584 2511 ἴδῃς
620 2449 782 2495 αὐτόν·
823 2449 944 2503 πλὴν
985 2448 1042 2500 δή
1083 2467 1193 2496 ποτε
1235 2478 1294 2484 -
1332 2458 1541 2495 cuncta
1576 2451 1738 2509 prius
1767 2452 2005 2496 videbis

217 2524 377 2567 quam
407 2498 591 2562 deuin3
622 2510 717 2552 sed
747 2511 1079 2552 monstrabo
1110 2510 1224 2553 tibi
1254 2511 1378 2566 ejus
1408 2510 1682 2566 vestigia.

334 2579 399 2640 [1]
432 2583 706 2625 Hermannus
737 2582 1025 2639 probabiliter
1055 2583 1247 2625 correxit
1266 2586 1410 2626 πᾶσιν
1429 2596 1509 2639 pro
1529 2584 1703 2626 στᾶσιν.
1734 2582 1861 2626 Licet
1877 2583 2005 2626 etiam

218 2643 454 2686 ἐνεστᾶσιν
500 2642 660 2684 inter
675 2642 830 2683 sitae
870 2656 891 2682 s
905 2647 1028 2693 unt,
1069 2641 1147 2683 sed
1186 2645 1291 2697 puto
1332 2642 1444 2683 hanc
1482 2642 1628 2697 potius
1666 2642 1801 2684 fuisse
1841 2642 2006 2698 Orphei

215 2703 471 2744 sententiam
500 2698 730 2744 λεπτὸν
759 2699 865 2758 ἐμοὶ
895 2700 1028 2758 (μὲν)
1057 2702 1199 2743 πᾶσιν
1230 2699 1280 2743 δὲ
1312 2699 1420 2744 δέκα
1451 2701 1621 2756 πτυχαὶ
1649 2696 1976 2756 ἀνθρώποισιν.

335 2772 403 2845 [k]
437 2774 620 2816 johann.
650 2772 822 2828 Evang.
853 2773 889 2816 I.
926 2771 993 2813 18.
1035 2770 1150 2816 θεὸν
1180 2771 1330 2822 οὐδεὶς
1359 2768 1560 2829 ἑώρακεν
1588 2774 1629 2815 εἰ
1656 2770 1721 2832 μὴ
1751 2770 1775 2817 ὁ
1787 2789 2007 2843 μονογε-

218 2830 298 2887 νὴς
327 2830 436 2882 υἱός.
481 2833 680 2889 Orpheus
719 2831 1010 2875 Abrahamum
1051 2831 1285 2887 significat.
1328 2847 1370 2874 v.
1414 2831 1560 2874 Grotii
1601 2838 1747 2883 notam
1786 2833 1832 2875 in
1872 2833 2006 2877 Fabr.

218 2891 430 2948 Pseudep.
462 2892 516 2933 V.
550 2892 607 2933 T.
637 2906 688 2948 Ρ.
710 2890 811 2934 368.
843 2890 901 2933 Τ.
931 2890 988 2931 ΙΙ.
1021 2890 1125 2932 Chr.
1157 2893 1319 2934 Worm.
1349 2891 1528 2947 Antiqq.
1555 2890 1693 2934 Hebr.
1723 2906 1766 2948 Ρ.
1796 2890 1867 2934 94.

334 2960 608 3022 [1]’'Eu‹50<n
660 2966 848 3033 θυμοῦ
849 2963 1085 3034 Clemens,
1141 2965 1446 3007 Theodmetus
1485 2967 1636 3066 &veiga
1706 2965 1758 3006 In
1799 2978 1888 3021 seq.
1898 2979 2007 3035 pro

218 3023 325 3067 οὐδὲ
369 3024 504 3066 codex
549 3017 914 3066 Clement.01’2'u.
976 3023 1064 3065 Pro
1094 3021 1276 3073 πάντως
1306 3023 1441 3067 clem.
1473 3028 1519 3067 et
1593 3023 1816 3066 heodoret.
1845 3020 2004 3083 πάντῃ,

218 3089 263 3124 et
292 3082 335 3124 in
365 3097 456 3138 seq.
481 3079 638 3139 χθόνα
666 3082 713 3125 ἰιι
745 3082 1010 3124 accusativo.

339 3154 409 3227 [¹1¹]
445 3155 678 3198 Clementis
721 3155 858 3198 Codd.
904 3160 950 3197 et
990 3155 1075 3198 Ed.
1106 3155 1300 3198 Florent.
1319 3153 1478 3228 ἀρχὴν
1507 3152 1640 3204 αὐτὸς
1667 3155 1787 3211 ἔχων
1816 3156 1892 3198 καὶ
1919 3158 2006 3213 μέ-

223 3226 318 3257 σων
347 3211 426 3267 ἠδὲ
457 3215 652 3257 τελείων.
684 3229 762 3271 pro
797 3227 880 3271 quo
911 3228 1022 3257 nunc
1050 3217 1280 3273 μέσσατον
1309 3213 1387 3269 ἠδὲ
1418 3211 1626 3268 τελευτην
1654 3214 1828 3257 editum.
1863 3212 2003 3256 Euse-

222 3273 319 3317 bius
347 3272 473 3315 XIII.
508 3271 574 3314 13.
606 3272 707 3316 685.
749 3273 984 3316 Clementis
1013 3274 1152 3317 locum
1180 3274 1495 3318 transscribens
1525 3270 1633 3342 ἅμα
1651 3272 1728 3316 καὶ
1755 3275 1899 3332 μέσον
1925 3269 2006 3322 ἠδὲ

222 3327 444 3385 τελευτὴν..
509 3330 814 3376 Theodoretus
845 3331 902 3374 ΙΙ.
933 3329 1032 3376 491.
1061 3333 1113 3376 B.
1143 3336 1318 3392 μέσσην
1347 3328 1428 3388 ἠδὲ
1456 3327 1677 3386 τελευτήν.

2072 2451 2098 2458 α
