2158 3848
180 216 304 275 374
711 226 949 270 Lmen
992 224 1422 268 SECUNDUS.

182 357 259 416 de
317 357 378 417 S.
422 356 496 418 N.
543 356 614 416 TV.
679 378 726 417 c.
771 357 828 418 5.
875 359 1019 419 273.
1089 367 1382 438 tanquam
1438 356 1516 416 ab
1563 355 1813 436 Orpheo
1874 356 1968 416 di-

182 466 380 532 ctum,
443 458 569 518 ¹huc
621 469 900 538 repetere
956 459 1134 518 libet:
1205 462 1405 544 ἔλεγεν
1461 458 1494 520 ὁ
1553 459 1968 541 ψὺχοπομπὸς

181 561 326 641 ἄχρι
368 557 594 621 τούτου
639 561 753 623 τὸν
789 561 1033 642 Ὀρφέα
1075 563 1407 639 προελθεῖν
1451 559 1550 621 ὅτε
1593 558 1709 636 τὴν
1754 557 1965 639 ψυχὴν

180 667 285 739 τῆς
340 659 636 744 γυναικὸς
689 658 896 740 μετῄει
959 658 1065 723 καὶ
1118 655 1204 740 μὴ
1260 667 1462 729 καλῶς
1506 655 1969 740 διαμνημονεύ-

183 781 382 822 σαντα
441 756 628 842 λόγον
683 765 767 829 εἰς
825 756 1208 842 ἀνθρώπους
1264 758 1564 841 κίβδηλον
1619 762 1970 844 ἐξενεγκεῖν,

184 859 267 929 ὥς
308 860 524 948 κοινὸν
568 864 657 938 εἴη
700 865 1000 942 μαντεῖον
1045 863 1409 941 ἔνΔελφοῖς
1446 857 1823 928 Ἀπόλλωνος
1866 859 1972 920 καὶ

181 957 442 1029 Νυκτός.
530 959 689 1020 Nam
738 962 903 1040 quod
946 963 1262 1023 Rosselius
1305 962 1368 1020 in
1418 955 1656 1017 Comm.
1711 960 1778 1016 in
1821 959 1972 1017 Poe-

185 1058 419 1118 mandr.
477 1060 545 1119 L.
589 1059 692 1119 1v.
745 1040 861 1121 10.¹
896 1082 956 1141 p.
1003 1062 1171 1122 367..
1208 1062 1408 1121 affert:
1475 1056 1806 1131 Quidam
1861 1059 1975 1117 af-

183 1158 443 1218 ferunt
494 1160 636 1220 <sub
693 1171 907 1223 terra
952 1181 1121 1223 esse
1164 1158 1598 1222 inferorum
1644 1159 1818 1217 loca
1862 1169 1978 1238 at-¹

186 1278 325 1338 que
394 1261 1000 1340 suppliciorum3
1088 1264 1225 1321 hos
1287 1260 1593 1321 imitari
1654 1257 1977 1320 videtur

185 1357 572 1439 OrpheUS‚
662 1380 883 1440 quum
964 1362 1422 1422 descensum
1496 1357 1591 1419 ad
1667 1359 1974 1418 inferos

186 1459 604 1534 describit,
672 1460 891 1521 dubito
938 1481 1017 1522 an
1074 1483 1150 1523 ex
1206 1463 1473 1541 antiquis
1518 1461 1795 1519 hauserit
1837 1459 1972 1518 fon-

182 1559 364 1619 tibus.

311 1659 452 1720 XX.
496 1662 738 1732 Κλίσεις
780 1662 1188 1745 κοσμικαίνας
1230 1660 1337 1723 καὶ
1380 1658 1808 1723 Νεωτευκτικά
1838 1659 1980 1718 Sui-

185 1758 297 1819 das
341 1747 777 1840 praetermisso
823 1765 1093 1822 auctoris
1137 1763 1405 1820 nomine.
1450 1760 1789 1819 Kuesterus
1850 1760 1980 1822 κλί-

182 1886 353 1941 ματα
408 1861 676 1945 κοσμικά
736 1862 1043 1934 emendat.
1132 1861 1255 1920 Sed
1310 1862 1428 1920 hoc
1483 1862 1690 1941 ipsum
1749 1878 1978 1920 nomen

187 1961 359 2020 varie
402 1964 726 2042 accipitur3
768 1982 912 2022 nam
959 1973 1021 2022 et
1065 1970 1329 2042 quatuor
1373 1960 1590 2019 mundi
1623 1961 1846 2040 plagae
1891 1962 1980 2019 sic

186 2059 470 2121 dicuntur
511 2063 728 2123 Isidos.
774 2063 975 2141 Origg.
1021 2063 1089 2122 L.
1128 2064 1233 2122 III.
1278 2081 1339 2142 p.
1373 2052 1487 2121 19.
1511 2061 1797 2119 Martian.
1825 2058 1976 2139 Cap.

184 2161 230 2219 Ι.
274 2181 335 2241 p.
382 2162 483 2222 26.
542 2171 606 2222 et
663 2164 924 2223 totidem
984 2173 1182 2224 terrae
1225 2171 1463 2243 partes:
1532 2162 1806 2244 τέσσαρα
1849 2162 1979 2222 κλί-

183 2287 356 2343 ματα
397 2262 660 2347 κόσμου,
706 2262 1000 2347 Εὐρώπη,
1040 2263 1230 2336 Ἀσία,
1275 2259 1514 2345 Λιβύη,
1559 2262 1743 2341 Μέση
1774 2261 1975 2320 Schol.

186 2361 349 2422 Hes.
383 2362 609 2443 Theog.
654 2384 715 2426 v.
762 2365 906 2424 378.
992 2363 1239 2424 Deinde
1282 2363 1597 2440 Astrologi
1641 2371 1868 2422 terram
1913 2363 1981 2421 in

186 2474 426 2543 septem
474 2466 722 2525 climata
765 2465 1174 2539 distribuunt,
1234 2483 1500 2544 quorum
1556 2481 1706 2522 suus
1764 2464 1982 2542 cuique
2081 2454 2083 2457 ⁴
2156 2461 2158 2467 '

186 2563 605 2647 κλιματάρχης
659 2575 908 2646 praeest
962 2565 1294 2625 Bardesan.
1360 2563 1438 2621 de
1504 2563 1643 2622 Fat.
1703 2583 1758 2621 c.
1817 2562 1980 2622 VIII.

187 2663 451 2724 Hermes
497 2665 669 2726 Stob.
714 2667 760 2725 Ι.
820 2663 919 2725 52.
965 2666 1109 2725 992.
1178 2664 1371 2723 Procl.
1433 2664 1500 2721 in
1559 2660 1723 2721 Crat.
1768 2682 1830 2742 p.
1875 2662 1977 2721 28.

190 2762 433 2826 Caesar.
478 2767 645 2827 Dial.
688 2767 765 2826 ΙΙ.
810 2766 954 2826 613.
998 2766 1070 2825 Ε.
1129 2764 1199 2824 Τ.
1242 2763 1352 2824 ΧΙ.
1416 2762 1588 2841 Bign.
1635 2762 1708 2822 cf.
1756 2762 1978 2840 Scalig.

189 2865 270 2925 ad
326 2867 535 2927 Manil.
596 2887 659 2948 p.
719 2867 862 2927 344.
937 2877 999 2926 et
1065 2865 1287 2925 eodem
1341 2866 1593 2924 nomine
1649 2862 1978 2923 duodecim

189 2983 505 3045 segmenta
561 2967 907 3049 appellant,
970 2985 1126 3048 quae
1180 2966 1421 3044 singula
1476 2964 1729 3043 singulis
1790 2965 1979 3042 signis

190 3067 465 3146 subjecta
508 3078 653 3130 sunt
696 3068 1002 3146 Theodor.
1045 3068 1221 3127 Phot.
1267 3065 1600 3127 CCXXIII.
1645 3064 1790 3124 346.
1878 3064 1977 3122 De
2037 3136 2040 3140 β

188 3167 285 3228 his
328 3169 515 3247 igitur
559 3170 906 3230 climatibus
950 3178 1012 3229 et
1055 3188 1210 3249 quae
1267 3169 1560 3247 cujusque
1612 3167 1679 3225 in
1732 3166 1979 3244 gignen-

193 3268 288 3328 dis
333 3288 659 3351 corporum
716 3280 780 3331 et
823 3271 1171 3331 animorum
1228 3270 1462 3329 naturis
1517 3266 1847 3329 diversitas
1892 3267 1979 3349 (v.

192 3367 432 3432 Vitruv.
478 3370 580 3431 VI.
625 3373 682 3433 2.
734 3372 829 3433 12.
884 3371 1100 3433 Isidor.
1148 3372 1186 3430 l.
1232 3375 1336 3450 c.)‚
1395 3388 1433 3429 a
1476 3378 1664 3450 poeta
1707 3365 1976 3448 quodam
