2158 3848
820 197 1273 261 oarurcli.
1811 182 1938 243 617

161 335 521 410 celebrant,
542 332 722 393 festis.
760 325 1042 393 nutibus
1085 342 1222 394 esse
1264 334 1708 405 prosequutus,
1750 346 1939 408 quum

158 435 530 517 praesertim
570 445 657 493 01⁵·-
686 425 998 490 Herodoti
1050 424 1258 487 verbis
1286 426 1676 503 ’Κλεισθένης
1711 429 1941 510 χοροὺς

160 542 250 618 τῷ
291 529 931 614 Διονύσῳ“οἷπέὸωκε,
975 546 1053 587 ne
1095 526 1214 587 hoc
1260 523 1516 605 quidem
1559 524 1798 604 liquido
1834 545 1942 606 ap-

158 641 376 715 pareat
436 631 661 694 choros
725 630 870 689 illos
947 636 1133 690 antea
1196 626 1483 706 Dionyso
1559 635 1943 687 consecratos

157 734 380 806 fuisse,
434 751 583 792 nam
637 729 901 792 verbum
957 727 1334 794 ἀποδιδόναι
1390 738 1484 789 est
1535 725 1801 786 reddere.
1838 723 1944 785 de-

157 832 317 906 bita,
370 851 499 892 non
541 832 745 892 solum
786 831 1112 891 restituere
1154 829 1393 905 ablata',
1439 838 1503 889 et
1544 829 1679 888 fieri
1720 836 1945 907 potest,

157 942 227 992 ut
282 932 564 1010 Sicyonii
619 933 836 993 statim⁴
875 930 955 991 ab
998 931 1179 989 initio
1221 928 1406 989 ludos
1449 930 1751 1003 musicos,
1796 945 1945 1007 qua-

157 1033 246 1093 les
304 1034 491 1093 ceteri
547 1032 770 1093 Graeci
822 1031 1148 1108 Dionysiis
1162 1072 1180 1102 ,
1236 1029 1304 1089 in
1346 1029 1646 1088 honorem
1689 1027 1945 1087 Adrasti

155 1134 562 1207 instituerint3
615 1149 769 1212 quos
824 1133 880 1191 si
935 1129 1278 1190 Clisthenes
1323 1127 1404 1187 ad
1441 1126 1633 1187 deum
1677 1135 1947 1187 transtu-

154 1233 259 1306 lit,
316 1234 375 1292 ei
415 1250 564 1292 sane
604 1229 878 1291 reddidit
920 1228 1201 1290 debitum
1243 1228 1545 1288 honorem
1587 1229 1872 1308 quamvis
1909 1246 1949 1288 a

156 1328 467 1411 Sicyoniis
521 1349 836 1411 nunquam
892 1339 1076 1391 antea
1132 1329 1494 1389 exhibitum.
1592 1328 1719 1389 Sed
1773 1332 1828 1390 si
1880 1328 1948 1390 id

156 1451 401 1515 quoque
481 1433 962 1493 concesserimus
1031 1431 1252 1491 choros
1319 1430 1462 1490 illos
1533 1429 1947 1507 Dionysiacos

155 1535 369 1609 fuisse,
423 1543 636 1594 tamen
690 1546 818 1593 non
859 1550 1110 1592 necesse
1155 1541 1278 1606 est,
1338 1543 1409 1591 ut
1450 1531 1723 1608 Dionysi
1766 1529 1947 1611 πάθη

156 1635 638 1708 decantaverint,
680 1652 828 1694 nam
869 1651 949 1692 ne
991 1630 1184 1693 Attici
1222 1630 1470 1713 quidem
1506 1631 1679 1691 chori
1711 1631 1830 1691 hoc
1859 1632 1949 1691 fe-

157 1746 371 1796 cerunt
422 1734 535 1795 sed
586 1736 797 1817 potius
852 1733 1042 1797 οὐδὲν
1098 1733 1258 1817 πρὸς
1312 1734 1427 1797 τὸν
1482 1731 1829 1797 Διόνυσον·
1887 1743 1950 1793 et

156 1837 275 1896 hoc
326 1854 572 1916 quoque
625 1833 804 1921 datox
828 1833 1107 1894 nondum
1163 1853 1237 1893 eo
1293 1842 1664 1914 perventum
1709 1841 1834 1907 est,
1879 1843 1951 1893 ut

158 1957 235 1996 ex
299 1937 514 1996 multis
568 1922 801 1995 Liberi*
844 1933 1080 1998 πάθεσι
1134 1933 1294 1994 iuud
1350 1934 1683 2010 mysticum
1739 1932 1950 2005 πάθος

84 2054 87 2060 ’
154 2037 460 2098 delectum
512 2036 706 2096 fuisse
758 2035 1194 2114 intelligamus.
1292 2033 1472 2094 Adeo
1527 2034 1726 2095 multa
1780 2040 1958 2095 assu-'

154 2137 383 2200 menda
423 2146 568 2199 sunt
607 2138 750 2198 viro
795 2135 1073 2210 erudito,
1116 2146 1187 2196 ut
1228 2154 1361 2195 rem
1404 2133 1628 2214 probet
1673 2136 1951 2207 omnium

157 2243 415 2301 minime
466 2236 883 2319 probabilem,
948 2236 1107 2297 illud
1174 2237 1561 2296 teterrimum
1633 2242 1950 2314 spectacu÷

157 2341 289 2402 lum
333 2340 550 2400 mortis
594 2338 1045 2415 Dionysiaeae,
1087 2336 1246 2397 illud
1291 2336 1600 2420 φρικῶδες
1631 2343 1709 2393 'et
1753 2333 1950 2417 ἅπόῤ-

158 2449 348 2524 ῥητον
413 2438 653 2525 (Muell.
709 2438 879 2519 393.)
944 2440 1012 2498 in
1080 2437 1457 2498 solemnibus
1515 2435 1950 2512 Sicyoniorum

158 2542 422 2624 publicis
463 2548 989 2622 repraesentatum
1036 2556 1186 2597 esse.

267 2669 269 2673 ¹
326 2642 615 2702 Veterem
668 2640 860 2700 fuisse
918 2637 1088 2719 apud
1141 2637 1422 2718 Delphos
1486 2635 1698 2696 Liberi
1750 2636 1950 2697 Patris

162 2742 520 2822 religionem
575 2742 752 2802 testis
810 2749 904 2801 est
960 2740 1220 2818 Pythiae
1276 2739 1552 2819 precatio
1612 2738 1676 2796 in
1731 2725 1954 2798 Aeschss

164 2844 340 2904 Eum.
385 2843 486 2905 24.

305 2951 534 3028 Βρόμιος
569 2954 624 3009 δ’
664 2954 761 3022 ἔχει
796 2953 887 3008 τὸν
915 2958 1115 3024 χῶρον,
1156 2951 1261 3005 οὐδ’
1301 2952 1600 3019 ἀμνημονῶ,

306 3042 360 3105 ἐξ
394 3034 508 3096 οὗτε
528 3038 776 3112 ΙΒάκχους
812 3035 1187 3112 ἐστρατήγησεν
1223 3034 1365 3098 θεός.

168 3144 365 3226 qualis
419 3144 636 3217 fuerit,
694 3142 1013 3205 obscurius
1069 3141 1368 3219 significat
1425 3138 1756 3221 Euripides
1815 3141 1944 3199 Ion.

168 3243 309 3306 552.
368 3246 574 3327 φανὰς
630 3242 908 3324 Βακχίου
945 3244 1046 3325 [⁸²]
1092 3253 1382 3323 tanquam
1427 3249 1674 3320 tempus
1720 3259 1946 3322 oppor-

283 3372 380 3428 [aa]
412 3370 664 3415 Siebeliuius
695 3371 751 3416 nd
782 3371 909 3415 Paua.
939 3369 998 3414 11.
1027 3370 1067 3414 7.
1098 3370 1138 3413 6.
1170 3368 1467 3423 „Bacchus
1495 3368 1588 3427 ipse
1621 3365 1775 3418 Φανός
1796 3367 1944 3425 appel-
