2158 3848
254 246 379 305 282
787 255 1021 299 LIBER
1064 257 1493 301 SECUNDUS.

255 390 381 447 alia
425 385 638 449 divina
663 385 896 446 favoris
925 386 1182 465 pignora
1225 385 1306 445 ad
1340 386 1821 448 conservandam
1865 407 2023 448 rem-

251 481 562 570 publicam
607 487 950 544 necessaria
995 503 1249 564 eamque
1311 485 1389 544 ob
1435 505 1682 546 causam
1707 488 2026 547 'duntaxat

251 588 552 666 indigenis
607 594 756 643 nota
799 591 920 643 aut
983 601 1062 641 ne
1116 584 1212 643 his
1269 586 1516 665 quidem
1576 588 1863 647 omnibus
1917 586 2026 647 sed

252 690 400 750 solis
445 683 864 746 sacerdotibus
908 691 1017 741 aut
1058 685 1518 760 magistratibus
1565 690 1820 748 conscia.

1035 893 1089 974 ξ.
1175 896 1266 956 4.⁷

416 1081 819 1143 Enumeratio
860 1089 1175 1140 sacrorum
1205 1091 1580 1161 opertorum
1642 1086 1841 1143 causis
1884 1101 2029 1142 om-

246 1185 428 1245 nibus
485 1192 730 1263 tempus
787 1189 880 1239 est
934 1199 1010 1239 eo
1066 1184 1328 1254 reverti,
1399 1182 1566 1242 unde
1622 1185 1750 1244 orsi
1799 1200 2028 1242 sumus.

245 1285 592 1346 Homerum
648 1283 835 1360 igitur
889 1281 1283 1342 concedimus
1340 1283 1615 1363 quidem*
1644 1286 1712 1342 in
1763 1303 1851 1343 ea·
1892 1283 2027 1363 opi·
2112 1280 2115 1282 ’
2155 1309 2158 1318 <

245 1389 429 1445 nione
491 1383 683 1442 fuisse
736 1390 807 1439 ut
859 1379 1018 1439 illud
1081 1392 1351 1462 aperto
1414 1382 2027 1472 viverexvotoffl

243 1503 370 1544 non
413 1482 698 1542 omnibus
758 1480 1147 1560 temporibus
1192 1481 1527 1542 conducere
1569 1493 1848 1565 putaret,
1894 1519 1899 1529 2
1912 1479 2026 1541 sed

244 1584 680 1661 mysteriorum
697 1624 715 1654 ‚
778 1579 1210 1641 Palladiorum
1277 1583 1662 1663 aliorumque
1717 1600 2026 1643 sacrorum
2153 1640 2154 1644 ,

241 1681 704 1746 reconditorum
735 1681 1022 1740 notitiam
1058 1681 1347 1741 habuisse
1371 1682 1586 1743 Iliadis
1620 1693 1802 1763 atque
1826 1681 2028 1758 Odys·
2150 1679 2158 1761 ξ

244 1804 387 1845 seae
443 1792 752 1843 auctorem
769 1825 786 1854 ‚
846 1780 916 1840 id
969 1801 1120 1843 vero
1174 1801 1597 1863 pernegamus.
1683 1783 2029 1843 Eleusinio-
2151 1762 2158 1971 Ι

244 1904 383 1945 rum
428 1882 679 1962 quidem
736 1882 971 1941 famam
1029 1882 1142 1940 sub
1197 1885 1338 1962 ipsa
1383 1884 1530 1942 belli
1572 1884 1799 1944 Persici
1849 1882 2029 1941 initia

242 1983 522 2044 nondum
568 1991 743 2040 extra·
776 1978 1048 2066 Atticam
1095 1990 1416 2057 evagatam
1461 1999 1623 2055 esse,
1668 1978 2027 2040 Herodotus
2085 2037 2094 2048 ,
2152 1985 2158 2054 ξ

242 2086 571 2162 significat,
639 2080 788 2139 dum
844 2099 919 2140 ea
968 2081 1093 2159 ipsi
1139 2079 1583 2160 Spartanorum
1627 2082 1755 2159 regi
1797 2079 2025 2138 Dema·

242 2195 377 2246 rato
422 2185 633 2261 ignota
675 2180 867 2239 fuisse
909 2187 1119 2239 narrat
1143 2179 1304 2239 VIII.
1332 2178 1433 2240 65.
1479 2199 1826 2261 quanquam
1857 2177 2028 2237 idem

245 2283 642 2345 Cleomenem
684 2281 1035 2341 vastatione
1079 2282 1235 2340 sacri
1277 2281 1580 2341 Eleusinii
1640 2281 1737 2363 (τὸ
1781 2281 2028 2361 τέμενος
2153 2200 2158 2333 Ι

241 2394 374 2451 τῶν
416 2382 617 2462 θεῶν)
662 2381 977 2462 piaculum
1020 2381 1139 2440 sibi
1183 2383 1559 2441 contraxisse
1601 2381 1791 2441 refert
1813 2379 1898 2438 V..
1923 2380 1966 2437 7
1969 2365 2025 2437 5.

243 2503 440 2564 neque
483 2502 609 2554 non
651 2484 717 2540 in
762 2481 1009 2540 Solonis
1052 2482 1285 2559 legibus
1331 2480 1409 2540 de
1465 2491 1684 2542 senatu
1724 2471 2028 2562 postridie

242 2585 541 2661 mysteria
583 2584 645 2641 in
674 2581 1061 2640 Eleusinium
1106 2580 1503 2641 convocando
1549 2584 1853 2661 sancitum
1897 2587 2028 2639 erat

241 2680 541 2746 Andocid.
588 2682 666 2742 de
707 2681 894 2758 Myst.
939 2701 999 2819 p.
1049 2677 1144 2739 15.
1172 2677 1318 2761 6.[¹²]
1407 2679 1596 2740 Haud
1639 2682 2025 2740 multo‘ante
2138 2714 2158 2748 a.

244 2914 272 2956 d
363 2856 424 2911 [a]
448 2854 740 2955 fEtylthagorae
778 2853 855 2896 illa
893 2865 979 2894 vox
1009 2858 1077 2893 est
1103 2849 1219 2909 μετὰ
1249 2853 1406 2909 φωνῆς
1436 2847 1653 2908 εὔχεσθαι
1683 2851 1881 2894 Clemens
1910 2851 2022 2894 Pae·-
2155 2750 2158 2837 1

274 2926 344 2970 ag·
375 2930 417 2972 P·
1856 2941 1858 2944 >
1896 2939 1898 2942 >
2136 2920 2139 2937 ³

357 2999 422 3056 [b]
455 2998 718 3042 Fabulosum
756 3001 823 3039 est
866 2996 980 3052 quod
1010 2995 1064 3038 de
1094 2996 1332 3039 Anacharsi
1363 3000 1515 3039 narrat
1542 2997 1762 3039 Lucianus
1791 2996 1836 3038 in
1866 2995 2020 3066 Scyth.

241 3058 283 3107 8.
307 3057 403 3101 154.
427 3059 484 3101 Τ.
506 3059 583 3100 IV.
615 3052 791 3128 ἐμυήθη
820 3054 960 3124 μόνος
983 3052 1224 3114 βαρβάρων
1255 3054 1558 3126 δημοποίητος
1585 3050 1850 3126 γενόμενος,
1875 3057 1916 3097 εἰ
1928 3069 1963 3111 χ
1993 3049 2019 3107 ἡ

246 3120 446 3172 Θεσξέιω
486 3129 738 3168 πιστευειν,
778 3119 822 3157 et
862 3113 1078 3157 Himerius
1109 3114 1185 3156 Or.
1216 3113 1354 3156 XXX.
1386 3114 1539 3168 856.η
1513 3109 1686 3184 ἤγαγεν
1716 3112 1739 3158 ὁ
1771 3112 1850 3157 τοῦ
1869 3126 2022 3212 πυὲιῃς

244 3179 322 3219 τοῦ
353 3175 442 3218 κατ’
473 3174 705 3217 Ἐλευσῖνα
734 3170 890 3222 πόθος
908 3174 984 3216 καὶ
1008 3170 1277 3231 Ἀνάχαρσιν
1306 3174 1383 3216 ἐπὶ
1409 3184 1645 3242 μυστηρια.
1707 3171 1775 3214 Ad
1804 3170 1910 3214 talia

242 3234 390 3289 genda
425 3248 550 3290 quam
580 3233 736 3288 promti
765 3232 947 3284 fuerint,
977 3233 1163 3274 ostendit
1193 3232 1349 3273 Sorani
1379 3232 1570 3274 narratio
1601 3231 1655 3273 de
1685 3231 1953 3287 Hippocrate
1979 3242 2014 3268 c.

240 3292 300 3334 ΙΙ.
331 3307 426 3334 eum
458 3292 514 3335 ab
544 3291 876 3333 Atheniensibus
907 3290 1085 3333 civitate
1115 3291 1315 3333 donatum
1345 3296 1391 3332 et
1418 3289 1652 3332 Eleusiniis
1681 3289 1893 3331 initiatum
1922 3299 2015 3327 esse
2085 3295 2086 3298 ’
2156 3294 2158 3298 ’

242 3347 454 3411 ὃεύτεοον
495 3349 572 3406 ἀφ’
613 3347 908 3407 εΙιῑρακλεῂυς,
951 3350 1065 3404 quod
1106 3350 1298 3405 sequitur
1338 3355 1489 3391 auctor
1517 3347 1823 3404 Epistolarum.
1851 3369 1910 3377 --
1938 3344 2010 3385 Ju-
2155 3305 2158 3386 Ι

242 3391 387 3451 stinus
409 3415 559 3451 narrat
588 3409 646 3450 II.
678 3409 717 3450 8.
751 3408 977 3451 Pisistrato
1009 3408 1188 3451 nondum
1219 3408 1273 3450 ad
1296 3407 1567 3463 tyrannidem
1590 3412 1753 3457 evecto,
1785 3404 2015 3458 Megaren-
