2158 3848
695 225 1271 270 ELEUSINIA.
1758 215 1882 276 223

107 384 167 424 v.
211 360 432 423 Euseb.
474 361 542 418 in
584 358 850 419 Hierocl.
893 354 1190 416 XXXIX.
1234 354 1378 416 459.
1425 354 1624 434 Olear.
1681 367 1743 419 et
1787 359 1887 420 Si-

108 464 278 523 moni
317 459 531 536 Mago‚
597 460 717 538 qui'·
758 455 925 536 apud
980 454 1278 518 Clement.
1334 458 1594 534 Recogn.
1648 459 1724 517 II.
1787 460 1882 520 13.

107 563 248 622 238.
290 561 382 618 ita
423 560 720 638 loquitur:
785 557 1012 618 Pueri
1069 559 1520 639 incorrupti
1581 567 1655 616 et
1714 560 1884 620 vio-

103 664 359 720 lenter
401 660 751 738 necati[¹²]
799 661 1129 719 animam
1173 659 1738 738 adjuramentis
1782 661 1886 719 in-

103 758 578 820 effabilibus
622 761 1006 819 assistere
1049 759 1240 820 mihi
1283 759 1437 821 feci
1482 769 1552 818 et
1593 778 1730 839 per
1781 761 1887 840 ip-

100 880 258 920 sum
301 860 402 918 fit
445 878 664 919 omne
702 859 903 940 quod
941 860 1199 938 jubeo.
1256 861 1612 940 Eorumque
1635 869 1887 940 promta

102 969 232 1019 erat
276 978 466 1039 opera
519 961 653 1020 sive
711 962 847 1041 quis
908 960 1249 1022 adversarii
1290 961 1566 1037 linguam
1609 963 1675 1019 in
1710 960 1888 1039 judi—

99 1063 194 1120 cio
213 1062 283 1139 [f]
333 1062 468 1121 sive
513 1079 702 1140 equos
744 1063 813 1120 in
857 1059 1153 1120 curriculo
1171 1054 1266 1140 [ss]
1310 1059 1708 1140 praepedire„
1752 1063 1887 1123 sive

103 1162 293 1220 aliam
337 1162 590 1223 inimico
631 1171 871 1239 pestem
926 1162 1268 1240 importare
1312 1169 1564 1241 cuperet
1590 1161 1666 1239 [g]
1724 1159 1888 1225 Εἰώ-

97 1266 256 1322 θασι
298 1261 421 1346 γὰρ
468 1263 528 1323 οἱ
569 1261 789 1343 ἐχθροὶ
832 1260 1159 1346 ἓπαγωγάς
1200 1284 1375 1330 τινας
1400 1258 1727 1343 δαιμόνων
1749 1286 1888 1324 ποι-

99 1365 308 1423 εῖσθαι
352 1361 450 1422 ἐπὶ
490 1360 603 1430 τὰς
646 1361 842 1431 οἰκίας
887 1361 1088 1420 Schol.
1130 1362 1278 1420 Eur.
1322 1360 1517 1441 Hipp.
1555 1361 1699 1421 317.
1766 1360 1888 1423 Ne-

98 1481 215 1541 que
241 1460 539 1520 Lemures
585 1461 787 1521 solum
833 1471 896 1521 et
925 1461 1166 1521 Manias
1211 1461 1320 1521 sed
1363 1463 1566 1542 ipsam
1593 1461 1737 1523 Orci
1781 1462 1889 1532 do-

100 1564 336 1620 minam
378 1561 674 1621 Hecaten.
717 1560 1069 1639 Hesychius
1103 1545 1435 1646 Ὠπώτηρε
1473 1567 1642 1641 (ante
1665 1562 1888 1642 mma)

99 1663 204 1726 διὰ
255 1660 609 1745 φαρμάκων
654 1661 919 1725 εἰώθασί
959 1688 1122 1732 τινες
1166 1661 1417 1748 ἐπάγειν
1467 1652 1584 1743 τὴν
1631 1662 1890 1744 Ἑκάτην

98 1770 232 1833 ταῖς
275 1762 525 1832 οἰκίαις·
585 1781 767 1842 quem
821 1763 1024 1822 locum
1079 1782 1192 1822 nec
1234 1762 1635 1823 Ruhnkenius
1692 1782 1891 1823 corre-

98 1866 190 1924 xit
234 1861 316 1922 ad
360 1862 517 1922 Tim.
562 1882 623 1942 p.
659 1860 798 1922 115.
843 1881 956 1922 nec
1001 1862 1410 1922 Schneiderus
1455 1862 1538 1923 ad
1580 1863 1888 1946 Theophr.

98 1988 145 2026 c.
182 1965 276 2024 16.
349 1964 469 2057 Pro
515 1962 811 2048 ὥπώτηρε
852 1962 1280 2043 reponendum
1317 1961 1684 2047 Ὠπήτειρα,
1727 1986 1890 2047 per-

97 2065 483 2137 secutrix,
542 2073 760 2145 aptum
804 2064 1081 2124 Hecatae
1135 2083 1364 2124 nomen
1409 2064 1518 2127 διὰ
1574 2065 1645 2127 τὸ
1694 2071 1890 2150 φοβε-

100 2167 216 2249 ρὸν
256 2171 366 2245 τῆς
409 2164 710 2246 δαίμονος
751 2166 859 2228 καὶ
902 2164 1207 2248 φάσματα
1251 2166 1609 2247 ἐπιπέμπειν
1651 2168 1731 2229 τὰ
1776 2194 1890 2230 κα-
1958 2178 1961 2181 ’

100 2264 370 2347 λούμενοι
415 2265 706 2328 Ἑκαταῖα
763 2264 963 2324 Schol.
1020 2265 1228 2346 Apoll.
1284 2266 1391 2324 ΠΙ.
1447 2265 1592 2324 861.
1678 2265 1890 2331 Ulixes

222 2437 285 2493 [θ]
319 2436 477 2491 Magos
516 2435 749 2492 praecipue
788 2435 947 2478 Ahoris
986 2440 1031 2477 et
1059 2434 1335 2485 Biothanatis
1372 2449 1474 2477 usos
1504 2450 1599 2478 esse
1630 2440 1775 2479 notum
1806 2443 1888 2483 est.

101 2512 142 2539 v.
173 2495 356 2538 Salmas.
385 2493 520 2536 Solin.
550 2508 593 2550 p.
623 2493 724 2536 718.
754 2496 928 2538 Πολλοὶ
958 2497 1194 2551 νομίζουσι
1223 2491 1304 2542 τὰς
1333 2491 1487 2550 ψυχὰς
1515 2497 1606 2538 τῶν
1634 2500 1678 2550 βι
1683 2512 1727 2538 αι
1721 2499 1766 2552 ῳ
1796 2500 1890 2538 θα-

101 2551 219 2611 νάτω
258 2550 566 2597 τελευτώντων
608 2551 835 2622 δαίμονας
872 2556 1117 2611 γίγνεσθαι
1162 2553 1390 2608 Chrysost.
1422 2553 1476 2594 de
1506 2553 1666 2596 Lazar.
1697 2555 1756 2597 ΙΙ.
1788 2554 1889 2597 727.

102 2614 159 2657 Τ.
190 2614 225 2655 Ι.
268 2614 390 2668 cujus
434 2610 646 2669 opinionis
687 2611 897 2654 rationem
927 2611 1072 2653 reddit
1103 2611 1282 2654 Servius
1315 2612 1420 2654 Aen.
1451 2612 1528 2655 IV.
1559 2612 1660 2656 386.
1693 2613 1891 2656 dicunt

99 2671 338 2728 Physici
378 2670 860 2714 biothanatorum
905 2671 1124 2713 animas
1169 2684 1270 2713 non
1311 2671 1494 2728 recipi
1522 2671 1580 2714 in
1610 2672 1891 2728 originem

102 2745 247 2774 suam
289 2729 401 2772 nisi
443 2733 725 2786 vagantes
766 2729 1085 2786 legitimum
1125 2733 1346 2788 tempus
1392 2730 1508 2774 fati
1538 2731 1626 2774 sui
1655 2731 1890 2788 comple-

103 2791 308 2834 verint.

220 2873 281 2933 [ἲ]
313 2890 356 2919 v.
397 2874 547 2917 Reisk.
587 2874 642 2918 ad
683 2874 834 2919 Liban.
866 2876 944 2919 Or.
974 2875 1157 2920 XXXV.
1186 2875 1288 2920 307.
1319 2876 1376 2919 Τ.
1406 2876 1466 2919 II.
1499 2875 1653 2918 Galen.
1686 2876 1740 2919 de
1770 2876 1888 2919 Med.

107 2933 252 2992 simpl.
278 2933 335 2978 X.
362 2933 534 2978 2751)

110 3077 154 3119 N
221 3016 310 3122 [τὲ
324 3035 374 3122 ἲ
407 3021 661 3123 Higronym.
702 3019 792 3066 Vit.
831 3021 1033 3066 Hilarion
1063 3037 1105 3080 p.
1147 3023 1188 3065 8.
1246 3020 1429 3064 Dorvill.
1468 3021 1512 3063 in
1544 3021 1728 3065 Observ.
1760 3021 1886 3066 Misc.

155 3090 209 3119 ov
402 3094 444 3137 p.

225 3163 290 3221 [Β]
330 3164 383 3209 L.
422 3167 464 3211 6.
495 3166 606 3211 cod.
648 3166 701 3209 de
743 3165 895 3210 Malef.
924 3166 1148 3210 Accitis
1179 3166 1442 3209 Manibus
1471 3167 1797 3222 ventilant,
1828 3173 1887 3212 ut

0 3251 24 3281 1]
109 3223 357 3280 quisque
383 3239 511 3270 suos
542 3225 824 3269 conficiat
852 3225 1011 3268 malis
1043 3225 1336 3268 artificiis
1379 3225 1663 3269 inimicos.
1698 3202 1886 3271 Verbum

0 3288 25 3330 »53
110 3282 346 3335 ventilare,
384 3281 438 3325 de
476 3298 558 3341 quo
603 3284 721 3326 docti
766 3283 1022 3341 interpretes
1066 3285 1177 3326 inter
1206 3299 1253 3326 se
1284 3283 1556 3337 discordant,
1597 3287 1740 3329 nescio
1773 3302 1828 3330 an
1859 3302 1886 3330 a

0 3342 25 3378 ;-'
110 3340 368 3383 sciamachia
405 3342 584 3412 magica
610 3343 854 3385 traductum
883 3343 951 3385 sit.
1011 3343 1167 3386 Caunii
1200 3342 1424 3386 daemones
1453 3344 1703 3401 peregrinos
1734 3346 1883 3401 ejicie—

108 3399 213 3441 bant
242 3396 477 3449 τύπτοντες
505 3397 693 3460 δούρασι
723 3399 804 3445 τὸν
832 3400 940 3458 ἠέρα
969 3402 1159 3445 Herodo.
1190 3402 1225 3443 I.
1259 3402 1355 3444 172.
1387 3402 1415 3444 i.
1450 3416 1487 3444 e.
1521 3403 1782 3446 ventilando.
