2158 3848
811 197 871 238 ·o
902 195 1286 242 R·PH10A.
1825 186 1946 246 325

162 326 463 402 Magnetis
518 334 580 383 et
640 323 833 386 Clius-
864 321 1058 399 filium
1104 321 1306 395 dicit,
1337 324 1659 403 Apollinis
1691 329 1944 390 Servius

160 425 251 491 ad
293 424 454 487 Ecl.
481 423 612 483 VH.
647 423 758 485 21.
758 418 846 502 [¹]
904 421 1014 481 Et
1029 431 1113 481 ut
1163 422 1293 483 hoc
1325 441 1550 488 nomen
1593 427 1681 485 sic
1725 439 1944 502 cetera,

158 523 406 602 quibus
431 522 619 587 illud
626 521 1023 591 fabulosum·
1038 515 1304 583 stemma
1347 532 1740 599 contextum,
1800 547 1940 606 par-

155 624 267 681 tim
309 642 358 684 a
393 621 688 687 Thraciae
729 622 942 694 lociS,
958 624 1210 701 partim
1232 621 1335 682 ab
1355 633 1487 682 arte
1529 627 1768 707 musica
1810 635 1941 685 tra-

154 721 373 807 ductat
393 732 552 782 sunt.
649 721 1130 782 Idmonides
1125 715 1428 802 quidam
1440 724 1625 790 inter
1669 723 1939 788 Homeri

151 821 428 897 majores<
467 831 834 888 numeratur
891 821 1069 886 Suid.
1109 841 1156 881 S.
1197 824 1490 906 Ὅμηρος.
1535 821 1649 883 Ha
1662 843 1769 885 rm
1784 826 1938 884 oni-

150 918 325 990 denr.
375 920 844 999 Theoclymeni,
877 923 1125 998 auguris
1179 923 1434 988 fratrem
1480 922 1676 983 edidit
1717 924 1939 983 Phere-
2017 947 2028 958 ²

149 1019 354 1095 cydes
381 1021 586 1081 Sturz.
629 1042 691 1102 p.
737 1019 882 1083 225.
928 1018 1279 1085 Cantorem
1302 1022 1526 1094 illum,
1548 1040 1730 1099 quem
1774 1022 1937 1100 Aga-

146 1140 478 1215 memnon,
454 1121 1008 1204 ΩΙγῐειθιιιιιοειιαθ
1052 1119 1370 1179 custodem
1403 1119 1677 1194 addidit,
1724 1118 1937 1181 Chari-

148 1219 402 1291 demum
423 1229 705 1305 vocant
738 1219 953 1289 Schol.
984 1217 1273 1290 Ambros.
1311 1219 1437 1279 Od.
1482 1221 1588 1280 III.
1633 1221 1778 1282 267.
1823 1241 1935 1280 nec

143 1308 453 1399 ineptum,
480 1320 762 1390 videtur
783 1338 1045 1381 nomen
1071 1287 1519 1409 Chariphemus
1537 1359 1567 1395 ,
1599 1322 1757 1380 sicut
1798 1321 1934 1380 Mu-

142 1437 346 1493 sarum
390 1421 610 1480 nutrix
653 1420 978 1500 Eupheme
1020 1429 1312 1492 vocatur,
1355 1430 1536 1500 pater
1585 1420 1827 1480 Musaei
1871 1431 1933 1480 et

141 1519 475 1589 Stesichori
529 1521 891 1600 Euphemus
908 1516 998 1599 [Β]
1041 1529 1103 1578 et
1125 1520 1250 1590 ,ille
1293 1520 1649 1590 Ithacensis„
1666 1520 1930 1600 ‚rhapso-

141 1617 256 1678 dus
286 1620 611 1693 2BhemiuS,
641 1621 829 1698 ,cu-ius
849 1637 853 1640 ·
872 1627 1050 1698 pater
1096 1619 1521 1698 Terpiusuod.
1547 1619 1760 1689 XXII.
1786 1619 1937 1686 330.

139 1718 217 1777 ab
246 1703 404 1779 ¹arte
427 1720 1022 1791 „nomeninveniss-
1058 1720 1216 1777 sicut
1260 1718 1514 1798 *Terpes*
1537 1708 1927 1779 citharoedus

138 1820 204 1876 in
259 1812 575 1898 Tryphon.
630 1820 840 1898 Epigr.
885 1820 1037 1896 Lp.
1088 1815 1228 1888 157.
1276 1817 1496 1876 T.·111.
1542 1826 1604 1876 et
1648 1817 1925 1895 ejusdem

139 1920 288 1987 artis
332 1917 659 1998 professor
714 1917 1001 1998 Terpnus
1058 1917 1309 1977 Sueton.
1365 1916 1529 1989 Neri
1553 1938 1600 1976 c.
1644 1915 1786 1980 XX.
1834 1927 1925 1977 at-

135 2037 283 2097 que
296 2016 698 2099 Terpander
703 2019 911 2099 ipse,
943 2005 1203 2097 quorum
1259 2016 1340 2090 ad
1385 2017 1738 2096 exemplum
1783 2035 1924 2076 con-

253 2187 295 2242 [i
305 2189 322 2243 ]
356 2186 500 2231 Schol.
540 2188 648 2230 Ven.
667 2166 735 2230 et
762 2185 939 2259 Didym.
962 2151 1099 2245 XIV.
1118 2187 1221 2231 226.
1263 2182 1499 2232 Μακεδὼν
1527 2186 1551 2230 ὃ
1582 2185 1694 2236 Διὸς
1722 2189 1800 2230 καὶ
1828 2189 1920 2230 Αἲ-

135 2248 268 2304 9ρίας
296 2246 494 2302 (Θυίας)
515 2243 756 2316 κατασχὼν
782 2244 865 2315 τὴν
886 2242 1049 2306 ’χώραν
1075 2247 1312 2302 (Pieriam)
1344 2239 1486 2290 ουσαν
1524 2247 1600 2300 τῆς
1632 2242 1808 2304 Θρᾴκης
1836 2244 1914 2317 ἀφ’

135 2304 297 2347 ἑαυτοῦ
336 2301 694 2374 προςηγόρευσε,
735 2299 886 2362 γήμας
925 2304 976 2348 δὲ
1014 2307 1129 2377 μίαν
1170 2308 1263 2348 τῶν
1299 2305 1533 2362 ἐγχωρίων
1570 2307 1803 2348 τεκνοῦται
1833 2302 1918 2348 δύο
1974 2306 1979 2310 ’

134 2361 304 2412 παῖδας
331 2367 509 2420 Πίερον
534 2363 612 2410 καὶ
628 2357 873 2431 ’Ἠμαθον,
906 2361 985 2420 ἀφ’
1020 2355 1085 2406 ὧν
1114 2358 1196 2406 δύο
1227 2359 1380 2412 πόλεις
1407 2366 1573 2421 Πιερία
1602 2363 1679 2406 καὶ
1702 2361 1916 2420 'Aptasti-a

133 2418 160 2474 ἡ
202 2423 378 2479 ἱστορία
419 2418 546 2480 παρὰ
573 2416 793 2477 Μαρσύᾳ.
835 2421 947 2463 unde
978 2421 1222 2467 Clavierius
1250 2421 1368 2464 Hist.
1398 2422 1439 2464 d.
1469 2435 1602 2478 prem.
1632 2426 1800 2477 temsp
1773 2431 1776 2434 '
1804 2419 1915 2463 ..75

133 2478 192 2521 Τ.
234 2479 270 2521 Ι.
315 2493 541 2537 perperam
582 2478 751 2534 colligit
794 2478 1015 2544 Orpheum
1055 2479 1308 2522 Macedonis
1337 2484 1615 2535 pronepotem
1642 2435 1800 2520 fuissep
1846 2479 1915 2521 Ab

134 2537 392 2580 Emathione
430 2537 676 2580 Emathiam
715 2533 875 2584 dictam
915 2538 1010 2586 esse
1050 2538 1188 2581 tradit
1230 2537 1505 2593 Pherecydes
1543 2537 1586 2594 Ρ.
1629 2536 1726 2580 139.
1757 2543 1802 2579 et
1832 2538 1914 2581 hoc

131 2610 282 2638 nomen
312 2597 496 2639 sortasse
523 2595 833 2638 restituendum
863 2595 1008 2638 Schol.
1039 2595 1096 2638 ad
1124 2594 1235 2652 Lyc.
1266 2595 1367 2638 831.
1397 2595 1473 2638 ubi
1495 2552 1693 2653 Gglliope
1716 2610 1771 2638 ex
1794 2596 1912 2638 Oea—

129 2668 209 2710 gro
235 2653 404 2713 Ὀρφέα
444 2656 521 2698 καὶ
547 2650 838 2712 Κυμόθωνα,
880 2654 977 2697 Clio
1017 2668 1121 2698 vero
1161 2668 1217 2697 ex
1245 2654 1453 2711 Magnete
1482 2654 1534 2696 L·
1523 2668 1638 2697 mum
1668 2655 1911 2711 suscepisse

130 2712 302 2755 dicitur.
344 2710 434 2755 Sed
472 2712 618 2756 Schol.
657 2713 766 2755 Ven.
808 2715 889 2755 K.
904 2710 1024 2754 450.
1047 2717 1092 2755 et
1119 2711 1325 2757 Eustath.
1353 2728 1396 2770 Ρ.
1426 2713 1526 2756 817.
1558 2711 1629 2756 30.
1689 2713 1909 2770 Orpheum

130 2771 355 2827 Calliopae
393 2771 485 2815 vel
494 2770 616 2815 Clius
655 2771 791 2814 filium
819 2772 1072 2828 perhibent,
1105 2771 1425 2828 Terpsichorae
1454 2772 1635 2823 Linum,
1667 2771 1908 2827 Thamyrin

130 2829 306 2872 Eratus.
365 2829 510 2882 Pieri,
538 2829 727 2872 cantoris
757 2829 965 2883 Thracii,
996 2830 1228 2887 populares
1257 2832 1433 2874 fuerunt
1461 2830 1710 2880 Libethrum,
1740 2830 1829 2885 qui,
1858 2834 1908 2871 ut

131 2887 310 2930 Servitia
354 2888 417 2931 ait
444 2889 550 2930 Buc.
580 2888 682 2934 VII.
711 2887 783 2930 21.
813 2888 980 2944 primus
1003 2889 1268 2932 harmoniam
1297 2889 1490 2932 condidit
1517 2894 1563 2931 et
1592 2901 1732 2930 arcem
1763 2887 1904 2930 Musis

133 2947 424 2999 consecravit3
466 2946 653 2989 Seuthes
693 2952 738 2989 et
776 2946 1003 2992 Rhonaces
1042 2947 1218 3001 Maedi,
1256 2948 1444 3004 syringis
1473 2947 1718 2990 inventores
1747 2946 1900 2989 Athen.

133 3003 208 3045 IV.
239 3002 336 3046 184.
377 3006 431 3048 A.-
470 3019 579 3061 quos
617 3004 855 3058 Androtio,
896 3005 1085 3052 musicae
1115 3007 1336 3051 Thraciae
1377 3008 1612 3048 contemtor
1648 3003 1816 3047 Aelian.
1847 3005 1897 3047 V.

134 3062 187 3103 H.
231 3062 353 3104 VIII.
393 3062 435 3106 6.
477 3065 569 3106 sine
609 3063 740 3106 dubio
770 3063 925 3134 reiecit
951 3069 998 3108 ot
1025 3065 1278 3122 repudiavit
1301 3078 1444 3107 omnes
1473 3063 1589 3105 haud
1619 3077 1742 3105 secus
1772 3068 1899 3118 quam

131 3119 351 3175 Orpheum
387 3121 550 3177 ipsum3
590 3135 832 3177 quanquam
860 3122 929 3165 vir
955 3124 1147 3170 eruditus
1177 3123 1233 3166 ad
1262 3123 1440 3168 Androt.
1481 3122 1555 3164 Fu
1586 3136 1628 3177 p.
1661 3121 1757 3164 117
1790 3122 1899 3163 hunc

131 3178 305 3235 Orpheo
346 3193 428 3222 non
467 3180 674 3237 sapientis
715 3194 866 3222 nomen
904 3181 980 3224 sed
1019 3187 1156 3225 ortum
1196 3181 1432 3225 'lhracium
1462 3180 1708 3235 denegasse
1747 3184 1896 3237 putat3
1945 3228 1950 3238 .

130 3250 275 3278 verum
318 3237 371 3279 de
409 3237 490 3281 hoc
518 3253 639 3282 nemo
671 3252 853 3294 unquam
883 3238 1122 3293 dubitavit,
1162 3240 1214 3282 de
1245 3239 1318 3281 illo
1349 3239 1484 3285 multi.
1517 3239 1702 3283 Pieriam
1734 3239 1898 3295 saepis-

128 3295 230 3341 sime
260 3299 465 3338 memorat
491 3296 731 3349 Homerus3
764 3296 914 3339 Musas
944 3297 1112 3342 Pierias
1142 3312 1366 3355 nunquam.
1532 3311 1534 3320 ·

249 3352 311 3410 [k]
346 3370 386 3396 v.
415 3354 579 3399 Kleinii
608 3328 844 3399 Stesi’chor.
877 3355 1046 3414 Fragm.
1077 3372 1118 3415 Ρ.
1153 3357 1219 3400 10.
