2176 3886
206 181 287 243 10
792 190 1028 236 ΜΒΕΒ
1070 190 1379 236 PRIMUS.

203 328 498 402 vestiges,
540 322 782 384 nullum
804 322 1124 384 ²indicium
1167 333 1351 385 extat.
1405 321 1650 383 Deinde
1689 324 1815 384 illa
1840 326 1977 404 ipsa

202 426 525 503 dogmata,
569 425 654 483 vin
723 423 942 503 quibus
1016 423 1327 484 doctrinae
1359 425 1679 501 *mysticae
1721 431 1978 484 *summa

198 526 477 605 ponitur,
536 541 660 583 una
716 532 780 582 et
822 527 1235 584 consentiente
1277 525 1657 603 antiquitatis
1701 527 1867 584 voce·
1888 523 1980 583 iad

198 623 606 705 philosophos
659 623 1007 683 referuntur
1060 634 1368 700 auctores,
1423 640 1536 680 nec
1564 622 1771 694 latet,
1797 666 1801 675 .
1827 622 1980 701 quid

198 726 452 805 quisque
495 725 563 781 in
603 722 879 783 medium
924 723 1197 783 attulerit
1214 765 1231 795 ,
1277 741 1314 782 a
1355 723 1557 802 primo
1598 720 1752 781 inde
1770 720 1980 781 {Thale

198 842 393 903 usque
444 821 527 882 ad
582 822 930 896 Platonem3
974 840 1127 902 quos
1172 840 1384 881 omnes
1429 831 1538 882 aut
1579 821 1753 883 furtu
1787 820 1872 882 ad
1913 840 1980 882 se

197 922 584 983 transtulisse
633 921 1200 1003 Hierophantarum
1247 923 1508 982 inventa
1560 932 1670 981 aut
1696 923 1979 983 ·⁴fortuito

126 1072 131 1076 .
196 1025 263 1084 in
315 1041 528 1083 eorum
583 1021 1051 1082 similitudinem
1093 1023 1446 1095 incurrisse,
1500 1040 1699 1101 neque
1717 1020 1806 1080 'id
1849 1039 1981 1080 esse

196 1138 468 1203 unquam
524 1121 1056 1197 animadversum,
1111 1125 1248 1202 quis
1291 1121 1411 1181 sibi
1452 1120 1828 1202 persuadere
1870 1136 1982 1200 po'-

197 1223 359 1283 test?
414 1223 735 1284 Postremo
781 1222 1118 1283 absurdum
1160 1233 1256 1282 est
1299 1222 1496 1296 dictu,
1552 1219 1982 1301 Eumolpidas,

197 1323 315 1382 hoc
363 1332 466 1387 est
518 1322 865 1383 sacerdotes
921 1320 1159 1384 Cereris
1202 1324 1580 1404 Liberaeque
1621 1321 1902 1403 publicos
1921 1352 1923 1354 ·
1941 1339 1983 1380 a

198 1424 512 1482 communi
572 1423 961 1484 sacerdotum
1018 1423 1457 1484 consuetudine
1513 1433 1575 1482 et
1629 1442 1678 1482 a
1710 1421 1982 1501 discipli-

197 1537 316 1580 nae
374 1524 722 1583 sacrificalis
775 1535 989 1584 tenore
1041 1535 1282 1584 tantum
1337 1524 1718 1596 descivisse,
1744 1533 1815 1581 ut
1847 1538 1984 1581 non

195 1620 400 1680 solum
438 1621 707 1682 'docendi
748 1642 971 1683 munus
1014 1627 1081 1683 in
1119 1643 1189 1684 se
1220 1627 1617 1705 susciperent,
1659 1622 1984 1682 sedetiam

198 1736 273 1779 ea
315 1719 623 1795 docerent,
666 1721 885 1801 quibus
928 1723 1211 1804 publicae
1254 1726 1616 1804 patriaeque
1657 1723 1983 1800 religiones

195 1818 475 1880 funditus
518 1821 893 1881 tollerentur.
989 1823 1128 1883 Hoc
1170 1834 1377 1883 autem
1421 1834 1715 1904 quantum
1758 1822 1983 1895 valeat,

195 1922 402 2000 primo
446 1918 585 1980 loco
629 1938 964 2002 exponam,
1008 1933 1080 1982 ut
1121 1925 1176 1983 si
1219 1923 1368 2003 quid
1412 1924 1703 2004 deinceps
1733 1925 1799 1983 in
1836 1940 1982 1981 enu-

101 2077 107 2083 .
194 2022 540 2079 metatione
582 2024 1075 2082 testimoniorum
1110 2035 1385 2083 occurrat
1417 2025 1704 2102 ambigue
1732 2024 1982 2095 dictum,

196 2119 266 2178 id
308 2137 394 2178 ex
436 2127 571 2179 toto
617 2122 794 2201 quasi
838 2140 1057 2182 causae
1102 2133 1391 2183 contextu
1425 2126 1654 2206 potius,
1698 2143 1880 2206 quam
1907 2135 1983 2182 ex

196 2218 455 2281 libidine
496 2221 1035 2301 interpretantium
1071 2223 1399 2300 judicetur.

993 2434 1047 2513 ξ.
1132 2436 1191 2495 2.

368 2602 679 2682 Principio
762 2604 964 2663 omnis
1043 2622 1358 2664 sacrorum
1435 2604 1632 2664 cultus
1700 2602 1979 2683 publicus

200 2701 371 2784 apud
413 2703 679 2763 Graecos
721 2721 847 2762 non
890 2705 1094 2764 minus
1141 2723 1324 2785 quam
1369 2704 1537 2785 apud
1570 2706 1885 2764 Romanos
1918 2712 1982 2763 et

200 2801 473 2863 Judaeos
530 2822 804 2883 quoque,
859 2806 1111 2885 pompis
1171 2815 1232 2865 et
1283 2807 1590 2868 sacrificiis
1645 2804 1981 2879 constabat,

199 2921 314 2963 nec
376 2905 538 2964 inter
603 2922 780 2964 caesa
849 2914 910 2964 et
972 2916 1256 2985 porrecta
1311 2906 1644 2987 quidquam
1700 2905 1980 2966 auditum

198 3013 444 3084 praeter
486 3003 760 3064 solemne
800 3006 1168 3084 precationis
1212 3026 1458 3067 carmen
1503 3017 1565 3066 et
1607 3006 1798 3068 verba
1840 3024 1981 3065 con-

202 3112 398 3184 cepta,
441 3103 660 3182 quibus
703 3111 856 3166 vota
895 3118 1317 3187 nuncuparent
1357 3103 1804 3187 solverentque.
1868 3106 1979 3167 Sa-

203 3202 521 3265 cerdotum
591 3213 724 3263 erat
790 3202 888 3265 dis
943 3206 1120 3267 thure
1172 3211 1440 3290 vinoque
1481 3209 1751 3290 praefari
1764 3251 1784 3282 ,
1840 3216 1979 3269 exta

202 3305 510 3384 porricere
551 3306 616 3364 in
658 3305 910 3381 altaria,
954 3317 1015 3370 et
1055 3320 1392 3390 praeterea,
1436 3319 1506 3371 ut
1546 3310 1798 3392 Apuleji
1840 3328 1977 3372 ver-⁴

2159 0 2168 379 ἱ
