2176 3886
228 183 274 241 6
818 193 1052 235 LIBER
1097 190 1402 235 PRIMUS.

231 322 522 384 devenire
574 325 914 403 possimus,
954 332 1102 384 {tota
1157 342 1338 383 causa
1394 322 1470 381 de
1526 325 1761 400 integro
1805 339 2000 400 expo·

232 420 432 489 nenda
475 420 735 484 videtur.

1038 632 1091 713 ξ.
1142 633 1193 692 1.

400 802 641 876 Quanta
698 805 778 862 sit
832 805 1048 863 secreti
1102 803 1390 863 illecebra
1433 813 1494 862 et
1537 821 1722 882 quam
1767 800 2003 860 curiose

229 904 306 974 ab
352 903 634 962 omnibus
677 914 1062 981 quaerantur,
1107 922 1261 981 quae
1306 903 1382 961 de
1423 901 1728 974 industria
1770 899 1846 962 ab
1892 899 2001 959 ali-

228 1001 447 1080 quibus
494 1003 888 1076 occultantur,
942 1004 1044 1064 vel
1090 1003 1187 1061 hic
1230 1004 1399 1062 locus
1446 999 1726 1062 ostendit,
1750 1009 1812 1065 et
1844 998 2004 1069 mul-

224 1100 426 1174 titudo
471 1119 715 1176 eorum,
760 1105 863 1182 qui
908 1121 1296 1163 sacrarum
1341 1100 1790 1181 penetralia
1831 1115 2004 1177 pan-

227 1199 416 1260 dere
467 1221 717 1263 rerum
779 1205 980 1262 conati
1036 1211 1192 1261 sunt.
1305 1200 1527 1260 Tribus
1571 1199 1793 1265 abhinc
1825 1216 2004 1259 esecu-

223 1301 300 1374 lis
369 1301 630 1362 Michael
701 1303 999 1374 Maierus‚
1071 1302 1525 1380 Spagiricorum
1592 1296 2004 1370 doctissimus,

224 1401 600 1462 solemnibus
654 1403 1016 1474 EleusiniiS,
1087 1401 1522 1460 Samothraciis
1579 1410 1640 1459 et
1698 1398 2005 1480 Olympiis

224 1501 374 1558 artis
440 1499 831 1571 Hermeticae
899 1510 1229 1580 praecepta
1297 1500 1529 1558 occulte
1595 1497 1824 1559 tradita
1873 1517 2006 1569 esse

223 1599 438 1657 statuit
453 1596 549 1679 [Ἴ.
598 1599 997 1659 Warburtoni
1039 1619 1210 1672 ver0,
1255 1600 1554 1679 Episcopi
1599 1599 2006 1660 Glocestrien-

223 1698 339 1770 sis,
393 1699 695 1762 sententia
737 1699 886 1772 fuit,
946 1698 1513 1778 Hierophantarum
1548 1700 1900 1770 ‘orationem
1940 1699 2006 1759 in

224 1814 298 1854 eo
343 1806 656 1857 versatam
703 1817 854 1870 esse,
900 1809 969 1857 ut
1013 1797 1183 1871 deos,
1227 1816 1380 1876 quos
1425 1798 1646 1874 vulgus
1684 1816 2007 1863 venerare-

223 1907 354 1970 tur,
414 1896 694 1954 homines
738 1896 928 1956 fuisse
973 1896 1488 1970 demonstrarent,
1529 1897 1928 1977 initiatusque
1970 1917 2008 1957 a

223 1995 511 2076 populari
566 1998 1003 2074 superstitione
1063 1996 1144 2056 ad
1197 1997 1427 2055 summi
1470 1998 1740 2057 numinis
1781 1997 2008 2056 intelli-

220 2097 489 2173 gentiam
534 2104 596 2153 et
637 2095 993 2173 religionem
1038 2095 1454 2171 traducerent3
1505 2116 1704 2177 neque
1745 2115 1896 2157 vero
1940 2096 2009 2159 id

225 2196 461 2267 solum,
526 2192 636 2253 sed
692 2197 879 2257 etiam
937 2196 1014 2256 de
1073 2194 1284 2259 officiis
1340 2206 1401 2257 et
1444 2194 1522 2256 de
1564 2195 1844 2257 moribus
1885 2196 2030 2290 dis-·
2093 2192 2101 2204 '

227 2297 490 2355 seruisse
534 2303 597 2352 et
641 2314 796 2374 quae
838 2307 983 2377 post
1022 2297 1179 2355 hanc
1220 2298 1417 2362 vitam
1460 2298 1679 2358 virtuti
1717 2297 1843 2357 sint
1868 2315 2008 2359 con-

227 2396 443 2454 stituta
469 2396 748 2472 praemia
764 2395 855 2477 [⁰].
886 2396 1104 2456 Paullo
1130 2397 1558 2457 vehementius
1579 2396 1821 2468 inflavit
1842 2395 2007 2462 Ples-

228 2496 457 2571 singius
510 2503 780 2568 nostraS,
839 2498 943 2576 qui
998 2497 1210 2556 omnia
1263 2514 1418 2574 quae
1460 2496 1843 2573 Pythagoras
1898 2496 2008 2561 do-

231 2596 356 2653 cuit
399 2613 672 2674 quaeque
715 2595 889 2655 Plato
935 2604 1266 2673 auguratus
1311 2605 1404 2655 est
1447 2594 1524 2662 de
1567 2594 1721 2668 deo,
1767 2594 1846 2659 de
1879 2615 2009 2669 ma-

229 2695 413 2767 teria,
470 2693 546 2754 de
599 2692 787 2767 ideis,
845 2693 922 2754 de
975 2697 1320 2763 animorum
1375 2705 1514 2756 ortu
1570 2695 1785 2756 divino
1839 2705 1902 2756 et
1942 2698 2010 2756 in

231 2813 490 2874 corpora
543 2797 854 2854 terrestria
895 2798 1186 2869 transitu,
1239 2796 1452 2856 multis
1495 2796 1715 2867 seculis
1757 2806 1900 2855 ante
1941 2798 2008 2857 in

230 2895 538 2970 mysteriis
596 2897 874 2975 exposita
930 2915 1062 2956 esse
1105 2894 1396 2970 affirmat,
1438 2898 1721 2976 proxime
1764 2895 1845 2959 ad
1887 2896 2009 2961 Ae-

234 3119 253 3160 I
315 3060 415 3162 13³]
461 3063 652 3163 Sssngbol.
692 3065 862 3106 Aureae
905 3063 1084 3107 Mensae
1125 3064 1177 3107 L.
1219 3065 1301 3107 ΙΙΙ.
1343 3080 1385 3122 p.
1429 3064 1526 3108 105.
1566 3071 1612 3110 et
1648 3066 1694 3108 in
1722 3065 2004 3122 Hieroglyph.

251 3142 284 3161 A.
382 3152 392 3161 .
422 3136 464 3178 p.
583 3153 593 3162 .
625 3136 688 3178 sq.

353 3208 417 3263 [⁶]
450 3207 517 3249 De
558 3207 690 3251 divin.
730 3209 861 3265 legat.
903 3209 1039 3253 Musis
1078 3209 1130 3251 L.
1170 3211 1229 3252 ΙΙ.
1260 3210 1379 3255 Sect.
1408 3212 1485 3254 IV.
1515 3226 1557 3268 p.
1586 3210 1686 3253 210.
1715 3224 1827 3254 vers.
1859 3210 2003 3253 Germ.

234 3265 598 3310 Warburtoniano
640 3267 817 3311 obsonio
859 3267 1105 3312 mantissam
1145 3268 1266 3311 addit
1294 3269 1522 3313 Starckius
1550 3269 1594 3312 in
1623 3269 1735 3311 libro
1765 3268 2004 3313 anticatho—

235 3322 316 3365 lico
344 3323 746 3382 Hephaestion
777 3341 817 3384 p.
849 3325 918 3370 39.
949 3326 1104 3384 dogma
1133 3327 1186 3370 de
1214 3329 1526 3374 resurreetione
1548 3337 1594 3372 et
1609 3327 1773 3386 judicio
1797 3340 2002 3386 supremo.
