2158 3848
187 179 312 239 358
718 192 950 238 mana
993 191 1421 237 SECUNDUS.
1910 210 1933 226 2

187 322 391 381 nautis
435 331 772 399 aggregant.
858 322 958 381 De
1002 323 1110 382 illo
1155 319 1512 382 Crotoniata
1566 324 1770 382 nescio
1815 323 1965 402 quid

187 430 514 493 statuam„
540 422 659 485 nisi
704 421 863 481 forte
906 423 1053 494 hoc,
1108 431 1355 501 poetam
1401 420 1703 502 quendam
1751 420 1966 482 Croto-

187 522 462 580 niensem
529 522 886 597 significari,
953 520 1362 599 Orphicorum
1426 523 1764 602 carminum
1825 522 1967 582 sub-

178 621 504 698 jectorem3
550 619 912 680 Lambecius
940 619 1405 681 Onomacritum
1450 606 1655 705 ipsum
1695 622 1808 683 sub
1851 624 1968 681 hoc

186 705 540 779 delitescere
569 720 913 799 suspicatur
931 761 946 790 ‚
993 716 1224 798 duplici
1251 721 1511 780 fortasse
1538 724 1741 802 patria
1766 741 1968 794 usum,

186 837 309 877 una
352 818 501 890 soli,
556 819 753 877 altera
788 819 966 896 juris.
1055 819 1154 880 Ad
1200 819 1457 878 eandem
1499 823 1814 881 rationem.
1848 821 1969 880 dici

186 919 447 998 poterit,
493 935 630 990 eoS,
676 920 780 997 qui
826 918 1140 999 Orpheum
1188 917 1657 979 Camarinaeum
1701 923 1968 981 inserue-

112 1007 114 1010 ’
186 1023 331 1077 runt
346 1015 456 1097 [¹³]‚
514 1016 962 1095 Pythagoreum
1021 1019 1329 1100 quendam
1386 1019 1713 1080 denotasse
1767 1019 1972 1100 patria

189 1117 496 1190 Siculum,
552 1117 717 1176 unde
762 1118 1072 1180 Timocles
1119 1119 1416 1180 oriundus
1460 1121 1611 1197 fuit3
1670 1131 1831 1180 certe
1876 1121 1972 1181 Si-

188 1217 328 1277 cilia
341 1215 417 1297 [¹]
482 1216 1004 1296 Pythagoreorum
1073 1222 1453 1280 commerciis
1508 1220 1745 1296 floruit,
1819 1239 1973 1300 quos

184 1335 310 1376 non
350 1317 584 1375 alienos
623 1318 822 1377 fuisse-
850 1320 928 1381 ab
970 1320 1289 1398 ejusmodi
1308 1319 1628 1380 fraudibus
1654 1320 1832 1380 et-ab
1856 1323 1973 1382 hoc

189 1415 495 1480 scribendi
539 1436 787 1494 genere,
853 1420 1137 1499 exemplo
1182 1429 1327 1479 sunt
1368 1422 1639 1499 primum
1685 1417 1973 1501 CercopS,

189 1517 521 1577 Brontinus
577 1527 639 1576 et
681 1518 1062 1597 Pythagoras
1114 1521 1280 1599 ipse3
1338 1530 1475 1579 tum
1531 1520 1626 1579 illi
1667 1520 1975 1600 Pythago-

190 1618 312 1689 rei,
378 1635 416 1675 a
455 1617 678 1695 quibus
722 1615 864 1682 Lini
923 1639 1167 1679 carmen
1208 1621 1606 1699 suppositum
1664 1620 1976 1680 ferebatur

188 1735 250 1776 v.
295 1714 618 1779 Jamblich.
663 1716 734 1776 V.
781 1719 942 1796 Pyth
1005 1740 1052 1780 c.
1090 1720 1228 1779 139.
1270 1728 1587 1802 postremo
1632 1719 1975 1801 HippasuS‚

192 1818 298 1896 qui
352 1816 738 1895 Pythagorae
792 1820 915 1899 ipsi
971 1819 1052 1879 ad
1107 1819 1412 1881 invidiam
1478 1821 1535 1880 ei
1593 1820 1975 1882 conflandam
2047 1866 2049 1868 >

312 1984 378 2041 [Β]
410 1983 631 2042 Deceptus
673 1987 728 2030 ab
767 1989 996 2042 Hal-lesio,
1038 1989 1110 2046 qui
1155 1989 1198 2031 in
1240 1989 1374 2032 Fabr.
1416 1989 1530 2032 Bibl.
1570 2005 1611 2047 p.
1655 1989 1752 2033 163.
1791 1990 1976 2034 lectores

197 2058 296 2086 suos
338 2043 395 2087 ad
437 2044 699 2101 Mongitoris
740 2047 856 2091 Bibi.
900 2049 988 2090 Sic.
1020 2048 1222 2103 ablegat,
1266 2048 1463 2105 quaesivi
1493 2063 1548 2090 ex
1579 2049 1743 2102 amico,
1775 2049 1845 2091 cui
1875 2050 1976 2092 libri

195 2102 321 2158 copia
362 2108 484 2154 erat,
529 2105 632 2159 quid
675 2105 751 2147 ille
793 2106 1038 2158 docuisset3
1075 2107 1114 2149 is
1154 2107 1376 2164 respondit
1405 2106 1571 2152 Suidan
1598 2107 1662 2150 ibi
1692 2113 1738 2150 et
1766 2108 1976 2151 Lascarin

194 2160 321 2202 citari
337 2192 352 2215 ,
400 2161 457 2203 ad
498 2163 582 2206 hoc
621 2160 842 2213 Facellum
886 2165 1079 2220 aliosque
1122 2179 1263 2208 rerum
1304 2165 1548 2208 Sicularum
1600 2166 1856 2222 scriptores,
1902 2167 1977 2223 qui

194 2232 338 2261 omnes
379 2219 433 2262 de
472 2220 555 2263 hoc
584 2221 760 2277 Orpheo
792 2223 1076 2270 Camarinaeo
1104 2226 1320 2268 τοσοῦτον
1349 2227 1500 2267 ἴσασιν
1530 2222 1640 2268 ὅσον
1669 2226 1714 2267 οἱ
1743 2224 1880 2269 οὐδὲν
1910 2228 1976 2267 εἴ-

196 2277 335 2326 δοτες.
398 2278 568 2322 Ceteris
609 2280 803 2323 nasutior
840 2281 1066 2324 Placidius
1106 2282 1270 2325 Carasa
1298 2282 1342 2323 in
1375 2283 1559 2338 Motuga
1586 2282 1806 2327 illustrata
1834 2299 1876 2340 p.
1910 2285 1976 2326 14.

194 2335 245 2376 F.
278 2336 412 2378 Thes.
453 2338 543 2381 Sic.
576 2339 633 2382 T.
664 2339 765 2382 ΧΠ.
801 2340 898 2383 hic
929 2341 1223 2399 Orpheus,
1253 2341 1415 2397 inquit,
1457 2341 1801 2384 Camarinae
1831 2356 1977 2398 mag-

195 2407 312 2436 num
343 2395 502 2438 dedit
531 2411 738 2440 nomen.

316 2462 380 2519 [J]
417 2465 556 2516 Quam
586 2469 828 2522 pervagata
856 2467 1015 2509 fuerint
1042 2467 1087 2509 in
1115 2467 1198 2524 hac
1220 2468 1398 2525 regione
1420 2469 1587 2525 Orphei
1608 2468 1813 2525 dogmata
1834 2473 1971 2512 osten-

204 2521 270 2563 dit
309 2535 458 2565 numus
500 2524 800 2578 Syracusanus
830 2524 1071 2569 delineatus
1101 2526 1449 2581 ablnghiramio
1478 2528 1523 2569 in
1554 2527 1739 2570 Monum.
1769 2527 1979 2571 Etruschi

198 2579 292 2621 Ser.
334 2581 412 2622 Vl.
453 2581 510 2626 Τ.
541 2582 623 2623 Hz.
655 2583 732 2624 ubi
761 2583 976 2636 cernitur,
1018 2583 1062 2626 il
1090 2585 1234 2626 bove
1261 2585 1317 2626 in
1348 2589 1476 2627 atto
1507 2586 1856 2643 dirumpere
1886 2586 1978 2628 col

198 2652 294 2680 suo
322 2638 533 2695 impeto
563 2639 601 2682 il
631 2642 843 2683 famoso
874 2655 1016 2684 uovo
1048 2642 1449 2696 cosmogonico
1491 2643 1645 2698 degli
1676 2644 1875 2686 Orfici.
1917 2643 1975 2685 T.

199 2697 275 2739 VI.
306 2711 349 2754 p.
385 2696 453 2739 18.
484 2698 542 2741 cf.
573 2698 630 2741 T.
662 2699 722 2741 ΙΙ.
753 2698 851 2742 599.
909 2698 1010 2742 Hoc
1040 2714 1168 2742 unum
1199 2714 1251 2742 ex
1280 2699 1355 2742 illo
1387 2701 1696 2756 pretiosissimo
1726 2702 1837 2744 libro
1867 2702 1976 2744 deli-

198 2756 305 2797 bare
345 2755 530 2812 placuit,
572 2771 816 2814 quanquam
857 2757 984 2815 plnra
1024 2758 1086 2800 ibi
1127 2763 1226 2800 sunt
1266 2757 1319 2799 de
1347 2757 1679 2813 Systemate
1719 2760 1975 2816 Orphico

198 2813 394 2856 similiter
432 2815 563 2863 dicta.
638 2816 838 2859 Ceterum
882 2817 964 2858 hoc
993 2830 1118 2858 ovum
1149 2816 1489 2871 cosmogonicum
1519 2817 1626 2873 (nisi
1653 2817 1743 2876 pila
1772 2819 1861 2874 est)
1893 2833 1977 2862 una

199 2886 291 2915 cum
334 2874 448 2918 bove
477 2873 673 2930 Orphica
707 2879 889 2932 apparet
929 2874 1056 2917 etiam
1085 2875 1129 2918 in
1160 2876 1415 2918 monimento
1445 2875 1701 2932 Japonensi,
1746 2878 1860 2932 quod
1884 2879 1974 2933 jam

198 2935 318 2973 ante‘
338 2931 483 2988 sesqui
521 2933 709 2976 seculum
751 2933 1000 2978 Lomeierus
1041 2933 1095 2975 de
1133 2934 1329 2976 Lustrat.
1371 2949 1407 2975 c.
1445 2934 1516 2985 21.
1558 2934 1658 2977 260.
1696 2937 1975 2992 ’spectandum

198 2991 447 3046 proposuit,
489 2995 558 3044 et,
612 2993 728 3048 quod
767 2992 823 3035 ad
860 3006 985 3035 ovum
1028 2992 1208 3046 attinet,
1249 2992 1337 3034 dici
1373 2996 1516 3048 potest
1554 2998 1603 3034 ut
1641 2994 1686 3036 in
1725 2995 1973 3050 proverbio,

199 3061 355 3090 ovum
386 3063 487 3091 ovo
518 3049 768 3093 similius
797 3065 900 3093 non
932 3064 1081 3103 esse,
1115 3051 1190 3094 sed
1221 3050 1431 3107 quomodo
1462 3052 1658 3103 Phanes‚
1700 3052 1773 3108 qui
1805 3054 1973 3095 omnino

199 3119 415 3162 nunquam
458 3111 611 3150 taurus
654 3110 896 3157 nominatur
934 3123 1072 3166 neque
1100 3110 1146 3152 in
1175 3124 1301 3152 ovum
1330 3109 1488 3167 irrupit
1517 3110 1592 3152 sed
1622 3125 1676 3153 ex
1707 3126 1788 3154 ovo
1813 3112 1972 3168 erupit,
2038 3138 2040 3141 v

199 3178 294 3207 cum
333 3165 420 3212 illis
458 3166 641 3222 petulcis
678 3169 833 3211 belluis
873 3168 1066 3225 componi
1108 3174 1153 3210 et
1195 3183 1278 3225 quo
1311 3169 1410 3223 jure
1446 3173 1643 3211 monetae
1673 3170 1975 3225 Syracusanae

199 3223 420 3280 praesides
450 3227 718 3270 sanctissima
746 3226 954 3283 mysteria
971 3229 1061 3283 'per
1081 3241 1229 3270 numos
1247 3227 1469 3285 publicare
1485 3228 1719 3283 potuerint,
1751 3228 1973 3271 commenti

200 3280 698 3387 gilicplirlaudatggibus
727 3286 1000 3330 divinandum
1030 3286 1238 3343 relinquo.
1270 3286 1340 3329 cf.
1364 3286 1560 3329 Visconti
1583 3288 1665 3330 Pio
1689 3286 1824 3333 Clem.
1847 3287 1971 3329 Tom.

267 3374 275 3384 .
330 3356 356 3384 n
387 3357 440 3385 ιο.
470 3357 512 3399 p.
603 3375 613 3386 .
1879 3369 1884 3371 f
