2158 3848
842 209 1300 290 oRPchpA.
1841 197 1962 258 565

172 344 548 414 scribunt-,un
609 344 757 405 sive
791 336 958 417 quod
1001 338 1306 396 memoria
1349 338 1573 397 fefellit
1618 342 1960 417 Proculum,

172 446 306 504 sive
367 441 757 518 Theogoniae
790 437 1125 517 ‘Orphicae
1186 435 1468 496 conditor
1534 438 1751 498 alienis
1814 461 1959 502 usus

172 552 264 610 est
304 561 418 621 pro
463 542 608 599 suis.
659 536 824 598 ,Nec
878 539 1044 603 satis*
1086 538 1415 618 explanate
1474 538 1832 618 Simplicius
1892 545 1958 601 in

168 642 313 701 Met.
357 643 433 700 II.
479 641 580 701 91.
616 639 693 705 Ι).
731 644 783 701 εἰ
826 638 897 702 δὲ
940 643 1153 720 μῦθος
1198 639 1290 702 ὢν
1349 638 1454 717 (de
1500 640 1803 699 columnis
1846 640 1958 700 At-

168 741 381 820 lantis)
423 739 606 806 θεῖόν
661 766 720 802 τι
777 744 843 802 εἶν
907 744 1110 822 ἑαυτῷ
1158 740 1538 824 ἀποκρύπτει
1561 741 1955 824 ἳκαὶλσοφὸν,

166 825 441 926 λεγέσθω
486 843 580 905 ὅτι
627 843 660 904 ὃ
705 840 823 922 μὲν
872 843 1086 911 Ἄτλας
1143 841 1228 911 εἷς
1272 845 1399 903 ἐστι
1443 842 1569 903 καῖ’
1593 842 1782 911 αὐτὸς
1825 849 1955 904 τῶν

165 943 305 1026 περὶ
348 941 662 1006 Διόνυσον
727 941 1097 1023 Ταρταρίων
1152 943 1528 1023 εἰρημένων,
1598 947 1656 1005 οἳ
1713 943 1820 1005 διὰ
1882 945 1952 1006 τὸ

162 1043 248 1123 μὴ
290 1044 529 1113 τελείως
571 1043 884 1124 προςέχειν
928 1042 1132 1122 αὐτῷ,
1177 1043 1458 1103 τουτέστι
1500 1043 1587 1123 μὴ
1631 1045 1791 1105 κατὰ
1835 1042 1953 1123 μό-

162 1168 280 1222 νην
339 1144 455 1222 τὴν
509 1140 879 1225 ταρτάρειον
935 1139 1261 1223 σύγκρισιν
1320 1146 1591 1226 ἐνεργεῖν
1647 1143 1788 1226 περὶ
1839 1144 1953 1222 τὴν

161 1243 583 1321 Διονυσιακὴν
647 1242 993 1325 ἐνέργειαν,
1082 1241 1209 1302 ἀλλ’
1277 1242 1603 1306 ἐπικλίνειν
1666 1245 1951 1314 ὅπωςοῦν

158 1343 265 1405 καὶ
307 1343 462 1424 πρὸς
503 1341 619 1422 τὴν
662 1341 829 1405 ὃίιον
871 1340 1177 1420 συνοχὴν,
1239 1346 1371 1405 κατ’
1424 1346 1625 1427 ’ἄμφω
1682 1345 1795 1414 τὰς
1852 1350 1951 1408 ἐν-

156 1442 394 1528 εργείας
455 1447 791 1528 ἐνεργοῦσι.
883 1440 1009 1500 Sed
1063 1444 1258 1520 magis
1312 1462 1426 1503 nos
1475 1445 1662 1522 juvat
1706 1445 1951 1504 Proculi

156 1544 581 1611 testimonium
609 1543 702 1601 ‘in
745 1541 925 1601 Polit.
981 1562 1042 1622 p.
1089 1542 1232 1602 375.
1288 1543 1396 1603 ubi
1438 1543 1697 1613 Homeri
1756 1547 1950 1607 versi-

157 1643 274 1703 bus
318 1644 462 1707 ‘'Oce
506 1645 557 1706 τ’
605 1643 773 1725 ἀμφὶ
823 1644 1088 1725 Τυφωέα
1132 1650 1323 1728 γαῖαν
1367 1643 1602 1726 ἱμάσσῃ
1646 1652 1738 1710 εἶν
1790 1639 1979 1729 'Apa'

156 1771 299 1827 μοις
342 1754 453 1803 ete.
498 1744 825 1822 significari
870 1744 959 1801 ait
1012 1743 1126 1806 τὸν
1168 1745 1323 1827 πρὸς
1368 1745 1490 1807 Δία
1532 1745 1804 1827 πόλεμον
1846 1748 1951 1809 καὶ

156 1846 270 1916 τὰς
309 1845 696 1925 καλουμένας
738 1843 908 1925 παρὰ
953 1849 1082 1912 τοῖς
1119 1846 1436 1927 Ὀρφικοῖς
1460 1843 1947 1929 καταταρταρώ-

158 1964 309 2014 σεις·
358 1962 712 2023 quanquam
755 1942 821 2001 id
868 1941 946 2001 de
989 1945 1198 2024 prima
1244 1945 1538 2005 Titanum
1586 1947 1950 2027 expulsione

152 2046 414 2123 intelligi
467 2053 693 2125 potest.
783 2043 910 2103 Sed
963 2063 1231 2124 poenam
1290 2056 1548 2126 propter
1609 2047 1949 2107 admissum

152 2149 222 2206 in
266 2146 497 2223 Zagreo
535 2146 778 2204 ‘facinus
824 2144 1150 2205 Titanibus
1204 2146 1499 2206 inflictam
1544 2149 1842 2226 significat
1870 2150 1949 2206 in

158 2244 319 2305 Tim.
361 2246 409 2304 I.
453 2264 514 2324 p.
561 2243 661 2303 58.
723 2244 1195 2326 ἀναμνήσαντες
1250 2248 1414 2328 ἡμᾶς
1469 2256 1599 2311 τῶν
1643 2250 1814 2332 παρὰ
1858 2256 1948 2330 τῷ

150 2349 372 2428 Ὀρφεῖ
412 2346 761 2429 λεγομένων
804 2346 960 2428 πρὸς
1002 2355 1093 2428 τῷ
1137 2349 1355 2430 πέρατι
1396 2357 1504 2428 τῆς
1537 2349 1948 2435 δημιουργίας

154 2442 787 2527 καταταρταρώσεων.
897 2443 1176 2527 Corpora
1241 2457 1451 2507 autem
1515 2467 1948 2529 percussorum

156 2546 409 2607 coelesti
449 2546 590 2622 igne
635 2544 956 2606 combusta
1012 2557 1075 2606 et
1118 2548 1200 2607 ad
1244 2550 1474 2609 cineres
1517 2549 1772 2610 redacta
1815 2569 1948 2608 esse

158 2646 341 2706 docet
382 2645 744 2705 Eustathius
788 2666 849 2727 p.
895 2647 1039 2707 332.
1103 2650 1363 2721 Τίτανος
1407 2650 1661 2737 (γύψος)
1718 2650 1945 2730 ἐκλήθη

158 2749 280 2810 ἀπὸ
322 2755 454 2810 τῶν
504 2744 819 2820 Τιτάνων,
889 2749 998 2818 οὓς
1054 2750 1086 2812 ὃ
1135 2751 1295 2822 Ζεὺς
1350 2758 1672 2834 κεραυνοῖς
1727 2752 1945 2835 βαλιὰν

158 2850 521 2934 κατέφρυγε.
621 2847 708 2906 Et
762 2867 838 2907 ex
889 2848 1008 2908 hoc
1051 2847 1302 2908 Titanio
1361 2853 1561 2910 cinere
1603 2870 1793 2929 genus
1836 2852 1951 2911 hu-

158 2967 408 3008 manum
465 2955 670 3007 ortum
725 2948 1086 3028 praedicant
1140 2949 1552 3031 Orphicorum
1607 2954 1946 3012 carminum

164 3050 420 3110 lectores
452 3049 717 3128 antiqui.
802 3048 1073 3111 Ficiuus·
1097 3052 1165 3110 in
1207 3052 1275 3110 L.
1299 3051 1408 3112 IX.
1454 3052 1611 3111 Enn.
1647 3053 1692 3112 I.
1737 3074 1796 3134 p.
1842 3054 1943 3113 83.

160 3169 247 3228 sq.
322 3149 590 3224 Fingit
668 3158 1085 3228 praeterea
1158 3151 1514 3232 Orpheus
1582 3153 1942 3227 TitanaS‚

162 3251 340 3329 quia
400 3248 840 3326 Dionysum
905 3250 1501 3327 devoraverint,
1577 3254 1942 3315 fulmina-

162 3359 282 3409 tos
340 3368 379 3407 a
434 3345 626 3410 Jove
671 3388 753 3399 --
813 3359 1039 3433 atque
1081 3354 1427 3415 homines
1484 3374 1569 3416 ex
1624 3356 1939 3432 illorum

1835 3463 1842 3505 n
